2300 3906
8 1767 17 2099 k

14 2131 23 2407 i

22 2559 27 2611 Ι

26 2817 34 3039 ’ἱ

602 207 666 245 1N
710 207 747 245 1..
787 204 960 244 coNS.
998 203 1271 242 S'rlmcn.
1312 202 1436 241 LlB.
1477 203 1520 242 Γ.
1843 194 1954 248 δω

138 326 324 395 Major
345 325 401 376 in
426 322 675 375 adversis
693 322 907 374 micuit.
981 321 1154 375 Velut
1177 322 1375 374 arbiter
1395 319 1529 382 ahai,

138 408 382 461 Nubilus
409 407 606 472 AEgaeo
633 420 796 471 quam
823 406 1033 458 turbine
1055 411 1228 458 vexat
1257 404 1450 468 Orion,

138 492 357 559 Exiguo
381 489 527 542 olavi
552 487 706 538 flexu
734 487 970 540 declinat
992 503 1262 556 aquarum

138 574 401 634 Verbera,
426 587 570 622 nunc
594 575 760 634 recta,
784 587 930 623 nunc
955 572 1270 640 obliquante
1293 569 1486 622 carina

141 657 411 718 Callidus,
434 659 490 706 et
514 654 697 722 pelagi
721 655 960 722 coelique
987 654 1249 706 obnititur
1272 654 1391 706 irae.
1857 651 1964 705 290

141 738 294 804 Quid
318 739 554 805 primurn
578 738 760 799 mirer,
787 736 1092 788 Stilichon'l
1169 734 1336 799 Quod
1363 741 1560 788 cautus
1588 735 1661 788 ad
1682 751 1867 788 omnes

142 821 436 875 Restiteris
460 820 712 886 fraudes3
750 823 811 871 ut
837 823 889 870 te
914 835 1018 871 nec
1042 820 1212 872 noxia
1234 819 1377 872 furto

143 906 352 968 Litera‚
376 921 475 957 nec
503 906 681 972 pretio
706 919 905 956 manus
929 905 1269 957 inflammata
1290 906 1562 959 laterent?

146 989 316 1054 Quod
337 989 473 1041 nihil
497 989 555 1039 in
574 993 732 1040 tanto
756 1004 936 1039 rerum
961 993 1159 1040 terrore
1182 989 1406 1041 locutus

142 1073 435 1141 Indignum
461 1072 620 1124 Latio
642 1073 665 1122 ‘l
731 1071 1030 1142 Responsa
1055 1073 1204 1139 quod
1233 1074 1406 1126 ardua
1429 1090 1645 1142 semper
1858 1072 1969 1126 296

144 1225 297 1264 modum
314 1229 442 1273 rector
456 1223 580 1273 navis,
597 1236 710 1274 quom
734 1223 857 1263 Orion
875 1236 1038 1274 aquosus
1052 1225 1215 1274 infestat
1233 1226 1359 1265 ventis
1377 1226 1418 1265 in
1439 1229 1579 1276 AEgoeo
1597 1226 1714 1276 mari,
1728 1238 1848 1277 parvo
1856 1224 1973 1277 flexu

141 1277 395 1328 gubernaculi
437 1277 580 1316 avertit
607 1278 773 1327 impetus
792 1277 1004 1329 fluctuum,
1035 1279 1189 1330 peritus
1214 1291 1310 1318 nave
1338 1282 1446 1319 modo
1479 1283 1600 1328 recta,
1619 1281 1729 1318 modo
1754 1279 1918 1329 obliqua,
1933 1281 1973 1317 et

145 1330 292 1371 resistit
304 1330 437 1379 furori
454 1331 575 1369 maris
590 1334 626 1369 et
650 1331 763 1369 Coeli.
821 1330 860 1370 Ο
883 1330 1064 1381 Stilicho,
1091 1332 1185 1382 quid
1199 1332 1314 1383 prius
1332 1331 1626 1384 obstupescam?
1680 1331 1749 1371 An
1768 1333 1868 1382 quod
1885 1342 1975 1382 pro·

147 1384 257 1423 vidus
274 1384 474 1423 obstiteris
485 1384 659 1422 omnibus
671 1383 842 1431 insidiis,
863 1389 906 1422 ut
925 1390 962 1424 et
983 1397 1226 1434 cognosceres
1244 1386 1424 1437 epistolas
1437 1385 1760 1434 obnoxiassurto,
1779 1389 1817 1424 et
1838 1396 1974 1423 manus

144 1439 307 1489 pecunia
327 1435 559 1489 corruptas?
590 1436 657 1476 An
674 1439 773 1488 quod
793 1437 833 1476 in
849 1441 958 1476 tanto
979 1439 1149 1478 tumultu
1167 1451 1298 1478 rerum
1315 1440 1412 1478 nihil
1426 1439 1577 1479 dixeris
1606 1439 1810 1489 indignum
1827 1437 1976 1488 maies-

148 1496 240 1531 tate
271 1490 477 1539 Romana?
506 1490 574 1530 An
596 1493 697 1542 quod
730 1491 974 1530 inconcussus
1001 1492 1220 1532 reddideris
1250 1494 1513 1545 responsiones
1530 1505 1680 1544 semper
1710 1491 1977 1542 magnanimas

925 1598 1195 1613 OOOO‘OeO‘OO

152 1663 299 1704 Ambr.
317 1675 402 1717 sec.
447 1664 581 1704 timuit
600 1664 700 1704 Vat.
719 1665 853 1717 quint.
895 1665 973 1703 alvi
994 1664 1225 1705 Pan—287
1256 1666 1430 1705 Nubilus
1443 1667 1602 1706 Thuan.
1624 1667 1788 1705 Bonon.
1808 1665 1976 1704 Tholos.

152 1719 317 1757 Mazar.
349 1718 451 1757 Vat.
487 1717 625 1756 Livin.
662 1719 743 1756 inc.
774 1718 923 1756 Heius.
960 1724 1047 1756 tres
1080 1718 1198 1758 Med.
1234 1720 1411 1758 totidem
1451 1720 1605 1759 Petav.
1639 1726 1682 1757 et
1704 1718 1853 1758 Ambr.
1874 1718 1980 1757 Exc.

152 1771 332 1810 Lucens.
353 1783 416 1821 pr.
432 1771 534 1809 Var.
555 1771 639 1810 LL.
660 1783 683 1808 e
709 1783 844 1822 marg.
867 1772 1008 1809 Pan-m.
1058 1771 1237 1810 Nubibus
1276 1773 1383 1822 Reg.
1419 1772 1519 1811 vat.
1549 1777 1647 1811 tert.
1684 1771 1780 1811 Ald.
1822 1770 1982 1810 Nubilis

156 1823 273 1863 Med.
292 1836 355 1874 pr.
407 1823 564 1862 Nobilis
591 1824 691 1862 Put.
726 1824 826 1862 Pat.
872 1836 983 1874 quem
1018 1824 1139 1862 Rott.
1181 1825 1274 1864 Pal.
1307 1826 1391 1864 duo
1427 1826 1546 1864 Med,
1595 1838 1709 1876 quam
1728 1826 1834 1864 Exc.
1850 1823 1981 1862 Laeti.

153 1880 283 1916 versut
315 1876 399 1914 duo
427 1876 550 1915 Vatt.
592 1876 713 1915 Rott.
748 1875 866 1915 Med.
887 1888 971 1914 sec.
996 1875 1102 1914 Exc.
1133 1878 1257 1917 Laeti.
1304 1882 1431 1917 vessat
1451 1878 1597 1916 Ambr.
1618 1883 1716 1916 tert.
1760 1881 1878 1916 vexat
1898 1874 1982 1915 duo

155 1930 278 1970 Vatt.
299 1930 425 1968 Farn.
442 1929 634 1967 Florent.
657 1935 742 1968 tres
761 1929 879 1968 Med.
899 1930 1063 1967 Thuan.
1095 1930 1253 1968 Mazar.
1274 1931 1431 1969 Moret.
1454 1942 1520 1980 pr.
1536 1932 1636 1969 Vat.
1658 1930 1795 1969 Livin.
1815 1929 1918 1969 Jun.
1937 1933 1984 1968 et

157 1982 280 2022 Leid.
303 1994 368 2034 pr.
388 1982 470 2021 duo
489 1982 633 2021 Oxou.
653 1982 757 2021 Exc.
775 1983 955 2021 Lucens.
979 1993 1064 2021 sec.
1109 1987 1225 2021 vexat
1245 1984 1313 2021 vel
1332 1988 1462 2022 versat
1480 1984 1580 2022 Vat.
1604 1985 1805 2033 pr.—-288
1833 1981 1984 2020 devitat

154 2035 322 2076 Tbuan.
350 2048 425 2075 non
443 2042 550 2074 recta
571 2036 697 2074 Farn.
725 2048 794 2074 nec
817 2035 934 2073 Med.
955 2040 1056 2073 tert.
1093 2038 1194 2073 tecta
1215 2036 1334 2075 Rott.
1350 2037 1513 2075 Bonon.
1533 2048 1608 2074 non
1626 2035 1842 2086 obliquante
1856 2035 1985 2074 Farn.

158 2093 292 2129 —290
321 2089 406 2128 coeli
437 2088 636 2139 pelagique
657 2089 752 2140 Pal.
774 2088 894 2126 Med.
929 2100 990 2137 pr.
1012 2088 1116 2138 Reg.
1140 2088 1299 2128 'Philam
1339 2089 1528 2128 innititur
1546 2089 1647 2129 Jun.
1678 2100 1743 2138 pr.
1765 2088 1868 2126 Lov.
1886 2087 1988 2127 Vat.
2024 2090 2032 2099 ‘

160 2155 243 2182 sec.
265 2142 384 2182 Med.
406 2148 544 2194 quart.
564 2142 666 2181 Put.
689 2143 786 2180 Pat.
803 2140 953 2180 Ambr.
973 2146 1074 2180 tert.
1119 2140 1337 2181 inmittitur
1369 2142 1510 2181 Oxon.
1547 2154 1631 2180 sec.
1670 2140 1862 2180 obnititur
1886 2140 1989 2179 Vat-

159 2207 227 2247 pr.
247 2202 293 2236 et
313 2200 414 2235 tert.
435 2195 532 2235 Pal.
552 2195 671 2235 Prie.
692 2194 829 2235 Oisel.
868 2194 1058 2233 obnititur
1077 2195 1144 2233 vel
1165 2195 1352 2234 innititur
1370 2196 1477 2247 Reg.
1516 2195 1587 2234 irae
1607 2195 1690 2233 duo
1704 2194 1862 2234 Moret.
1883 2193 1988 2233 Low

161 2247 396 2289 Ald.—291
424 2251 546 2288 miror
577 2249 674 2289 Pat.
720 2247 886 2287 Stilicho
914 2247 1035 2286 mirer
1069 2248 1192 2287 Leid.
1221 2261 1285 2300 pr.
1304 2250 1404 2290 Jun.
1438 2261 1501 2300 pr.
1521 2250 1628 2299 Reg.
1648 2248 1809 2287 Mazar.
1827 2247 1991 2286 Thuan.

163 2302 323 2342 Moret.
345 2314 408 2354 pr.
427 2302 509 2341 duo
528 2302 670 2342 Oxou.
712 2302 778 2353 qui
801 2300 918 2340 Med.
939 2313 1025 2340 sec.
1042 2300 1203 2341 Thuan.
1249 2315 1366 2352 quam
1387 2303 1454 2340 vel
1473 2304 1573 2353 quod
1593 2303 1701 2352 Reg.
1743 2301 1842 2351 quod
1859 2299 1925 2339 vel
1945 2301 1990 2338 ut

162 2355 268 2395 Exc.
288 2356 411 2396 Laeti.
452 2359 587 2406 captus
603 2355 703 2396 Jun.
724 2357 922 2406 pr.—292
954 2353 1171 2393 Restiterat
1194 2355 1318 2394 Farn.
1363 2355 1576 2393 Restiterit
1609 2353 1730 2393 Med.
1763 2357 1865 2392 tert.
1913 2352 1992 2391 Re-

163 2409 315 2449 stiteris
331 2411 397 2448 vel
419 2409 637 2448 Restiteras
656 2409 762 2458 Reg.
810 2407 874 2457 qui
893 2406 1012 2445 Med.
1030 2417 1116 2445 sec.
1136 2408 1297 2446 Thuan.
1338 2420 1406 2446 nec
1420 2411 1459 2446 te
1476 2407 1596 2446 Med.
1618 2407 1818 2451 tert.,inc.
1840 2404 1990 2446 Heinn.

164 2463 266 2500 Var.
287 2463 371 2501 LL.
388 2475 410 2500 e
427 2474 559 2509 marg.
574 2461 720 2500 Parm.
766 2464 811 2499 ut
830 2472 900 2498 nec
918 2463 957 2497 te
976 2458 1124 2498 Ambr.
1141 2471 1234 2498 sec.⁴
1272 2464 1316 2499 ut
1354 2465 1394 2498 te
1420 2472 1488 2498 nec
1522 2460 1685 2498 Bonon.
1706 2458 1804 2496 Pat.
1820 2456 1992 2496 Tholas.

169 2515 251 2552 duo
273 2514 556 2552 Ambr.—293
585 2514 750 2552 laterent
772 2512 838 2551 ed.
854 2512 992 2550 Vivet.
1012 2512 1154 2549 lateret
1170 2523 1315 2550 omnes
1336 2512 1371 2546 V
1377 2517 1456 2550 att.
1477 2512 1573 2550 Pal.
1591 2512 1719 2551 Farn.
1740 2510 1856 2549 Prie.
1873 2510 1995 2550 Rott.

169 2566 304 2605 Oisel.
333 2567 438 2605 Exc.
470 2566 732 2604 Laut—294
768 2564 847 2608 Qui
877 2564 996 2603 Med.
1017 2569 1156 2614 quart.
1174 2564 1341 2603 Tholas.
1370 2565 1427 2603 nil
1457 2564 1541 2603 duo
1571 2565 1690 2603 vatt.
1726 2564 1832 2602 Exc.
1866 2561 1992 2602 Laeti.

168 2619 266 2658 nihil
286 2619 407 2658 Leid.
428 2630 492 2668 pr.
512 2631 609 2657 cum
625 2616 864 2656 octodecim
886 2616 979 2654 aliis
999 2622 1044 2654 et
1058 2616 1161 2655 Var.
1184 2618 1267 2656 LL.
1289 2629 1312 2655 e
1333 2629 1464 2667 marg.
1485 2618 1630 2657 Parm.
1645 2617 1688 2655 in
1704 2616 1826 2655 tacito
1841 2613 1994 2655 Ambr-

202 2683 235 2712 r.
264 2684 393 2711 rerum
411 2676 559 2711 terrore
574 2669 722 2710 Ambr.
743 2673 843 2708 tert.
865 2670 968 2708 Exc.
985 2668 1110 2708 Laeti.
1137 2669 1299 2719 dignum
1318 2670 1483 2710 Tholos.
1510 2670 1656 2710 circum
1676 2668 1794 2709 Leid.
1814 2680 1880 2720 pr.
1909 2667 1996 2708 duo

169 2684 290 2765 g'att.
312 2725 431 2766 Prie.
451 2724 584 2764 Oisel.
614 2724 805 2763 Florent.
825 2734 880 2761 m.
903 2733 966 2774 pr.
988 2722 1106 2761 Med.
1126 2727 1226 2762 tert.
1251 2723 1335 2763 inc.
1357 2723 1508 2763 Heins.
1530 2725 1695 2763 Bonon.
1715 2722 1813 2763 Pat.
1846 2721 1998 2762 Petav.

993 2840 1177 2881 NOTAE

173 2961 298 3002 modo
316 2962 412 3012 hoc,
429 2961 554 3000 modo
573 2956 969 3011 illud,alternatim.
1117 2960 1187 2987 mo
1208 2948 1402 3000 Rufinum,
1431 2954 1528 3000 post
1555 2947 1799 2999 Eutropius,
1833 2945 1904 2998 qui
1924 2955 2000 2996 pe-

226 3028 306 3064 28⁷
336 3027 474 3075 AEgaeo
505 3024 679 3075 turbine]
708 3022 926 3070 violento,
953 3031 1053 3072 qua.
1120 3012 1245 3051 cunia
1263 3013 1454 3063 corrupti
1474 3018 1517 3051 et
1533 3010 1799 3058 inflammati,
1821 3006 2000 3048 Arcadii

174 3090 228 3130 lis
247 3094 313 3129 est
349 3089 391 3128 in
423 3090 570 3140 AEgaeo
590 3088 714 3137 mari,
744 3085 855 3139 quod
876 3091 1053 3136 propter
1119 3075 1288 3115 nomine
1308 3075 1512 3126 epistolas
1531 3074 1670 3114 noxias
1673 3073 1804 3123 furto,
1822 3083 1897 3112 seu
1916 3069 2003 3109 fur-

177 3151 349 3192 crebras
383 3152 541 3191 insulas
573 3151 794 3201 variasque
835 3146 1053 3199 angustias
1122 3138 1246 3188 Uvas,
1279 3143 1325 3178 et
1358 3137 1654 3189 subreptitia8‚
1688 3141 1819 3187 atque
1857 3133 2003 3173 edicta

178 3215 310 3263 magis
330 3216 534 3266 agitatur.
843 3239 845 3241 .
1123 3203 1454 3259 componebant,
1474 3207 1518 3242 et
1539 3201 1663 3241 modo
1684 3197 1900 3252 jubebant
1927 3194 2001 3234 mi-

236 3272 379 3328 orion]
418 3277 542 3317 Sidus
562 3276 675 3329 quod
691 3278 969 3327 tempestates
983 3283 1057 3311 ex·
1122 3267 1224 3307 lites
1263 3266 1512 3316 abscedere,
1556 3263 1682 3305 modo
1722 3260 2002 3304 Stilichonem

183 3337 314 3379 citatz
333 3339 387 3379 de
404 3340 484 3379 hoc
499 3339 616 3380 alibi.
1123 3342 1239 3371 arma
1258 3330 1487 3384 deponere.

238 3403 318 3440 292
346 3392 618 3452 Noxiafurto]
638 3402 774 3441 Erant
794 3410 951 3450 nempe
971 3396 1058 3450 pri-
