2300 3906
285 158 394 216 67ss
841 168 938 209 cn.
978 162 1331 207 anumAm
1372 159 1565 202 xxiv.

286 291 510 358 Legatis
535 289 719 358 poscit
743 288 998 354 Libyam,
1022 282 1328 335 famulosve
1353 287 1629 349 precatur,

291 375 466 429 Dictu
492 380 666 441 turpe,
695 388 857 424 suos:
897 368 997 421 sed
1020 367 1216 419 robore
1238 365 1385 417 freta
1410 364 1633 417 Gabino

288 457 372 512 Te
398 459 537 509 duce
566 457 818 509 Romana
840 452 1061 504 tandem
1084 467 1145 502 se
1171 448 1418 502 vindicat
1437 449 1544 500 ira.
1952 473 1954 475 >

290 542 430 610 Ipsa
447 541 613 609 jubet
629 539 822 606 signiS‚
848 535 1235 601 bellaturoque
1259 537 1482 598 togatus
1796 584 1798 587 ,
2044 527 2119 581 85

290 625 573 694 Imperat:
614 629 670 676 et
696 625 949 690 spectant
973 619 1174 687 aquilae
1201 616 1417 669 decreta
1443 616 1696 678 Senatus.

294 710 435 778 Ipsa
458 710 559 760 tibi
582 710 801 760 trabeas
821 707 959 758 ultro
985 704 1168 756 dedit:
1207 704 1335 771 ipsa
1360 702 1604 754 curulem
1686 756 1690 759 ,
1729 757 1733 760 .

295 792 510 844 Obtulit
533 791 719 853 ultori,
745 789 1026 856 fastosque
1050 804 1243 840 ornare
1269 785 1478 853 coegit.

295 875 398 929 Nil
425 875 608 943 perdit
634 874 853 925 decoris
874 873 1063 939 prisci,
1087 888 1190 922 nec
1212 872 1393 936 libera
1417 870 1621 937 quaerit

297 960 539 1021 Saecula,
567 974 691 1009 cum
717 956 887 1007 donet
910 954 1113 1017 fasceS,
1142 971 1266 1018 cum
1292 954 1488 1020 praelia
1509 950 1763 1017 mandet;
2050 947 2122 1002 90

297 1043 482 1110 Seque
506 1043 670 1094 etiam
698 1040 937 1092 crevisse
961 1039 1132 1092 videt.
1209 1038 1353 1103 Quis
1378 1037 1598 1090 Gallica
1621 1052 1771 1101 rura,

294 1186 407 1239 per-bi
439 1185 604 1236 Libyam
634 1188 821 1236 ereptam,
854 1188 893 1224 et
911 1196 985 1222 non
1005 1189 1092 1223 orat
1111 1197 1239 1223 servos
1256 1195 1346 1223 suos
1362 1197 1375 1230 ,⁰
1395 1195 1465 1221 res
1477 1182 1683 1221 inhonesta
1710 1182 1861 1221 relatu:
1887 1180 1956 1219 sed
1972 1178 2129 1224 munita

298 1241 446 1279 viribus
476 1238 645 1276 Gabinis
676 1239 830 1276 tandem
862 1237 1064 1276 ulciscitur
1095 1250 1189 1287 sese,
1219 1239 1280 1276 ira
1318 1238 1510 1285 Botriana,
1540 1239 1578 1274 te
1608 1236 1782 1274 ductare.
1841 1233 1933 1284 Ipsa
1961 1232 2130 1283 imperat

300 1293 469 1341 vexillis,
499 1296 537 1330 et
558 1290 835 1342 Magistratus
854 1291 1010 1339 togatus
1027 1292 1193 1340 imperat
1213 1289 1391 1328 ducibus
1420 1289 1676 1339 pugnaturis:
1702 1287 1857 1338 Aquilae
1875 1286 2131 1337 opperiuntur

302 1345 658 1386 Senatuscousulta.
718 1344 811 1394 Ipsa
829 1343 968 1382 obtulit
985 1343 1059 1383 tibi
1089 1348 1224 1395 sponte
1241 1347 1386 1383 vestem
1406 1342 1701 1390 Consularem,
1720 1341 1807 1390 ipsa
1825 1339 1964 1379 obtulit
1984 1339 2132 1378 Sellam

303 1400 530 1438 eburneam
551 1397 696 1436 vindici
716 1409 806 1445 suo,
837 1401 880 1435 et'
894 1401 1029 1447 sponte
1050 1397 1208 1447 impulit
1231 1403 1273 1436 te
1301 1398 1489 1435 honorare
1499 1394 1641 1443 fastos.
1697 1393 1815 1432 Nihil
1831 1392 1982 1432 amittit
1999 1392 2130 1442 digni·

302 1452 399 1491 tatis
417 1452 603 1501 antiquar,
635 1463 755 1501 neque
772 1451 966 1488 desiderat
985 1452 1166 1500 amplius
1186 1454 1358 1501 tempora
1387 1449 1593 1498 libertatis,
1622 1456 1707 1486 cum
1725 1448 1792 1485 det
1823 1447 2074 1485 Consulatum
2092 1448 2131 1484 et

302 1507 481 1545 decernat
500 1505 627 1554 bella3
645 1505 763 1543 immo
781 1503 921 1555 aspicit
939 1514 1020 1542 sese
1038 1515 1185 1554 quoque
1199 1503 1474 1555 amplificatam
1492 1513 1585 1540 esse.
1616 1499 1762 1550 Ecquis
1779 1499 2005 1539 recordatur
2017 1509 2136 1548 agros

1066 1604 1362 1625 OOOI‘O‘ONO‘

303 1678 432 1716 midus
452 1677 553 1718 Vat.
575 1676 711 1728 quint.
752 1675 931 1726 princeps
947 1676 1051 1714 Var.
1071 1675 1160 1715 LL.
1180 1673 1248 1714 ed.
1269 1673 1400 1713 Antv.
1451 1674 1633 1725 adeptam
1653 1672 1737 1713 duo
1756 1671 1880 1712 Vatt.
1902 1671 1996 1712 Pal.
2014 1670 2136 1714 Prie.

306 1730 425 1770 Leid.
447 1730 597 1769 PetaV.
621 1742 684 1780 pr.
697 1729 871 1768 'Bon0n.
889 1729 985 1768 Pai.
1007 1728 1147 1767 Oxou.
1169 1730 1344 1778 pia—82
1362 1727 1611 1778 famulosque
1630 1727 1733 1767 Vat.
1753 1727 1888 1779 quint.
1910 1725 1994 1764 duo
2014 1725 2135 1767 Med.

305 1786 411 1822 —83
440 1782 551 1831 fulta
571 1782 653 1821 duo
672 1783 795 1822 Vatt.
816 1783 982 1822 Thuan.
1003 1781 1157 1821 PetaV.
1188 1792 1254 1831 pr.
1285 1781 1451 1820 Bonon.
1483 1781 1650 1820 Tholos.
1687 1781 1770 1820 duo
1802 1778 1952 1819 Ambr.
1981 1779 2138 1823 Sched.

308 1837 420 1877 Gud.
439 1835 553 1884 freta
571 1837 639 1874 vel
649 1835 760 1884 fulta
781 1835 921 1875 Oxon.
942 1847 1025 1874 sec.
1056 1835 1182 1887 firma
1203 1834 1272 1873 vel
1282 1833 1396 1882 freta
1415 1833 1535 1873 Med.
1558 1836 1771 1875 terh—84
1800 1837 1839 1872 te
1869 1833 1953 1874 inc.
1981 1832 2134 1874 Heius.

307 1893 413 1929 —85
443 1890 674 1938 bellatorque
695 1890 817 1927 Farn.
849 1888 1095 1938 bellator-ique
1113 1887 1232 1927 Med.
1251 1892 1390 1939 quart.
1419 1886 1690 1938 bellaturisque
1707 1887 1866 1927 Moret.
1885 1897 1951 1938 pr.
1976 1889 2137 1936 rogatus

307 1942 455 1981 Ambr.
489 1948 587 1981 tert.
609 1943 800 1980 Floreat.
827 1940 1038 1980 Ala—86
1065 1944 1290 1991 exspectant
1310 1941 1395 1980 duo
1416 1940 1565 1980 Leidd.
1600 1946 1644 1980 et
1664 1942 1850 1980 maxima
1881 1950 1980 1991 pars
1999 1938 2137 1981 Codd.'

310 1995 415 2033 Exc.
433 1995 601 2034 Schott.
625 1995 807 2034 Gevart.
829 1994 925 2034 Ald.
944 1995 1048 2033 Var.
1070 1994 1153 2033 LL.
1174 2006 1197 2032 e
1214 2005 1348 2045 marg.
1366 1994 1513 2033 Parm.
1533 1994 1637 2033 item
1659 1995 1792 2035 Gesn.
1812 1997 1858 2033 et
1877 1991 1944 2032 ed.
1958 1992 2138 2044 Bip'ont,

309 2050 417 2086 -87
446 2048 522 2086 tibi
542 2048 649 2086 Exc.
676 2047 843 2086 Schott.
876 2048 916 2085 in
939 2046 1092 2097 quibus
1113 2046 1355 2086 Gronovius
1382 2047 1647 2098 ascripserat
1680 2049 1821 2088 locum
1842 2047 1870 2087 l.
1889 2057 1940 2086 11.
1959 2058 2022 2085 vs·
2043 2047 2142 2085 2⁷90

309 2100 409 2139 mihi
440 2099 587 2139 Ambr.
609 2112 672 2150 pr.
715 2099 791 2138 sibi
822 2101 1048 2138 Rom—88
1077 2099 1197 2138 ultori
1219 2098 1422 2150 fastosque
1439 2101 1538 2140 Vat.
1573 2113 1638 2151 pr.
1673 2106 1718 2140 et
1751 2105 1852 2140 tert.
1880 2099 1978 2139 Pal.
2011 2099 2140 2140 Farn.

312 2154 430 2193 Rott.
452 2153 583 2193 Oisel.
603 2154 793 2192 Florent.
822 2153 941 2192 Med.
962 2164 1026 2203 pr.
1058 2151 1199 2191 Oxou.
1217 2164 1284 2203 pr.
1327 2153 1448 2192 ultori
1458 2152 1591 2200 fasces
1616 2154 1735 2193 Pric.
1779 2152 1917 2202 ultori,
1935 2151 2140 2204 fascesque

311 2207 410 2245 vat.
445 2207 584 2246 Livin.
630 2207 712 2246 haec
743 2207 845 2245 ultro
866 2205 1000 2254 fasces
1019 2205 1102 2244 duo
1121 2205 1241 2245 Med.
1273 2205 1358 2245 inc;
1381 2206 1533 2245 Heius.
1554 2206 1718 2247 Bonon.
1737 2206 1837 2246 Pat.
1857 2206 2026 2246 Tholos.
2054 2206 2142 2245 duo
2208 2223 2210 2225 ·

312 2258 460 2299 Ambr.
481 2261 588 2299 Exc.
617 2259 799 2298 Lucens.
834 2270 920 2298 sec.
950 2259 1016 2298 ed.
1033 2259 1181 2298 vicet.
1224 2259 1305 2298 haec
1334 2260 1438 2298 ultro
1460 2258 1594 2308 fitstos
1612 2259 1734 2299 Med.
1755 2271 1841 2299 sec.
1874 2256 2011 2307 fasces
2023 2258 2143 2312 Prie,

313 2311 397 2350 duo
418 2312 569 2351 Leidd.
585 2317 629 2350 et
649 2311 856 2351 tredecim
879 2312 962 2359 alii,
984 2312 1084 2350 Var.
1104 2312 1190 2351 LL.
1211 2313 1278 2351 ed.
1299 2311 1429 2352 Antv.
1457 2312 1539 2351 haec
1557 2313 1662 2352 ultro
1671 2313 1804 2361 fastos
1822 2312 1889 2351 vel
1915 2311 2036 2351 ultori
2051 2311 2141 2358 sas·

313 2369 446 2414 tosque
465 2364 583 2404 Med.
605 2369 819 2403 tert—89
844 2364 978 2414 prodit
996 2365 1198 2404 Pal.--9o
1226 2366 1393 2404 Foedera
1411 2366 1479 2403 vel
1499 2364 1639 2405 Secula
1656 2366 1818 2405 Moret.
1840 2377 1903 2417 pr.
1932 2377 2047 2415 quum
2072 2364 2145 2404 vel

312 2418 373 2455 cui
393 2419 506 2456 donet
514 2418 552 2463 s.
572 2418 635 2455 cui
654 2418 757 2456 Exc.
795 2418 977 2457 Lucens.
997 2429 1080 2456 sec.
1122 2419 1241 2456 donat
1261 2418 1357 2456 Pal.
1378 2417 1498 2459 Med.
1532 2422 1705 2470 pr.-—91
1738 2419 1839 2457 Cum
1868 2430 1907 2456 se
1933 2418 2054 2456 etiam
2073 2417 2143 2459 ed.

230 2524 231 2527 Ἴ
313 2471 451 2510 Vicet.
483 2471 597 2509 Nunc
614 2471 732 2509 etiam
751 2470 853 2509 vat.
875 2481 963 2508 sec.
993 2470 1119 2509 Farn.
1139 2471 1259 2510 Med.
1280 2476 1423 2521 quart.
1455 2472 1538 2511 inc.
1558 2471 1712 2511 Heius.
1734 2472 1835 2510 Put.
1866 2471 2022 2511 Petav.
2056 2483 2142 2512 sec.

313 2523 415 2562 Pat.
439 2521 586 2562 Ambr.
608 2535 691 2562 sec.
704 2524 830 2562 Voss.
852 2522 934 2561 duo
957 2521 1110 2561 Leidd.
1128 2524 1232 2562 Var.
1251 2524 1337 2564 LL.
1354 2536 1378 2563 e
1397 2535 1532 2575 marg.
1554 2525 1698 2565 Parm.
1714 2530 1760 2564 et
1779 2524 1848 2563 ed.
1870 2523 2000 2564 Antv.
2031 2523 2148 2575 Saepe

315 2576 385 2615 vel
409 2577 523 2615 Nunc
541 2577 610 2616 vel
642 2576 736 2616 Sese
770 2577 875 2627 Reg.
897 2576 1036 2616 Oxon.
1056 2588 1121 2628 pr.
1162 2579 1293 2628 stupet
1312 2588 1390 2632 pro
1409 2577 1515 2617 videt
1533 2577 1655 2619 Med.
1684 2590 1770 2619 sec.
1797 2577 1895 2627 jura
1917 2577 2058 2618 Oxon.
2078 2589 2149 2631 pr.

1138 2697 1322 2740 NOTAE

316 2790 394 2830 bat
422 2803 447 2829 a
469 2790 625 2842 legatis
657 2791 867 2843 Orientis,
895 2805 972 2833 seu
1004 2792 1200 2845 Arcadii,
1264 2806 1358 2834 rum
1380 2794 1549 2835 Gabino
1567 2806 1685 2834 more
1707 2795 1941 2835 cinctornm
1966 2795 2150 2847 virtute,

318 2852 469 2904 quibus
497 2854 886 2904 tergiversantibus
905 2856 1086 2896 Stilicho
1105 2868 1199 2896 eam
1266 2858 1408 2908 prisca
1442 2858 1630 2910 quidem,
1671 2859 1755 2899 hoc
1792 2863 1872 2909 est,
1909 2858 2145 2910 priscorum

319 2915 446 2953 armis
464 2917 647 2968 recepit,
667 2917 853 2957 Gildone
874 2918 1031 2959 deleto.
1267 2935 1342 2962 seu
1386 2927 1582 2963 veterum
1618 2923 1904 2963 Romanorum
1943 2922 2148 2964 virtutem

373 2979 426 3015 82
457 2977 655 3028 Famulos]
702 2980 800 3018 Non
815 2981 907 3031 jam
931 2982 1066 3022 Roma
1085 2980 1200 3023 fame
1266 2984 1476 3024 imitante.

319 3050 470 3092 pressa
490 3046 691 3090 precatur
706 3044 886 3093 populos
902 3044 1050 3095 Libyae
1067 3043 1200 3084 famu·
1319 3050 1373 3087 84
1401 3048 1581 3087 Romana
1611 3048 1693 3098 ira]
1748 3049 1896 3100 Digna
1930 3048 2145 3089 Romanis.

319 3101 385 3141 los
404 3114 519 3152 suos,
551 3114 626 3142 seu
654 3115 678 3142 a
698 3115 742 3142 se
765 3106 866 3143 olim
887 3105 928 3144 in
948 3107 1202 3148 servitutem
1268 3108 1450 3150 Ovidius
1466 3124 1476 3150 z
1491 3110 1504 3131 ⁴
1522 3110 1688 3161 Dignus
1703 3111 1813 3152 Jove
1829 3111 2020 3162 concipit
2033 3103 2146 3150 iras?

319 3163 532 3215 redactos,
563 3177 664 3212 non,
691 3165 876 3219 inquam,
907 3175 1128 3222 precatur,
1153 3176 1202 3212 ut
1321 3175 1375 3211 86
1399 3170 1576 3222 Aquizae]
1603 3172 1701 3212 Hoc
1721 3178 1803 3225 est,
1830 3174 1975 3214 Duces
1994 3184 2149 3226 expec,

320 3223 465 3277 fruges
485 3225 673 3267 mittant.
1267 3238 1363 3275 tant
1381 3234 1556 3274 decreta
1576 3234 1772 3276 Senatus.

376 3291 430 3328 83
460 3286 636 3340 Gabino]
666 3289 717 3329 Id
737 3293 819 3341 est,
850 3289 964 3331 freta
985 3293 1123 3335 Roma
1142 3293 1202 3334 vi·
1268 3328 1270 3330 ,
1321 3298 1375 3334 88
1406 3295 1577 3347 Ornare]
1605 3296 1691 3336 Suo
1709 3297 1889 3338 nomine.

324 3350 443 3394 ribus·
459 3351 644 3406 Italicis,
662 3366 737 3394 seu
757 3355 1092 3408 Magistratuum
1111 3369 1204 3400 suo·
1323 3361 1373 3399 91
1407 3358 1608 3411 Crevisse]
1648 3360 1784 3400 Roma
1812 3360 1932 3402 videt
1951 3372 1996 3402 se
2016 3359 2145 3402 etiam
