2300 3906
964 535 1207 598 XXX.

367 946 369 949 .
659 827 827 903 CL.
890 831 1520 908 CLAUDIANI

344 1036 1820 1144 EPITHALAMIUM

224 1273 584 1347 DICTUM
625 1287 1079 1350 PALLADIO
1115 1290 1197 1350 V.
1237 1289 1321 1350 C.
1355 1288 1772 1349 TRIBUNO
1812 1288 1924 1350 ΕΤ

511 1400 949 1479 NOTARIO,
998 1401 1115 1464 ΕΤ
1155 1400 1654 1462 CELERINAE.

764 1730 1381 1830 P'RAEFATIO.

830 1918 832 1920 V
847 1924 1293 1966 ARGUMENTUM.

206 2030 496 2070 CLAumANth
514 2025 664 2067 scribit
680 2026 761 2066 hoe
780 2025 1112 2078 Epithalamium
1127 2025 1182 2065 ob
1201 2036 1386 2066 amorem
1402 2023 1580 2076 Generi,
1597 2027 1642 2065 et
1659 2023 1973 2066 venerationem

152 2096 314 2139 Soceri.

152 2240 480 2314 CARMINA
507 2279 604 2329 per
627 2262 946 2326 thalamum,
977 2263 1226 2330 quamvis
1250 2262 1467 2324 festina,
1492 2275 1688 2327 negare

221 2346 345 2400 Neo
369 2346 518 2399 volui
543 2363 755 2413 genem,
780 2363 884 2399 nec
910 2347 1064 2414 potui
1091 2361 1301 2399 socero.

196 2469 331 2520 Neque
355 2481 435 2521 ego
453 2468 556 2508 volui
572 2468 739 2510 abnuere
761 2469 911 2509 Genera
930 2469 1126 2510 Palladio
1156 2481 1287 2510 versus
1317 2458 1525 2520 nuptiales,
1554 2464 1629 2506 etsi
1646 2467 1831 2517 promtos,
1849 2474 1968 2515 neque

912 2561 934 2575 O
939 2561 1207 2576 “Oe“‘N‘O

197 2626 487 2667 Desideratur
514 2627 593 2667 hoc
613 2640 785 2667 carmen
804 2627 846 2667 in
876 2628 979 2668 Lov.
1009 2628 1169 2668 Moret.
1201 2640 1286 2668 sec.
1307 2628 1418 2677 Reg.
1445 2626 1608 2666 Thuan.
1627 2624 1788 2664 Mazar.
1808 2623 1962 2662 PetaV.

141 2685 243 2721 tert.
259 2681 426 2721 Thoios.
446 2680 597 2720 Ambr.
617 2693 702 2721 sec.
722 2682 828 2722 Exe.
848 2681 1011 2722 Schott.
1038 2687 1085 2721 et
1109 2682 1209 2721 Var.
1231 2681 1318 2722 LL.
1347 2681 1414 2721 ed.
1434 2680 1576 2719 Parm.
1611 2676 1798 2718 defuisse
1817 2675 1962 2716 itidem

965 2788 1141 2829 NOTAE

192 2866 520 2918 Epithalamium]
545 2867 684 2919 Supra
702 2878 799 2919 pag.
821 2870 912 2908 160.
1082 2867 1151 2906 alii
1179 2867 1377 2907 minores.
1431 2864 1600 2906 Notarii
1629 2863 1807 2915 majores
1838 2865 1962 2900 erant

192 2930 391 2980 Palladio]
439 2930 523 2970 Hic
556 2929 639 2971 fuit
668 2930 822 2970 nobilis
861 2932 1014 2970 Roma-
1081 2929 1124 2968 in
1153 2941 1307 2981 magna
1333 2929 1557 2980 dignitate,
1586 2928 1662 2966 hos
1681 2926 1792 2964 enim
1809 2923 1961 2974 Vopis-

137 3006 232 3045 nus,
259 2994 382 3046 eujus
413 3006 553 3034 comes
577 2999 621 3034 et
640 2994 798 3034 amicus
818 2993 1014 3034 Claudia·
1081 3005 1154 3032 cus
1173 2993 1363 3043 appellat
1395 2992 1407 3014 ‘
1428 2991 1700 3031 Secretorum
1722 2987 1960 3038 Imperato-

139 3068 231 3097 nuS.
1081 3054 1137 3095 ris
1160 3055 1197 3094 N
1204 3053 1396 3094 otarius)

194 3118 382 3171 Tribuno]
431 3119 641 3159 Tribunus
669 3119 712 3157 in
741 3116 893 3157 militia
921 3120 1014 3156 erat
1136 3117 1346 3167 Celerinoe]
1395 3115 1506 3155 Sunt
1538 3114 1611 3166 qui
1656 3113 1803 3153 dicant
1842 3109 1959 3151 nobi·

135 3180 170 3221 is
187 3182 508 3235 propemodum,
526 3195 652 3235 quem
670 3182 713 3221 in
733 3182 877 3222 Gallia
891 3193 1013 3221 voca·
1079 3181 1164 3220 lem
1181 3182 1289 3220 hanc
1308 3179 1492 3232 puellam
1510 3177 1643 3218 fuisse
1664 3176 1909 3227 adoptatam
1930 3185 1956 3211 a

135 3256 245 3294 mus,
263 3246 561 3286 Mareschallum
576 3245 755 3285 Francioe
767 3258 781 3285 .-
807 3244 870 3284 ita
883 3243 1014 3284 sentit
1081 3244 1326 3297 Stilichone,
1344 3243 1418 3297 qui
1436 3243 1534 3283 ideo
1549 3252 1670 3282 socer
1689 3237 1844 3279 dicitur
1858 3234 1956 3276 Pal-

13 3286 17 3364 }
42 3314 49 3325 ‘
137 3306 352 3347 Robertus
371 3308 629 3360 stephanus.
1081 3307 1197 3348 ladii·

191 3369 380 3421 Noton-io]
420 3371 693 3421 Notariorum
714 3371 788 3412 alii
816 3369 1015 3424 mnjores,
