2300 3906
314 163 434 216 920.
842 181 936 221 cr„
974 179 1332 219 chauonim
1374 178 1621 222 xxxin.

316 297 446 360 Sed,
474 300 728 366 quamvis
751 299 920 350 nimio
944 297 1167 349 fervens
1193 300 1462 352 exuberet
1482 306 1643 365 aestu,

318 381 436 433 Scit
459 384 678 434 nivibus
703 396 918 432 servare
942 380 1124 444 fidem,
1151 382 1462 450 pariterque
1488 383 1693 437 favillis
2042 388 2150 442 165

317 465 582 518 Durescit
602 466 823 532 glacicS,
853 466 992 516 tanti
1017 482 1214 519 secura
1232 469 1481 535 vaporiS,

316 547 540 601 Arcano
564 549 782 600 defensa
805 550 963 615 gelu:
1001 550 1263 620 fumoque
1288 552 1436 605 fideli

316 634 538 686 Lambit
565 634 852 700 contiguas
876 634 1111 687 innoxia
1132 636 1357 688 flamma
1382 637 1622 704 pruinaS.

316 717 460 780 Quae
490 719 753 786 scopulos
779 724 1046 772 tormenta
1069 722 1297 773 rotanti
1339 738 1467 788 quae
1494 726 1644 773 tanta
1669 738 1939 776 cavernas

316 800 424 853 Vis
451 803 756 869 glomerat?
806 821 918 871 quo
943 804 1092 857 sonte
1118 806 1226 858 ruit
1251 806 1565 859 Vulcanius
1592 807 1808 860 amnis'l
2040 809 2149 861 170

317 885 450 938 Sive
479 888 627 953 quod
656 888 934 956 objicibus
959 889 1270 943 discurrens
1296 894 1494 943 ventus
1520 891 1724 958 opertis

316 969 545 1022 Offenso
571 988 672 1039 per
698 987 840 1024 saxa
862 971 992 1025 furit
1016 974 1222 1027 rimosa
1245 979 1449 1038 meatu,

313 1105 528 1144 quanquam
563 1097 706 1136 ardens
741 1096 875 1137 ebullit
916 1099 1135 1139 immodicis
1154 1100 1325 1151 ignibus,
1361 1100 1435 1140 scit
1468 1111 1691 1139 conservare
1723 1112 1858 1151 pacem
1893 1099 2063 1149 nivibus,
2112 1104 2151 1139 et

312 1148 429 1186 simul
463 1161 558 1187 cum
582 1149 761 1200 flammis
789 1152 937 1201 glacies
983 1153 1194 1193 induratur
1236 1159 1323 1194 tuta
1365 1167 1390 1194 a
1434 1158 1543 1193 tanto
1579 1154 1771 1203 incendio,
1808 1157 1963 1193 servata
1991 1152 2151 1203 frigore

310 1205 470 1252 secreto,
488 1207 527 1241 et
547 1203 653 1253 ignis
681 1204 869 1244 innocuus
903 1206 1059 1251 leniter
1088 1208 1255 1257 attingit
1279 1208 1394 1256 fumo
1422 1207 1589 1260 officioso
1619 1207 1786 1257 glaciem
1804 1207 1986 1247 vicinam.
2046 1207 2152 1252 Qua·

311 1254 360 1292 lis
395 1256 572 1295 machina
607 1258 729 1296 volvit
760 1257 893 1299 saxa?
978 1261 1057 1305 Qui
1091 1265 1225 1300 tantus
1256 1263 1423 1313 impetus
1454 1261 1591 1310 eiectat
1612 1258 1764 1301 antra?
1807 1262 1873 1300 Ex
1906 1272 1981 1311 qua
2000 1260 2151 1310 origine

311 1309 482 1358 erumpit
501 1309 655 1360 fluvius
692 1309 862 1361 igneus?
898 1312 976 1352 Seu
1010 1314 1104 1364 quia
1136 1320 1274 1354 ventus
1301 1322 1450 1355 errans
1471 1314 1643 1353 obscuris
1651 1313 1917 1362 foraminibus
1937 1313 2066 1362 soevit,
2091 1325 2153 1352 re-

310 1366 421 1411 perto
440 1363 551 1402 exitu
565 1377 637 1414 per
656 1365 803 1416 lapides
830 1379 955 1417 cavos,
972 1368 1064 1406 dum
1084 1368 1300 1420 investigat
1333 1368 1452 1421 viam,
1480 1372 1519 1407 et
1549 1379 1728 1419 quaerens
1749 1367 1913 1407 liberum
1938 1378 2153 1418 egressum,

1091 1470 1360 1486 OOOOOOOOOOO

311 1521 388 1560 trit
416 1523 656 1574 Reg.—164
685 1526 755 1565 Sol
784 1526 959 1576 quamvis
989 1526 1089 1564 Vat.
1127 1525 1264 1576 quint.
1304 1524 1417 1565 m‘veo
1444 1526 1553 1564 Exc.
1587 1525 1744 1565 PetaV.
1780 1529 1917 1577 quart.
1965 1524 2153 1566 exuberat

311 1574 436 1614 voss.
466 1581 669 1626 pr.—166
696 1579 837 1616 caloris
867 1590 946 1628 pro
983 1578 1137 1629 vaporis
1164 1578 1267 1618 Jun.
1301 1590 1365 1628 pr.
1394 1578 1481 1617 inc.
1516 1578 1667 1618 Heius.
1702 1579 1805 1618 Var.
1844 1579 1931 1618 LL.
1961 1590 1984 1618 e
2017 1591 2153 1631 marg.

311 1627 590 1669 Parnm—167
608 1631 745 1681 fidelis
765 1632 864 1671 Put.
900 1632 1005 1670 Exc.
1041 1631 1195 1670 Petav.
1229 1635 1504 1682 quarn—168
1534 1631 1739 1672 continuas
1771 1632 1856 1672 inc.
1878 1632 2030 1673 Heins.
2049 1633 2170 1677 Put„

312 1684 448 1719 -169
474 1684 640 1733 scopulis
658 1684 765 1735 Reg.
787 1685 946 1723 Moret.
965 1696 1030 1735 pr.
1059 1696 1119 1723 sco
1149 1684 1224 1723 ulis
1245 1685 1311 1724 vel
1328 1686 1499 1737 scopulos
1515 1685 1670 1725 Petav.
1691 1698 1754 1737 pr.
1771 1689 1901 1725 rotent
1920 1685 2027 1726 Cod.
2047 1687 2154 1726 Bar-

314 1733 466 1773 tholin.
484 1736 589 1775 Exc.
611 1737 766 1777 Petav.
787 1742 925 1789 quart.
972 1741 1128 1777 rotant.
1157 1738 1259 1777 Put.
1282 1739 1387 1789 Reg.
1409 1739 1562 1780 Petav.
1582 1751 1649 1790 pr.
1663 1739 1768 1780 Jun.
1789 1751 1876 1780 sec.
1893 1740 1993 1779 Vat.
2014 1739 2151 1781 Livin.

312 1786 398 1826 duo
418 1789 542 1828 Voss.
589 1794 764 1830 catervas
778 1791 805 1833 J
812 1804 880 1830 un.
898 1794 1102 1843 pr.——170
1127 1793 1318 1841 glomeret
1336 1793 1443 1832 Cod.
1460 1792 1700 1833 Bartholin.
1716 1794 1823 1833 Exc.
1839 1793 1995 1833 Petav.
2011 1798 2153 1845 quart.

307 1842 500 1890 glomerat
520 1843 602 1885 inc.
626 1844 777 1885 Heins.
797 1845 899 1885 Put.
915 1846 1020 1896 Reg.
1041 1844 1195 1885 Petav.
1216 1857 1279 1897 pr.
1299 1846 1399 1887 Vat.
1415 1846 1552 1886 Livin.
1573 1846 1657 1886 duo
1676 1847 1780 1888 Jun.
1798 1847 1883 1886 duo
1896 1847 2020 1886 Voss.
2061 1850 2152 1886 ruat

310 1895 412 1934 Vat.
434 1897 618 1950 prrCod.
639 1899 878 1939 Bartholin.
911 1901 1020 1948 Exc.
1054 1899 1209 1939 Petav.
1246 1905 1388 1951 quart.
1433 1901 1517 1939 ruit
1548 1900 1655 1952 Reg.
1685 1900 1788 1940 Put.
1809 1900 1965 1940 Petav.
1987 1912 2051 1951 pr.
2068 1900 2152 1940 inc.

311 1947 462 1989 Heius.
493 1950 577 1989 duo
602 1952 722 1992 Voss.
752 1952 838 1992 duo
876 1953 977 1994 Jun.
1015 1953 1113 1993 Vat.
1154 1953 1291 1993 Livin.
1335 1953 1443 2003 ignis
1472 1958 1562 1993 tres
1592 1954 1713 1994 Vatt.
1754 1954 1880 1993 amnis
1911 1953 2016 1993 Put.
2044 1954 2152 1994 Exc.

311 2001 468 2042 Petav.
501 2010 641 2055 quart.
675 2006 881 2045 Heinsius
912 2006 1175 2058 ascripserat
1203 2006 1296 2046 Lib.
1325 2018 1400 2046 111.
1433 2006 1488 2047 de
1513 2007 1564 2046 R.
1584 2007 1635 2046 P.
1656 2020 1720 2047 vs.
1741 2011 1835 2047 395.
1882 2007 1895 2029 ‘
1919 2006 2152 2046 undantem

313 2052 577 2096 flammarum
599 2058 815 2099 obstruxit
833 2059 1026 2099 hiatum!
1056 2060 1271 2111 Augustin
1306 2060 1348 2098 in
1383 2060 1479 2100 Lib.
1511 2072 1574 2100 ιν.
1603 2061 1657 2100 de
1679 2060 1775 2100 civ.
1797 2060 1900 2110 Dei,
1916 2072 2010 2110 cap.
2031 2063 2069 2099 2.
2090 2060 2152 2099 ait

310 2108 322 2129 ‘
344 2120 398 2147 ex
417 2110 558 2149 AEtnae
574 2112 806 2152 verticibus
827 2113 1041 2165 quondam
1062 2114 1265 2152 torrentis
1287 2113 1380 2152 vice
1407 2112 1673 2153 flammarum
1692 2112 1868 2153 flumina
1886 2113 2152 2154 cucurrisse?
2227 2152 2230 2157 ,

311 2160 436 2201 Talia
455 2161 720 2204 flammarum
740 2164 915 2205 flumina
933 2167 1022 2205 visa
1043 2166 1085 2205 in
1108 2166 1302 2216 proximo
1321 2167 1565 2206 Vesuviano
1594 2167 1793 2206 inccndio
1820 2167 1899 2205 viri
1919 2166 2039 2206 docti
2057 2178 2153 2205 nar·

311 2220 425 2255 rant.
446 2217 538 2256 haec
561 2218 909 2259 Heinsius—1⁷1
941 2220 1087 2270 opertis
1106 2219 1191 2259 inc.
1213 2219 1364 2260 Heius.
1383 2219 1486 2260 Put.
1518 2220 1626 2272 Reg.
1647 2220 1801 2260 Petav.
1832 2231 1896 2270 pr.
1925 2219 2046 2259 VOSS.
2064 2232 2151 2260 sec.

311 2267 461 2309 Ambr.
482 2274 584 2310 tert.
601 2271 818 2313 ed.Parm.
840 2278 886 2312 et
902 2273 1048 2312 Vicet.
1096 2272 1244 2323 apertis
1277 2274 1385 2312 Exc.
1417 2273 1572 2313 PetaV.
1608 2276 1883 2325 quart.-l72
1909 2273 2052 2312 rimosa
2070 2274 2164 2313 ruit¹

1145 2352 1324 2393 NOTAE

365 2425 442 2461 165
473 2422 639 2463 Servare
646 2424 793 2477 fidem]
823 2425 952 2465 AEtna
966 2426 1107 2478 ignem
1128 2439 1200 2467 vo·
1265 2430 1314 2466 ut
1333 2428 1427 2466 tota
1442 2437 1628 2466 caverna
1646 2426 1843 2467 videatur
1863 2427 1980 2479 ejici,
2005 2427 2151 2480 sicque

308 2497 446 2537 mens,
466 2486 527 2527 ita
548 2488 690 2540 parcit
715 2489 903 2542 nivibus,
923 2497 969 2531 ut
983 2491 1078 2543 quis
1107 2502 1198 2531 cre·
1265 2494 1405 2542 totum
1424 2490 1598 2543 ponitur
1614 2498 1696 2542 pro
1721 2495 1862 2542 parte.
1916 2490 2118 2542 Virgilius
2138 2505 2149 2532 :

311 2550 436 2590 deret
459 2551 630 2602 jurasse
652 2564 696 2592 se
725 2564 809 2593 non
847 2565 918 2594 eas
940 2566 1034 2594 esse
1066 2554 1198 2595 viola-

308 2620 452 2655 turam
471 2629 482 2666 ;
526 2617 637 2656 unde
658 2630 710 2657 ex
730 2616 895 2658 foedere
926 2618 1033 2659 inito
1054 2624 1200 2660 servat

310 2676 442 2719 fidem
463 2692 704 2733 pacemque
724 2681 911 2722 nivibus.

364 2746 442 2782 167
474 2744 672 2796 Fumoque
690 2744 814 2797 fideli
844 2745 1000 2797 lambit]
1046 2745 1198 2798 Fumo,

308 2804 380 2855 qui
400 2804 540 2846 foedus
563 2807 669 2847 illud
698 2812 742 2847 et
761 2819 913 2861 pacem
946 2821 1032 2848 non
1052 2809 1198 2861 violat,

307 2868 496 2907 molliter
516 2870 696 2922 attingit
715 2871 851 2923 nives,
873 2877 918 2912 et
938 2871 1058 2925 quasi
1079 2871 1197 2912 blan-

311 2930 426 2970 ditur
447 2932 599 2972 vicinae
622 2934 792 2984 glaciei.

364 2995 443 3032 169
475 2994 701 3046 Tormenta]
740 2996 826 3038 Qui
842 2996 1030 3048 impetus
1051 3001 1195 3036 vastos

306 3055 474 3107 lapides
508 3056 707 3108 impellit,
737 3064 783 3099 et
806 3059 1032 3110 jaculatur
1061 3060 1198 3100 instar

310 3123 450 3158 torme
483 3116 518 3158 ti
537 3119 701 3160 bellici.

366 3183 570 3222 Cavernas
591 3183 651 3223 vis
666 3185 880 3237 glomerat]
912 3186 1020 3228 Quae
1045 3186 1107 3228 vis
1127 3200 1198 3228 cu·

309 3245 444 3286 mulat
463 3251 509 3286 et
528 3247 689 3299 ejactat
708 3261 829 3299 saxa,
846 3262 940 3301 quae
957 3251 1113 3290 suntin
1129 3264 1197 3291 ca-

310 3310 467 3363 vernis,
488 3315 530 3351 et
553 3323 648 3364 quae
666 3315 787 3359 tanta
805 3312 934 3365 copia
952 3313 1198 3368 ejiciuntur,

1265 2553 1277 2575 ‘
1297 2553 1458 2606 Ingens
1479 2566 1503 2593 a
1524 2554 1684 2594 vertice
1705 2559 1861 2605 pontus
1889 2553 1941 2593 In
1971 2553 2151 2605 puppim

1264 2615 1395 2667 ferit,’
1423 2617 1468 2658 id
1489 2622 1571 2667 est,
1590 2616 1742 2668 ingens
1759 2615 1913 2657 fluctus
1933 2615 2055 2669 ponti
2075 2628 2150 2656 seu

1267 2679 1409 2720 maris.

1319 2745 1398 2781 170
1432 2741 1647 2781 Vulcanius
1671 2741 1815 2794 amnis]
1871 2740 1957 2782 Alii
1984 2742 2150 2794 legunt,

1269 2805 1476 2845 Vulcanius
1521 2806 1644 2856 ignis,
1672 2805 1786 2858 quod
1819 2803 1879 2844 ibi
1917 2806 2151 2854 Vulcanus,-

1263 2869 1371 2921 ignis
1384 2870 1598 2920 inventor,
1611 2875 1815 2909 exerceat
1827 2867 2035 2909 officinam
2047 2881 2058 2917 ;
2071 2867 2146 2907 sed

1263 2937 1389 2975 amnis
1408 2948 1462 2987 op
1487 2935 1587 2985 ime,
1603 2948 1699 2976 cum
1721 2934 1883 2974 undare
1903 2933 2073 2981 dicatur
2092 2931 2148 2972 de

1264 2998 1368 3050 igni.
1396 2998 1621 3050 Virgilius:
1650 2999 1661 3018 ‘
1687 2997 1881 3036 Vidimus
1911 2995 2147 3036 undantem

1265 3062 1402 3113 ruptis
1423 3060 1671 3102 fornacibus
1700 3059 1898 3100 AEtnam.’
1946 3059 2002 3098 Et
2031 3060 2147 3111 apud

1265 3126 1511 3177 AEschylum
1529 3121 1699 3173 ποταμὸς
1728 3121 1859 3175 πυρὸς,
1872 3122 2025 3175 fluvius
2043 3122 2149 3173 ignis

1265 3188 1438 3228 dicitur.

1316 3254 1365 3292 17
1370 3254 1396 3290 2
1427 3249 1587 3302 Offensa
1599 3263 1670 3301 per
1681 3262 1779 3289 saxa
1785 3249 1916 3301 furit]
1932 3249 1983 3288 In
2000 3261 2147 3290 caver-

1263 3326 1338 3355 nas
1357 3318 1488 3355 terrae
1507 3318 1659 3354 ventus
1679 3313 1815 3354 intrat
1834 3311 1934 3353 aere
1966 3313 2147 3356 circum·

2224 3747 2253 3806 ‘ffl-
2222 3671 2235 3698 .'

2250 3681 2269 3762 ''³‘'

2279 3664 2289 3677 ι

2219 3812 2261 3906 {kx-⁵6⁴⁴.
