2300 3906
331 192 440 247 880
878 207 973 245 ct..
1014 201 1366 244 anumANi
1410 203 1603 242 xxxi.

333 324 511 378 Italiae
535 325 745 378 canitur
767 326 1001 383 monteS,
1027 321 1317 388 omnisque
1341 325 1596 375 maritum

333 409 644 461 Palladium
672 407 963 458 resonabat
987 420 1131 471 ager.
1205 404 1464 457 Pervenit
1486 406 1557 458 ad
1585 422 1749 459 aures
2081 408 2153 461 25

331 490 468 546 Vox
485 491 735 562 jucunda
767 491 919 553 Deae,
949 490 1290 557 strepituque
1318 490 1508 542 excita
1527 492 1748 556 resedit,

333 577 406 630 Et
426 577 693 643 reliquum
715 574 887 626 nitido
912 574 1134 626 detersit
1158 575 1362 642 pollice
1386 590 1652 629 somnum.

336 661 525 727 thue
547 666 661 711 erat
687 660 971 729 interjecta
995 675 1203 722 comam,
1229 661 1450 711 turbata
1474 660 1732 728 capilloS,

337 744 610 796 Mollibus
637 744 888 809 exsurgit
911 745 1112 806 stratiS,
1135 742 1490 810 Hymenaeon
1514 751 1571 797 et
1593 761 1751 798 omne

335 827 574 896 Agmen‚
599 833 652 879 et
671 829 988 880 innumeros
1015 828 1363 896 Hymenaeon
1389 828 1576 895 poscit
1600 827 1852 883 Amores.
2085 830 2156 882 30

337 914 504 966 Hunc
530 912 703 965 Musa
726 912 965 979 genitum
989 912 1118 978 legit
1143 911 1438 980 Cytherea,
1463 913 1771 982 ducemque

338 1081 520 1117 cantatur
536 1089 607 1128 per
624 1081 780 1118 cunctos
811 1081 957 1116 montes
976 1076 1123 1126 Italiae,
1147 1080 1186 1115 et
1218 1076 1345 1128 campi
1370 1089 1498 1116 omnes
1512 1075 1699 1117 sonabant
1718 1076 1943 1118 Palladium
1959 1076 2159 1128 conjugem

338 1131 444 1181 ejus.
504 1131 683 1170 Murmur
701 1133 831 1169 laetum
859 1130 998 1180 attigit
1030 1141 1144 1169 aures
1163 1129 1282 1169 Divoe
1314 1131 1506 1175 vvneris,
1534 1135 1572 1170 et
1598 1131 1698 1171 sedit
1720 1131 1895 1171 excitata
1919 1143 2027 1179 sono,
2044 1134 2160 1181 atque

336 1184 519 1223 abstersit
546 1185 686 1233 digitos
717 1184 888 1234 pulchris
912 1196 1082 1235 soporem
1106 1182 1309 1233 reliquum.
1356 1184 1408 1222 Et
1435 1188 1479 1222 ut
1506 1184 1653 1223 venus
1684 1183 1845 1223 habebat
1873 1183 2072 1223 coesariem
2095 1195 2163 1223 ne-

333 1238 518 1286 glectam,
539 1243 576 1276 et
594 1238 720 1276 crines
736 1236 925 1288 confusOS,
944 1237 1059 1276 exilit
1077 1248 1126 1274 ex
1141 1238 1237 1275 lecto
1252 1237 1431 1283 delicato,
1444 1237 1543 1287 petit
1558 1236 1603 1276 H
1602 1249 1813 1288 ymenoeum
1828 1237 1875 1276 ab
1891 1236 1995 1277 omni
2008 1241 2163 1277 caterva

338 1290 526 1330 Amorum
555 1289 904 1330 innumerabilium.
967 1290 1095 1330 Venus
1122 1290 1313 1340 decerpsit
1344 1290 1444 1329 hunc
1481 1290 1767 1342 Hymenaeum
1797 1294 1934 1331 natum
1956 1301 2010 1330 ex
2041 1290 2163 1330 Maesa

1105 1420 1397 1436 “OM“‘O‘O

340 1519 444 1558 Vat.
463 1530 529 1569 pr.
571 1520 670 1558 celer
684 1530 761 1557 una
780 1517 877 1557 Pal.
896 1515 981 1556 duo
999 1517 1130 1567 Med..
1167 1518 1347 1556 Celerina
1364 1517 1588 1556 duo-Vatt.
1609 1516 1743 1557 oisel.
1767 1516 1870 1557 Put.
1894 1517 2060 1559 Bonon.
2078 1512 2164 1559 duo

343 1571 495 1610 Petav.
515 1569 599 1614 duo
627 1570 775 1609 Ambr.
810 1575 895 1608 vet.
927 1569 1034 1620 Gyr.
1060 1570 1162 1607 Vat.
1186 1569 1322 1608 Livin.
1342 1569 1445 1609 Cod.
1466 1570 1613 1619 Epigr.
1631 1568 1780 1611 Ambr.
1797 1570 1939 1610 Ursin.
1958 1571 2063 1612 Exc.
2082 1572 2167 1611 Lu·

342 1635 456 1662 cens.
477 1635 542 1672 pr.
569 1624 735 1661 celeuma
755 1623 838 1661 inc.
861 1622 1009 1661 Heius.
1049 1621 1242 1660 celebrata
1263 1623 1361 1660 Vat.
1384 1627 1484 1662 tert.
1506 1622 1669 1662 Buslid.
1688 1621 1838 1663 Ambr.
1881 1623 2073 1664 celebrata
2096 1625 2168 1664 vel

344 1676 527 1714 Celeuma
549 1675 778 1714 Roth—24
808 1682 954 1713 memes
984 1685 1060 1723 pro
1080 1678 1226 1713 montes
1243 1675 1348 1714 Var-
1372 1676 1457 1716 LI..
1479 1675 1546 1714 ed.
1571 1674 1700 1715 Antv.
1739 1681 1958 1727 montesque
1975 1678 2076 1717 Vat.
2097 1689 2165 1729 pr.

341 1732 450 1768 —26
467 1728 641 1775 jocunda
661 1728 814 1767 PetaV.
833 1738 917 1766 sec.
957 1727 1101 1766 resedit
1121 1728 1306 1768 Florent.
1331 1736 1418 1767 tres
1441 1728 1560 1769 Med.
1591 1728 1696 1769 eod.
1717 1730 1859 1769 Ursin.
1882 1731 1981 1770 Put.
1998 1731 2165 1771 Bonon-

341 1780 426 1820 duo
455 1781 606 1820 Petav.
640 1781 723 1819 duo
756 1778 906 1819 Ambr.
938 1780 1045 1819 cod.
1076 1781 1225 1831 Epigr.
1261 1780 1406 1821 Ambr.
1438 1783 1545 1821 Exc.
1572 1783 1752 1823 Lucens.
1787 1795 1850 1833 pr.
1878 1783 1948 1822 ed.
1969 1783 2168 1823 Parm.—-

339 1837 391 1873 2⁷
421 1836 611 1885 decerpsit
628 1832 747 1873 Med.
774 1839 913 1884 quart.
956 1835 1127 1883 decerpit
1151 1833 1422 1874 ausint-28
1456 1833 1682 1886 thuefuit
1699 1835 1853 1876 Sched.
1873 1836 1988 1876 Gud.
2036 1837 2167 1888 thue

332 1887 422 1935 fuit
440 1888 596 1926 intexta
613 1899 739 1926 comas
757 1887 900 1926 Oxon.
919 1898 984 1937 pr.
1038 1887 1165 1938 thue
1183 1892 1267 1927 erat
1291 1887 1452 1927 turbata
1476 1900 1618 1937 comas,
1636 1889 1777 1929 merita
1793 1890 1854 1929 vel
1869 1889 2064 1941 incompta
2079 1902 2166 1942 cap.

342 1945 431 1980 vet.
451 1941 557 1991 Gyr.
608 1938 1036 1991 thuefuit....Ambr.
1060 1953 1122 1989 pr.
1154 1940 1242 1988 fuit
1263 1941 1412 1981 intecta
1443 1942 1535 1981 Pal.
1554 1943 1671 1981 Rott.
1694 1942 1778 1981 duo
1802 1943 1918 1982 Med.
1939 1943 2041 1982 Put.
2077 1941 2169 1993 fuit·

342 1995 493 2033 detecta
516 1993 660 2032 Ambr.
683 2000 783 2032 tert.
819 1992 908 2042 fuit
926 1994 1083 2032 intexta
1102 1993 1197 2033 vat.
1223 2000 1363 2046 quart.
1385 1995 1549 2034 Bonon.
1567 1996 1727 2035 Moret.
1747 2008 1809 2047 pr.
1829 1997 1936 2036 Exc.
1962 1996 2062 2037 Pat.
2081 2007 2174 2038 rec.

335 2046 423 2094 fuit
442 2047 646 2095 interjecta
669 2047 818 2085 Petav.
839 2058 923 2084 sec.
958 2045 1046 2093 suit
1067 2046 1236 2100 ‘turbata
1269 2047 1375 2086 Exc.
1406 2048 1584 2088 Lucens.
1620 2061 1684 2100 pr.
1715 2049 1867 2088 Petav.
1901 2060 1964 2099 pr.
1999 2060 2054 2090 m.
2081 2060 2169 2090 sec.

342 2100 553 2138 intersectas
570 2101 670 2140 Vat.
689 2111 749 2147 pr.
772 2104 816 2137 et
838 2104 938 2138 tert.
978 2099 1195 2138 intertexta
1215 2101 1313 2139 Vat.
1333 2112 1421 2140 sec.
1444 2101 1548 2140 cod.
1579 2102 1721 2141 Ursin.
1751 2102 1886 2141 locum
1917 2107 2171 2152 corruptum

342 2152 592 2203 pronuntiat
616 2151 819 2190 Heinsius
838 2158 880 2189 et
901 2151 1094 2201 conjicit,
1120 2152 1246 2203 thue
1265 2157 1352 2192 erat
1365 2153 1562 2202 indigesta
1586 2166 1714 2192 comas
1741 2156 1807 2194 vel
1843 2155 1967 2205 thue
1971 2154 2061 2202 fuit
2077 2167 2171 2206 neg·

343 2206 445 2244 lecta
461 2217 600 2244 comas.
621 2211 668 2243 ut
686 2217 816 2254 supra
835 2217 893 2242 vs,
917 2208 956 2243 6.
987 2204 1111 2254 dixit,
1146 2206 1231 2243 Ora
1257 2207 1365 2244 decet
1390 2207 1568 2255 neglecta
1585 2219 1712 2258 sopor.
1731 2220 1827 2246 mox
1847 2207 1993 2246 intecta
2011 2207 2171 2259 capillos

344 2259 453 2297 Exc.
485 2259 665 2297 Lucens.
703 2270 765 2307 pr.
810 2257 965 2306 capillis
995 2257 1091 2295 vat.
1123 2258 1257 2308 quint.
1278 2259 1512 2299 Rom—29
1539 2263 1718 2308 exsurgit
1752 2261 1856 2299 Exc.
1888 2262 2069 2301 Lucens.
2101 2273 2168 2313 pr.

343 2312 516 2360 assurgit
536 2316 718 2360 quatuor
737 2310 856 2348 Vatt.
885 2310 974 2347 Pal.
997 2309 1134 2348 Oisel.
1176 2310 1390 2361 iterumque
1419 2323 1575 2350 suorum
1606 2324 1683 2362 pro
1724 2313 1960 2365 Hymenoeon
1993 2319 2031 2353 et
2058 2326 2169 2354 omne

346 2364 453 2403 Exc.
480 2362 585 2402 Cod.
617 2363 766 2401 Rhem.
811 2363 989 2413 interque
1019 2373 1174 2400 suorum
1204 2363 1288 2401 dno
1327 2363 1475 2403 Ambr.
1507 2364 1675 2403 Buslid.
1698 2365 1807 2405 Cod.
1838 2367 1982 2417 Epigr.
2017 2367 2167 2408 Ambr-

345 2416 495 2455 Sched.
527 2416 642 2455 Gud.
683 2417 818 2465 procul
835 2428 920 2453 ecce
938 2427 1113 2453 sonorum
1131 2415 1229 2455 Vat.
1249 2421 1388 2468 quart.
1436 2421 1661 2470 revocatque
1677 2431 1848 2466 suorum,
1875 2420 1957 2459 hoc
1983 2421 2171 2461 hemisti-

344 2469 482 2508 chium
501 2469 541 2507 in
561 2469 697 2507 Oxon*
718 2480 803 2508 sec.
821 2468 955 2507 literis
976 2468 1219 2508 recentibus
1234 2470 1440 2520 scriptum
1461 2477 1568 2517 erat,
1585 2478 1632 2510 ut
1649 2471 1865 2513 videretur
1885 2474 2033 2513 lacuna
2053 2474 2171 2525 prius

343 2522 489 2561 fuisse.
531 2525 745 2573 sociumque
763 2521 909 2573 requiri
929 2522 1027 2561 Vat.
1052 2528 1151 2561 tert.
1172 2535 1225 2560 m.
1248 2534 1333 2562 sec.
1375 2523 1553 2563 deerant
1573 2525 1663 2564 haec
1681 2527 1721 2564 in
1752 2526 1853 2566 Pnt.
1874 2527 2036 2566 Bonon.
2065 2530 2171 2568 Exc-

345 2576 446 2615 Pat.
468 2587 556 2614 rec.
577 2576 764 2614 Florem.
784 2576 917 2614 tribus
951 2575 1069 2614 Med.
1105 2575 1187 2615 inc.
1223 2575 1370 2615 Heins.
1390 2583 1434 2616 et
1454 2577 1560 2617 cod.
1582 2578 1743 2618 Ursini.
1774 2580 1814 2618 in
1849 2580 1996 2619 Petav.
2032 2593 2094 2631 pr.
2124 2585 2173 2621 et

347 2641 432 2667 sec.
453 2641 578 2667 mann
602 2636 760 2667 recenti
778 2629 966 2677 ascripta
986 2636 1122 2667 erant.
1150 2628 1325 2680 interque
1341 2642 1496 2669 suorum
1517 2633 1668 2681 Agmen
1687 2636 1723 2670 et
1741 2632 1974 2682 innumeros,
1994 2632 2173 2674 deerant

345 2682 439 2721 haec
460 2683 595 2721 tribus
611 2683 724 2720 Vatt.
749 2690 791 2720 et
817 2682 906 2720 Pan.
935 2681 1293 2733 Hymenoeus....m.
1315 2695 1377 2733 pr.
1397 2691 1437 2723 et
1463 2684 1704 2737 Hymenaeus
1717 2686 1858 2739 quaerit
1878 2699 1931 2725 m.
1945 2698 2030 2726 sec.
2052 2687 2172 2728 Rott.

344 2737 469 2786 poscit
488 2744 572 2774 vet.
594 2736 698 2786 Gyr.
722 2736 827 2774 Exc.
850 2736 1031 2774 Lucens.
1053 2748 1114 2784 pr.
1142 2737 1285 2787 quaeris
1306 2737 1404 2776 Put.
1433 2738 1571 2788 quoerit
1589 2748 1771 2789 quatuor
1786 2739 1905 2779 vatt.
1926 2739 2019 2779 Pau.
2035 2739 2171 2780 Oisel.

346 2791 453 2827 ——30
473 2789 569 2827 Inde
586 2801 655 2839 per
668 2788 859 2827 inmensos
877 2788 1133 2839 Hymenaeum
1153 2802 1190 2837 q.
1210 2801 1370 2828 amores.
1394 2790 1477 2829 inc.
1497 2791 1645 2831 Heius.
1665 2792 1766 2842 [non
1785 2792 1936 2832 Vienn.
1957 2793 2029 2845 qui
2047 2793 2171 2833 litera

349 2840 387 2886 Q
409 2841 463 2881 ab
481 2842 659 2881 Heinsio
675 2848 847 2881 notatus
866 2841 993 2892 erat.]
1009 2841 1050 2880 in
1068 2842 1213 2881 medios
1229 2843 1393 2883 Buslid.
1418 2843 1833 2886 innumeros...amoreu
1851 2845 1993 2888 Oxon.
2006 2857 2092 2887 sec.
2128 2845 2171 2885 in

1168 2965 1206 3004 N
1212 2964 1341 3004 OTAE

349 3066 546 3106 certatim
580 3067 780 3108 tibicines
813 3070 1053 3119 canebant3
1084 3076 1127 3110 et
1146 3085 1229 3124 quo
1296 3072 1560 3124 interjectae,
1590 3084 1665 3113 seu
1685 3072 1911 3123 neglectae,
1927 3071 2026 3123 quia
2044 3071 2170 3114 orbes

351 3128 498 3180 sponsi
523 3129 792 3175 illustriores,
823 3144 872 3170 eo
906 3134 1037 3183 major
1057 3135 1228 3185 plausus
1296 3135 1474 3173 crinium
1494 3147 1569 3174 seu
1602 3135 1785 3174 cincinni
1816 3146 1898 3173 non
1929 3141 2048 3174 crant
2079 3136 2173 3176 aliis

349 3192 513 3243 populi.
1286 3187 1426 3242 'affixh
1461 3197 1577 3235 velut
1610 3209 1684 3248 per
1712 3198 1912 3249 quosdam
1949 3210 2088 3249 arcus,
2122 3203 2172 3238 ut

404 3256 456 3292 2⁷
486 3255 663 3295 Detcrsit
679 3258 870 3308 somnum]
901 3258 950 3297 Id
980 3268 1058 3308 est,
1085 3261 1226 3300 deter-
1294 3261 1501 3298 solebant.

351 3314 408 3356 sit
425 3317 570 3356 oculos
589 3331 740 3370 sopore
761 3322 923 3371 reliquo
942 3329 1151 3372 gravatos.
1349 3325 1401 3360 30
1430 3322 1930 3376 Hymenoeon...Cytkerea]
1957 3323 2098 3376 Supra
2117 3323 2171 3366 de

403 3381 457 3419 28
489 3379 715 3433 interjecta]
748 3383 891 3426 Comae
908 3385 1088 3425 veneris
1107 3390 1231 3426 eraut
1293 3384 1359 3427 his
1378 3384 1540 3426 dictum
1559 3398 1585 3426 a
1603 3386 1737 3429 nobis.
