2300 3906
291 218 399 275 846
827 227 923 266 cr..
963 221 1315 263 cLAumAm
1357 216 1592 260 xxvm.

209 365 215 369 “
291 353 555 407 Discreto
579 347 829 401 revoluta
854 341 1025 410 gradu
1049 342 1368 407 torquentur
1389 339 1449 390 in
1473 339 1634 412 orbes

286 435 561 504 Agmina:
591 427 988 500 perpetuisque
1011 426 1238 476 immoto
1261 424 1482 477 cardine
1508 421 1764 475 claustris

287 520 326 573 J
330 535 467 572 anus
486 517 630 569 bella
653 527 923 581 premenS,
951 510 1086 561 laeta
1112 510 1215 560 sub
1239 509 1478 574 imagine
1504 521 1726 575 pugnae,

286 602 578 657 Armorum
604 601 868 650 innocuos
891 595 1020 663 paci
1045 593 1270 659 largitur
1291 593 1548 644 honores.

283 686 527 752 Jamque
552 699 756 734 novum
776 680 937 731 fastis
963 679 1141 746 aperit
1163 677 1421 730 felicibus
1449 690 1654 727 annum
2013 669 2121 723 640

287 769 398 822 Ore
421 772 715 821 coronatus
741 765 956 830 gemino
979 780 992 827 3
1013 763 1129 831 jam
1155 761 1360 828 Tybris
1382 762 1437 811 in
1462 775 1573 810 uno

284 852 358 906 Et
384 853 543 905 Bruti
571 850 745 903 cernit
771 848 1013 909 trabeam,
1039 852 1092 898 et
1118 850 1340 912 sceptra
1368 842 1603 907 Quirini.

285 936 529 989 Consule
549 935 765 985 laetatur
789 935 923 999 post
947 930 1185 997 plurima
1210 928 1426 979 saecula
1446 927 1570 978 viso

284 1019 609 1072 Pallanteus
636 1031 805 1083 apex.
879 1012 1210 1079 Agnoscunt
1237 1011 1447 1063 Rostra
1472 1009 1685 1063 curules

282 1101 524 1155 Auditas
546 1098 826 1167 quondam
852 1098 1099 1165 proaviS,
1125 1096 1461 1163 desuetaque
1487 1094 1656 1161 cingit
2010 1091 2121 1144 645

283 1186 498 1253 Regius
524 1183 730 1235 auratis
754 1182 876 1234 fora
898 1181 1145 1234 fascibus
1173 1180 1346 1248 Ulpia
1371 1181 1549 1232 lictor.

280 1311 486 1347 vertuntur
503 1306 544 1344 in
564 1305 765 1354 circulum,
797 1308 835 1344 et
863 1308 978 1355 porta
1013 1303 1216 1356 obfirmata
1237 1304 1401 1343 clathris
1426 1301 1600 1350 aetemis,
1619 1302 1751 1340 Janus
1764 1299 2033 1350 constringens
2048 1296 2124 1336 bel-

280 1363 319 1400 la
337 1362 407 1400 dat
422 1360 512 1411 paci
540 1360 779 1409 voluptatem
806 1359 1009 1396 innoxiam
1036 1369 1247 1406 armorum,
1274 1357 1345 1395 sub
1364 1357 1494 1407 specie
1522 1359 1643 1405 grata
1659 1355 1898 1406 proeliorum.
1954 1353 2125 1401 Jamque

280 1414 309 1455 J
313 1426 414 1453 anus
433 1412 636 1451 redimitus
644 1410 782 1459 fronte
801 1411 950 1461 duplici
963 1411 1102 1461 pandit
1116 1422 1260 1448 annum
1279 1422 1418 1448 novum
1439 1409 1563 1457 fastis
1568 1407 1805 1456 fortunatis.
1859 1407 1952 1444 Jam
1977 1404 2122 1456 Tybris

280 1466 389 1506 videt
409 1467 449 1505 in
477 1478 551 1503 uno
574 1464 784 1512 Honorio,
803 1468 841 1502 et
861 1467 1002 1502 vestem
1023 1463 1300 1502 Consularem
1335 1463 1473 1511 Bruti,
1493 1466 1531 1500 et
1559 1465 1754 1511 sceptrum
1775 1459 1943 1498 Romuli.
2003 1457 2126 1496 Collis

277 1519 490 1559 Palatinus
504 1519 652 1566 gaudet
672 1517 940 1566 Imperatore
972 1516 1154 1561 Consule,
1181 1520 1271 1553 tum
1302 1514 1469 1552 demum
1489 1517 1690 1563 conspecto
1717 1516 1806 1562 post
1826 1513 1949 1549 inulta
1966 1511 2124 1549 soecula.

283 1570 433 1612 Forum
452 1570 646 1618 cognoscit
672 1570 808 1607 sellam
835 1568 1066 1607 eburneam
1101 1566 1278 1605 auditam
1305 1567 1399 1604 olim
1431 1566 1602 1616 proavis,
1631 1569 1669 1603 et
1697 1564 1811 1603 lictor
1845 1563 2127 1614 Imperator-ius

283 1624 409 1664 ambit
421 1622 597 1674 fascibus
616 1621 744 1660 aureis
755 1620 852 1669 fora
879 1621 1000 1671 Ulpia
1019 1632 1094 1658 non
1123 1623 1278 1658 assueta
1299 1619 1480 1670 amplius
1502 1632 1511 1658 :
1542 1623 1655 1670 atque
1677 1616 1878 1656 Honorius
1894 1627 2036 1655 ornans
2043 1617 2128 1667 pal-

1057 1702 1355 1727 e'eeewoeae‘eeoae

279 1768 397 1809 Laeti
417 1773 460 1807 et
480 1768 663 1807 Lucens.
687 1778 753 1819 pr.
799 1767 860 1805 vel
891 1770 978 1806 vet.
999 1765 1107 1818 Gyr.
1131 1764 1197 1805 ed.
1224 1765 1368 1806 Vicet.
1414 1766 1574 1807 vincant
1593 1765 1725 1806 crebro
1745 1763 1865 1805 Med.
1892 1776 1998 1804 sec..
2012 1763 2127 1815 flea-u

278 1823 391 1862 Exc.
421 1822 550 1861 Laeti.
585 1822 690 1872 fletu
728 1821 848 1860 Rott.
882 1820 1006 1872 fluxu
1056 1818 1254 1870 ascripsit
1302 1818 1522 1871 Heinsius,
1556 1832 1611 1859 ex
1641 1819 1893 1870 conjectura
1923 1830 1976 1857 an
2005 1817 2129 1868 libro,

275 1876 510 1915 incertum.
545 1874 676 1925 flexu.
717 1886 814 1912 cum
850 1872 985 1925 τελείᾳ
1015 1873 1164 1925 στιγμῇ
1196 1873 1302 1912 Lov.
1346 1874 1501 1914 Dictaeo
1530 1886 1608 1925 pro
1632 1873 1816 1913 Discreto
1853 1872 2024 1911 'l‘holos.
2047 1883 2123 1910 ⁴re-

274 1931 408 1968 soluta
442 1930 547 1967 Lov.
591 1927 693 1968 Jun.
725 1939 790 1977 pr.
853 1927 991 1966 relicta
1020 1938 1098 1976 pro
1134 1926 1310 1966 revoluta
1337 1928 1441 1966 Vat.
1490 1929 1627 1979 quint.
1672 1926 1723 1966 In
1751 1925 1928 1965 Schedis
1956 1923 2127 1964 Heinsii

277 1994 320 2021 se
361 1995 401 2033 q.
420 1986 556 2021 erant.
598 1981 780 2020 resoluta.
801 1979 861 2019 sic
882 1980 1006 2019 Silius
1023 1979 1118 2018 Lib.
1138 1990 1200 2019 iv.
1222 1991 1280 2019 vs.
1301 1983 1396 2019 322.
1413 1993 1467 2019 ex
1486 1981 1591 2020 Mss.
1621 1981 1632 2002 ⁴
1656 1979 1800 2031 Atque
1820 1977 1954 2017 oedem
1976 1976 2128 2028 refuga

277 1995 489 2075 cedentes
517 2039 612 2073 arte
651 2032 894 2072 resolvunt!
924 2033 1010 2071 vid.
1042 2032 1253 2082 Scaliger.
1296 2033 1349 2071 ad
1388 2034 1538 2074 Manil.
1569 2046 1594 2073 a
1630 2045 1714 2084 quo
1749 2038 1892 2071 tamen
1929 2031 2128 2070 dissentit

276 2089 533 2139 Dempster.
551 2087 593 2125 in
613 2086 754 2125 Rosin.
776 2098 816 2136 p.
841 2088 1042 2125 22.-637
1069 2085 1270 2136 perpetuis
1289 2086 1382 2125 sine
1403 2088 1571 2138 copula,
1591 2087 1716 2125 Farn.
1737 2086 1842 2134 Reg.
1862 2086 1964 2123 Lov.
1984 2084 2126 2123 Oxou.

277 2154 343 2192 pr.
393 2140 558 2180 clautris
597 2151 673 2190 pro
701 2140 886 2177 claustris
923 2138 1060 2178 Oisel.
1107 2137 1290 2177 claustris
1308 2139 1408 2179 Jun.
1440 2151 1504 2190 pr.
1553 2139 1715 2178 clathris
1733 2144 1818 2177 vet.
1839 2138 1947 2188 Gyr.
1987 2139 2129 2176 castris

277 2195 390 2234 Exc.
410 2193 515 2234 Cod.
537 2192 829 2231 Rhem.-638
859 2193 960 2229 laetae
980 2192 1083 2230 Put.
1115 2190 1265 2232 Ambr.
1290 2204 1352 2243 pr.
1373 2192 1476 2231 item
1496 2192 1627 2232 Gesn.
1647 2197 1691 2230 et
1712 2191 1780 2230 ed.
1808 2191 1985 2241 Bipont.
2035 2192 2127 2230 loeta

277 2259 434 2287 omnes
452 2247 575 2285 Vatt.
597 2246 693 2284 Pal.
715 2245 843 2283 Farn.
864 2244 982 2283 Prie.
1003 2244 1139 2284 Oisel.
1184 2245 1295 2283 loelas
1322 2244 1477 2285 Petav.
1517 2258 1602 2285 sec.
1649 2246 1731 2284 lata
1764 2245 1884 2283 Rott.
1902 2243 2020 2283 Med.
2040 2255 2125 2283 sec.

273 2313 407 2351 poenoe
428 2311 508 2350 pro
522 2311 667 2349 pugna>
686 2297 841 2337 Petav.
863 2300 1103 2336 tert—640
1119 2295 1249 2346 sactis
1277 2298 1514 2338 Pac—641
1549 2298 1683 2347 Tigris
1712 2309 1790 2348 pro
1825 2296 1991 2348 Thybris
2023 2296 2126 2338 Jun.

275 2365 352 2403 pr.
369 2352 510 2392 Oxou.
529 2363 613 2390 sec.
658 2351 788 2390 inimo
808 2351 908 2389 Var.
925 2351 1010 2390 LL.
1032 2349 1100 2388 ed.
1125 2349 1395 2390 Antv.—642
1422 2355 1584 2391 cernunt
1599 2352 1707 2402 Reg.
1723 2350 1866 2390 Oxou.
1882 2362 1944 2401 pr.
1959 2350 2126 2391 Bonon.

274 2405 386 2446 Pat.
405 2405 557 2445 Ambr.
574 2415 637 2455 pr.
658 2403 741 2442 duo
770 2404 1064 2442 Petam—644
1093 2408 1325 2452 cognoscunt
1346 2404 1465 2445 Med.
1494 2416 1580 2444 sec.
1626 2404 1770 2443 curulis
1796 2403 1950 2443 Petav.
1984 2415 2128 2442 sec.—

278 2462 363 2499 645
396 2459 560 2497 Auditis
584 2457 683 2495 Var.
707 2457 793 2496 LL.
828 2456 897 2495 ed.
931 2455 1062 2495 Antv.
1104 2468 1248 2507 proavo
1266 2458 1437 2497 Tholos.
1483 2460 1711 2508 desuetaque
1736 2458 1842 2496 Exc.
1866 2457 1994 2496 Laeti.
2038 2468 2127 2495 con-

271 2516 471 2563 suetaque
488 2512 682 2550 Florent.
729 2510 972 2560 dissuetaque
1001 2509 1101 2550 Jun.
1131 2521 1196 2560 pr.
1231 2510 1314 2550 duo
1342 2511 1464 2551 Vatt.
1496 2512 1618 2550 Rott.
1651 2511 1766 2550 Med.
1799 2521 1884 2549 sec.
1902 2511 2011 2560 Reg.
2041 2509 2125 2550 duo

286 2566 448 2606 Petav.
468 2566 627 2605 Moret.
648 2576 734 2603 sec.
757 2564 863 2603 Exc.
879 2564 1061 2603 Lucens.
1084 2574 1149 2614 pr.
1170 2562 1242 2603 ed.
1262 2565 1543 2605 Vicet.—646
1571 2564 1748 2615 Regibus
1768 2575 1843 2615 pro
1861 2563 2012 2614 Regius
2027 2563 2127 2603 Vat.

1119 2657 1301 2698 NOTAE

342 2729 422 2766 637
453 2726 618 2766 Immoto
641 2723 819 2775 cardine]
846 2724 947 2766 Jani
969 2724 1175 2775 templum
1243 2724 1457 2766 bitabant.

289 2790 407 2842 pacis
422 2794 617 2840 tempore
633 2788 923 2828 claudebatur.
1300 2788 1486 2839 Curules]
1527 2788 1684 2828 Sellam
1718 2786 1963 2838 eburneam,
1982 2786 2025 2827 in
2045 2796 2128 2839 qua

344 2855 425 2892 639
451 2852 662 2892 Armorum
707 2851 886 2902 honores]
948 2850 1174 2890 Armorum

290 2919 436 2965 gratas
471 2921 514 2953 et
548 2914 805 2954 honorificas
826 2914 1173 2953 exercitationes.

344 2978 424 3017 642
459 2976 592 3026 Bruti,
614 2976 794 3027 Quirini]
821 2977 964 3027 Bruti,
979 2977 1050 3029 qui
1065 2977 1173 3016 Con-

274 3038 486 3078 sulatum
509 3039 711 3088 instituit,
740 3045 786 3078 et
805 3039 973 3081 Quirini
992 3052 1065 3079 seu
1086 3040 1174 3079 Ro-

288 3100 501 3151 muli,qui
532 3111 708 3150 regnum
741 3092 946 3140 condidit.
1004 3102 1176 3141 Utrum-

292 3175 378 3215 que
400 3162 615 3202 Honorius
642 3162 797 3200 Consul
820 3162 1010 3211 exhibet,
1030 3171 1073 3202 et
1094 3165 1176 3202 Ro-

292 3226 451 3266 mulum
474 3227 654 3276 Regem,
670 3231 714 3264 et
730 3226 914 3264 Brutum
933 3226 1176 3266 Consulem.

343 3291 422 3328 644
476 3289 704 3328 Pallanteus
747 3288 868 3339 apex]
928 3290 1060 3329 Collis
1098 3302 1174 3329 seu

282 3363 403 3392 mons
423 3351 663 3403 Palatinus,
688 3363 795 3390 unus
815 3364 870 3391 ex
896 3359 1060 3403 septem
1083 3354 1169 3392 Ro-

279 3427 359 3455 mae
381 3414 575 3468 collibus,
606 3415 648 3455 in
676 3427 760 3469 quo
781 3414 1074 3469 Imperatores,
1090 3417 1160 3456 ha-

1243 2851 1484 2891 vehebatur
1503 2851 1747 2901 Imperator
1765 2849 1938 2889 Consul.

1294 2919 1373 2954 645
1403 2914 1594 2966 Auditus]
1640 2914 1794 2953 Forum
1831 2910 2044 2962 agnoscit,
2065 2916 2127 2963 et,

1242 2983 1291 3017 ut
1310 2978 1372 3017 ita
1390 2978 1546 3027 dicam,
1578 2977 1695 3015 videt
1716 2975 1862 3014 sellam
1881 2974 2128 3025 eburneam,

1241 3042 1323 3080 hoc
1360 3046 1441 3090 est,
1500 3039 1779 3079 Consulatum
1828 3036 2125 3087 Imperatoris.

1242 3103 1434 3143 Auditum
1449 3101 1618 3153 proavis,
1652 3098 1695 3138 id
1733 3105 1814 3150 est,
1838 3099 1879 3138 id
1901 3100 2013 3150 quod
2037 3105 2129 3139 tan·

1244 3171 1334 3204 tum
1354 3163 1578 3202 audierant
1605 3161 1803 3211 majores.
1864 3161 1989 3200 Multi
2011 3162 2125 3202 enim
2171 3170 2176 3174 ·

1244 3228 1470 3278 Principes
1514 3231 1613 3264 ante
1649 3224 1885 3263 Honorium
1920 3222 2127 3275 dedigna-

1244 3290 1400 3329 bantur
1430 3288 1725 3335 Consulatum,
1768 3293 1815 3325 ut
1862 3298 2013 3340 munus
2050 3299 2125 3326 sua

1239 3353 1466 3404 majestate
1483 3362 1568 3389 non
1589 3350 1691 3389 satis
1709 3349 1895 3398 dignum.
2062 3370 2094 3379 -›>

1288 3419 1369 3456 646
1399 3414 1550 3465 Regius
1586 3412 1720 3463 lictor]
1750 3411 1899 3453 Lictor
1930 3410 2119 3464 Impera-
