2300 3906
345 152 459 208 688
908 166 1005 206 eL.
1044 162 1398 204 eLAumANr
1442 162 1628 208 xx1v‚

352 301 498 368 Quae
523 316 656 355 vero
682 302 986 369 procerum
1000 313 1190 359 voceS,
1214 312 1383 364 quam
1403 302 1557 348 certa·
1578 296 1730 348 fuere

349 387 588 450 Gaudia,
617 403 740 438 cum
765 384 900 436 totis
926 398 1221 446 exsurgens
1248 381 1418 434 ardua
1442 382 1635 448 pennis

348 471 485 540 Ipsa
510 472 639 523 duci
664 485 855 521 sacras
880 467 1135 519 Victoria
1162 466 1432 533 panderet
1457 467 1608 518 alas!

348 553 399 605 Ο
425 555 613 622 palma
640 554 800 604 viridi
827 552 1090 619 gaudem,
1110 556 1162 602 et
1187 552 1389 602 amicta
1411 549 1663 617 tropaeiS,

347 637 552 691 Custos
579 638 791 705 imperii
817 636 1012 703 Virg0‚
1041 652 1169 703 quae
1198 636 1329 705 sola·
1343 634 1581 686 mederis

347 720 701 784 VulneribuS,
726 722 1041 788 nullumque
1067 720 1232 771 doces
1257 721 1458 772 sentire
1483 719 1758 770 laborem:

2067 548 2179 602 205

344 897 607 945 verosuerunt
624 898 783 948 plausus
800 896 1046 947 optimatum,
1073 909 1186 947 quum
1204 909 1298 936 vera
1316 895 1472 944 laetitia,
1489 906 1576 934 cum
1600 893 1779 934 Victoria
1796 894 1892 944 alta,
1911 893 2088 934 excitata
2103 894 2182 934 olis

345 951 537 999 omnibus,
553 952 638 1000 ipsa
656 951 891 1000 expanderet
916 949 1087 988 Ductori
1105 949 1331 989 stilichoni
1356 960 1505 999 pennas
1519 952 1706 988 sacratas.
1763 948 1800 986 Ο
1829 948 1956 998 puella
1985 947 2179 989 Victoria

345 1006 482 1044 loetuns
508 1004 638 1054 palma
658 1002 871 1050 viridante,
888 1005 927 1040 et
946 1003 1130 1041 redimita
1149 1002 1376 1053 triumphis,
1393 1000 1660 1040 conservatrix
1679 1000 1850 1051 imperii,
1866 1013 1952 1052 quae
1971 1013 2049 1041 unu
2063 1009 2178 1040 sanas

341 1059 481 1111 plagas
499 1063 679 1107 nostras,
697 1059 736 1095 et
754 1056 864 1094 doces
879 1056 1026 1095 nullum
1055 1056 1335 1107 persentiscere
1353 1057 1532 1095 sudorem
1543 1068 1557 1094 .·
1585 1066 1651 1095 seu
1678 1054 1810 1095 sidera
1830 1056 1992 1094 Coronoe
2009 1054 2180 1096 Dictoea

1071 1171 1095 1184 O
1100 1170 1169 1185 ’φο
1173 1171 1216 1184 ΙΙ
1222 1171 1264 1186 ‘O
1271 1170 1366 1185 ‘05‘

341 1250 415 1292 ed.
435 1251 580 1291 Parm.
610 1253 656 1288 et
673 1249 818 1288 Vicet.
862 1251 1116 1289 conscendunt
1148 1249 1312 1288 Mazar.
1358 1250 1564 1288 succedant
1583 1249 1687 1288 Var.
1711 1249 1794 1288 LL.
1829 1261 1854 1288 e
1874 1261 2008 1300 marg.
2029 1247 2179 1289 Parm-

341 1305 601 1344 conscendunt
632 1303 701 1341 vel
733 1304 988 1341 conscendant
1014 1302 1134 1342 Med.
1157 1307 1258 1342 tert.
1302 1303 1449 1342 car-ime
1466 1304 1566 1342 Vat.
1586 1302 1854 1354 quint.-—202
1887 1303 1985 1346 Quae
2003 1314 2092 1341 vero
2110 1302 2179 1341 vel

347 1358 385 1397 Ο
404 1358 531 1408 quales
550 1355 690 1395 Oxou.
726 1359 927 1407 pr.—203
957 1360 1017 1395 ter
1047 1356 1142 1394 totis
1173 1356 1257 1394 inc.
1298 1355 1450 1395 Heius.
1495 1356 1595 1394 tutis
1614 1356 1734 1395 Rott.
1780 1356 1883 1394 notis
1913 1354 2179 1406 conjiciebat

343 1411 496 1451 Heius.
525 1422 643 1449 aurea
668 1409 786 1449 Med.
819 1414 953 1461 quart.
995 1410 1128 1461 pinnis
1162 1409 1296 1449 Oisel.
1327 1409 1483 1449 Petav.
1505 1421 1588 1448 sec.
1611 1408 1752 1448 Oxou.
1773 1421 1858 1448 sec.
1878 1421 1934 1447 m.
1965 1420 2050 1449 sec.
2070 1407 2178 1448 Excss

342 1465 525 1509 Lucens.
546 1476 611 1514 pr.
639 1463 744 1513 pinis
757 1466 802 1502 et
822 1462 1093 1502 emendatum
1126 1462 1256 1513 pinnis
1282 1462 1403 1502 Voss.
1444 1462 1578 1512 pinnis
1607 1462 1675 1501 vel
1700 1461 1840 1512 pennis
1871 1461 1992 1500 Med.
2023 1465 2180 1501 tert.—

342 1520 423 1558 204
451 1517 560 1555 ducis
581 1517 683 1555 Lov.
703 1515 854 1556 Ambr.
884 1528 948 1567 pr.
989 1516 1131 1566 pandit
1157 1519 1195 1554 et
1230 1517 1336 1566 Reg.
1381 1527 1489 1554 arces
1518 1516 1640 1554 Farn.
1686 1515 1788 1553 oedes
1804 1514 1904 1553 vat.
1925 1526 1989 1564 pr.
2010 1518 2055 1553 et
2074 1518 2178 1555 tert.

341 1570 439 1610 Pal.
460 1570 579 1609 Prie.
598 1569 731 1608 Oisel.
754 1569 943 1608 Florent.
965 1568 1049 1606 duo
1069 1567 1191 1607 Med.
1222 1567 1335 1619 Reg.
1362 1569 1527 1607 Tbuan.
1553 1568 1718 1607 Mazar.
1738 1567 1845 1607 Exc.
1867 1566 1978 1606 Laeti
2010 1571 2057 1606 et
2092 1567 2176 1607 Ln-

341 1635 453 1662 cens.
474 1635 538 1672 pr.
561 1621 646 1661 vid.
665 1621 763 1660 infr.
784 1633 845 1662 vs.
862 1625 957 1661 214.
985 1622 1066 1661 ales
1083 1621 1208 1660 Voss.
1238 1621 1322 1660 alas
1342 1620 1425 1660 duo
1447 1621 1598 1660 Leidd.
1619 1633 1714 1660 cum
1736 1619 2042 1671 septemdecim
2063 1619 2178 1670 aliis,

341 1677 451 1716 Exc.
473 1676 649 1714 Gevart.
671 1675 739 1714 ed.
758 1675 905 1715 Parm.
926 1680 972 1714 et
992 1675 1130 1714 vicet.
1149 1674 1252 1713 Var.
1274 1675 1363 1714 LL.
1385 1674 1451 1713 ed.
1472 1673 1605 1714 Antv.
1651 1685 1742 1713 aras
1758 1674 1829 1713 vel
1847 1675 1930 1714 alos
1947 1673 2053 1714 Lov.
2094 1673 2178 1714 alas·

341 1730 410 1768 vel
429 1730 531 1767 <edes
549 1729 700 1767 Petav.
724 1739 788 1778 pr.
812 1728 954 1768 Oxon.
976 1739 1061 1766 sec.
1082 1727 1204 1766 Med.
1224 1731 1326 1768 tert.
1383 1728 1585 1767 Heinsius
1619 1728 1876 1778 ascripserat
1894 1728 2034 1766 locum
2054 1727 2178 1766 Lam-

340 1781 470 1876 priiizii
491 1782 531 1820 in
554 1780 805 1873 Alexantdro
824 1781 984 1843 Severo
1004 1784 1162 1872 [1).118.
1183 1780 1359 1873 {Patg
1387 1781 1539 1873 {adem
1575 1785 1711 1874 mffitet
1734 1782 1776 1819 in
1796 1780 2081 1874 somnilsavit‘iilt
2100 1780 2179 1874 {lis

340 1847 387 1875 se
449 1847 608 1874 omanae
644 1847 710 1873 vlc
735 1846 836 1873 oriae
866 1847 910 1873 m
942 1846 1005 1873 coe
1027 1846 1094 1873 um
1127 1845 1179 1872 ve
1213 1846 1239 1875 ι.
1358 1846 1400 1874 vi
1434 1863 1445 1874 .
1481 1845 1581 1874 vnr.
1666 1846 1689 1872 e
1714 1845 1795 1873 am.
1829 1847 1893 1874 vs.
1983 1862 1994 1873 .
2078 1845 2104 1873 n
2128 1845 2176 1874 er

340 1893 569 1940 utrumque
591 1888 705 1927 volat
730 1887 868 1927 dubiis
900 1888 1085 1927 victoria
1113 1886 1297 1937 pennis!
1326 1893 1371 1927 et
1398 1899 1450 1927 ιι.
1467 1888 1596 1928 Trist.
1619 1900 1677 1927 vs,
1702 1890 1794 1928 171.
1824 1889 1835 1910 ‘
1856 1885 2177 1939 Ausoniumque

342 1942 515 1981 Ducem
549 1940 685 1979 solitis
716 1941 997 1980 circumvolet
1027 1940 1134 1980 alis!
1176 1940 1238 1979 ita
1271 1942 1351 1980 ales
1386 1941 1565 1982 Victoria
1595 1952 1656 1980 vl.
1677 1942 1802 1981 Cous.
1827 1941 1993 1981 Honor.
2025 1943 2178 1981 597.—

340 1997 418 2034 205
452 1995 489 2032 Ο
518 1995 649 2045 palma
678 1994 798 2033 viridi
830 1994 929 2034 Vat.
963 2005 1027 2045 pr.
1059 1999 1104 2032 et
1137 1997 1240 2033 tert.
1271 1995 1367 2034 Pal.
1400 1994 1519 2034 Pric.
1544 1994 1675 2034 Oisel.
1696 1999 1785 2034 tres
1804 1994 1926 2034 Med.
1946 1994 2047 2034 Put.
2071 1994 2177 2046 Reg.

341 2047 505 2086 Mazar.
526 2047 626 2086 Pat.
648 2046 795 2086 Ambr.
815 2048 955 2087 Oxou.
990 2059 1053 2097 pr.
1080 2047 1207 2085 Voss.
1227 2047 1390 2086 Moret.
1411 2059 1494 2087 sec.
1508 2048 1597 2086 duo
1619 2049 1771 2087 Leidd.
1793 2048 1893 2088 Vat.
1913 2047 2051 2086 Livin.
2071 2047 2178 2087 Var.

340 2100 430 2140 LL.
450 2100 519 2139 ed.
537 2099 666 2139 Antv.
698 2101 752 2138 Et
774 2106 859 2139 tres
877 2101 1000 2139 Vatt.
1019 2101 1147 2140 Fam.
1168 2101 1288 2140 Rott.
1329 2101 1386 2139 Et
1406 2101 1474 2141 vel
1497 2101 1534 2138 Ο
1551 2101 1704 2142 Petav.
1725 2114 1789 2152 pr.
1817 2102 1968 2153 florens
1986 2101 2013 2142 J
2019 2112 2089 2141 un.
2106 2113 2176 2153 pr.

343 2152 485 2192 Oxon.
506 2165 594 2192 sec·
636 2153 761 2192 amica
779 2154 880 2193 Vat.
902 2165 966 2204 pr.
988 2165 1043 2191 m.
1066 2165 1130 2204 pr.
1151 2153 1270 2192 Prie.
1292 2152 1430 2193 Oisel.
1459 2153 1545 2192 duo
1564 2154 1681 2193 Med.
1701 2155 1805 2204 Reg.
1826 2155 1989 2194 Mazar.
2007 2155 2177 2195 Bonon.

340 2206 507 2245 Tholos.
527 2205 675 2246 Ambr.
696 2218 761 2258 pr.
781 2206 936 2246 Petav.
954 2211 1054 2246 tert.
1073 2207 1214 2246 Oxon.
1235 2218 1299 2256 pr.
1327 2206 1452 2245 amica
1470 2207 1538 2246 vel
1558 2207 1702 2245 amicta
1722 2208 1822 2245 Vat.
1844 2210 2080 2247 terh—207
2108 2208 2176 2246 do-

340 2271 429 2298 cens
443 2260 550 2310 Reg.
571 2259 710 2299 Oxou.
732 2271 796 2309 pr.
826 2259 941 2308 jubes
956 2260 1059 2299 vat.
1081 2271 1165 2299 sec.
1198 2259 1359 2299 Moret.
1394 2272 1457 2310 pr.
1496 2271 1629 2298 sevare
1648 2260 1775 2299 Farn.
1804 2261 1972 2299 dolorem
1986 2260 2088 2301 Jun.
2106 2272 2173 2312 pr.

340 2311 482 2355 Oxon.
503 2324 588 2353 sec.
609 2318 695 2352 tres
707 2313 828 2353 Vatt.
846 2312 965 2354 Med.
982 2325 1067 2353 sec.
1086 2313 1187 2353 Put.
1208 2312 1308 2353 Pat.
1328 2313 1483 2353 Petav.
1515 2325 1582 2365 pr.
1602 2313 1704 2352 var.
1724 2314 1810 2354 LL.
1839 2311 1906 2353 ed.
1936 2312 2068 2355 Antv.
2114 2311 2177 2353 cass·

1169 2446 1352 2488 NOTAE

337 2546 497 2588 debant
513 2551 652 2588 rostra
666 2547 837 2590 navium
857 2548 1141 2589 devictarum.

391 2614 473 2650 202
516 2611 636 2651 Certa
664 2611 834 2663 gaudia]
882 2614 1011 2663 Vera,
1039 2613 1221 2665 sincera,

335 2685 422 2713 non
454 2673 654 2713 adulandi
685 2675 842 2726 studio,
873 2687 960 2715 non
991 2676 1221 2716 ambitione

336 2740 521 2776 extorta.

389 2802 470 2839 206
501 2801 643 2840 Custos
659 2800 817 2853 imperii
838 2801 980 2854 Virgo]
1005 2801 1219 2853 Victoria,

337 2874 464 2913 quam
494 2868 543 2903 ut
575 2863 711 2904 Deam
738 2865 930 2918 exhibet,
957 2878 1139 2918 eamque
1157 2867 1218 2906 sie

337 2924 587 2976 alloquitur:
622 2927 755 2979 Fave,
768 2941 921 2979 annue,
938 2942 963 2969 o
975 2930 1125 2981 Virgo,
1144 2942 1219 2970 seu

336 2986 393 3026 sis
428 2999 565 3038 prope
598 2989 810 3031 Coronam
856 2991 1098 3043 Ariadnes3
1144 3006 1219 3034 seu

335 3061 474 3102 prope
496 3051 709 3101 Leonem3
743 3066 816 3093 seu
837 3066 931 3094 cum
952 3061 1124 3107 sceptro
1142 3056 1217 3097 Jo-

334 3112 424 3162 viz-33
453 3125 527 3153 seu
547 3113 591 3153 in
611 3115 747 3167 aegide
767 3116 974 3168 Palladis,
993 3130 1067 3158 seu
1084 3130 1218 3169 prope

333 3174 537 3217 Martem.
593 3176 740 3229 Prope
760 3190 957 3219 coronam
989 3179 1217 3231 Ariadnes,

334 3242 513 3290 propter
533 3238 766 3279 Herculem
781 3241 964 3282 vicinum
983 3243 1216 3296 (ἑγγόνασιν

332 3306 491 3341 vocant
501 3302 776 3354 ingenie-utum,
785 3304 886 3356 quia
900 3318 1009 3356 genu
1028 3305 1215 3358 nititur),

331 3364 403 3406 cui
434 3365 614 3408 Herculi
646 3378 816 3422 semper
851 3365 962 3409 favit
1004 3368 1214 3410 Victoria.

1289 2547 1435 2600 Prope
1456 2548 1660 2599 Leonem,
1688 2551 1868 2599 propter
1881 2546 2069 2598 Virginis
2089 2547 2174 2599 sig·

1287 2623 1390 2651 num
1410 2611 1612 2663 vicinum,
1629 2623 1726 2664 quae
1746 2617 1793 2651 et
1811 2611 1905 2663 ipsa
1921 2611 2057 2663 Virgo
2074 2611 2175 2652 Vic-

1289 2674 1402 2714 toria
1430 2674 1579 2715 haberi
1599 2678 1760 2725 potest,
1781 2685 1878 2713 curn
1899 2673 1987 2712 alas
2008 2672 2174 2724 pariter

1287 2743 1417 2778 nacta
1449 2738 1519 2779 sit.
1575 2738 1682 2777 Cum
1716 2741 1888 2788 sceptro
1906 2736 2045 2787 Jovis,
2070 2735 2173 2789 quia

1284 2800 1483 2841 Victoria
1512 2800 1556 2840 in
1585 2799 1715 2850 ipsius
1734 2799 1855 2841 Jovis
1882 2798 2078 2838 manibus
2098 2810 2172 2850 po·

1288 2864 1373 2904 sita
1415 2868 1498 2904 est.
1552 2862 1734 2903 Hebraei
1770 2863 1913 2902 Deum
1943 2860 2173 2912 vocabant,

1286 2928 1418 2968 Deum
1435 2927 1690 2967 exercituum.
1718 2926 1770 2966 In
1785 2925 1924 2979 aegide
1942 2925 2172 2977 Minervae,

1285 2990 1385 3043 quia
1418 2991 1522 3041 aegis
1555 2988 1646 3029 fert
1680 3001 1826 3028 secum
1862 2994 2088 3040 terrorem,
2125 2993 2172 3031 et

1284 3053 1384 3092 ideo
1414 3052 1649 3092 victoriam.
1704 3053 1849 3103 Prope
1879 3052 2065 3092 Martem
2098 3051 2170 3091 de-

1283 3115 1431 3168 nique,
1451 3116 1551 3167 quia
1579 3115 1699 3154 Mars
1731 3119 1798 3154 est
1826 3114 2035 3154 bellorum
2057 3125 2167 3165 prae-

1285 3189 1364 3220 ses.
1397 3178 1523 3218 Hanc
1543 3189 1714 3230 quoque
1733 3176 2072 3217 Annotationem
2091 3188 2168 3217 no·
2246 3214 2253 3218 .

1284 3241 1350 3282 bis
1385 3239 1681 3294 suppeditavit
1718 3239 1958 3280 doctissimi
1995 3239 2169 3282 nobilis·

1281 3305 1459 3361 simique
1479 3304 1634 3347 Huetii
1653 3310 1825 3358 promta
1840 3303 2094 3346 liberalitas.
