2300 3906
339 225 449 279 642
892 238 990 277 ci„
1030 232 1386 275 anumANi
1430 233 1597 273 xxu.

340 357 523 411 Nasci
546 373 710 426 posse
735 370 937 406 moraS.
1013 353 1198 405 Etiam
1221 368 1363 405 nunc
1387 353 1482 405 ille
1507 357 1791 421 repugnat,

338 441 414 496 Et
436 447 587 495 tanto
613 441 824 493 dubitat
847 438 1026 490 fasces
1054 438 1300 505 praebere
1324 437 1642 505 triumpho?
2053 436 2162 489 260

339 525 455 591 Qui
480 527 613 578 mihi
641 524 958 576 Maurorum
984 524 1207 590 penitus
1230 522 1590 590 lacrymabile
1612 536 1810 574 nomen

339 611 599 678 Ignorare
625 609 793 661 dedit.
870 608 1012 660 Post
1030 608 1130 659 has
1158 607 1419 659 OEnotria
1440 606 1609 658 lentis

337 693 565 746 Vitibus
588 695 900 760 intorquens
926 691 1173 754 hederaS,
1200 697 1256 742 et
1282 691 1512 758 palmite
1537 692 1691 758 largo

337 777 491 830 Vina
515 778 711 840 fiuenS,
739 778 801 829 Si
824 793 925 828 vos
951 777 1092 828 adeo
1118 776 1425 828 Stilichone
1450 776 1664 828 curules

335 861 543 928 Augeri
567 861 832 927 flagratiS,
859 860 956 922 ait,
984 876 1122 926 quas
1147 861 1269 911 sola
1286 861 1484 928 juvare
2054 855 2164 908 265

339 945 516 998 Fama
539 950 757 1012 potest:
800 948 1006 1011 quanto
1032 959 1121 994 me
1143 943 1358 1008 dignius
1381 943 1579 993 incitat
1604 940 1782 1004 ardor,

336 1029 418 1082 Ut
439 1033 714 1098 praesente
734 1029 899 1089 fruar,
926 1026 1497 1093 conscendentemque
1523 1026 1760 1078 tribunal

334 1112 665 1180 'Prosequan
693 1116 857 1180 atque
884 1111 1011 1163 anni
1034 1111 1361 1179 pandentem
1387 1111 1629 1163 claustra
1654 1110 1929 1162 salutem?
1980 1148 1982 1151 ψ

405 1197 644 1249 Talibus
671 1197 939 1249 alternant
964 1196 1183 1260 studiiS,
1212 1195 1562 1264 Romamque
1587 1198 1878 1263 precantes

336 1279 447 1333 Pro
473 1280 682 1333 cunctis
705 1280 986 1332 hortantur
1009 1284 1119 1331 eat.
1196 1279 1323 1331 Nec
1349 1280 1569 1347 segnius
1595 1279 1694 1331 illa
2053 1278 2163 1331 270

334 1483 436 1511 nunc
453 1471 618 1523 resistit,
649 1475 688 1511 et
718 1471 790 1511 ille
810 1470 978 1521 ambigit
1005 1484 1056 1512 an
1077 1471 1235 1512 debeat
1264 1474 1358 1512 dare
1367 1471 1500 1521 fasces
1515 1475 1640 1510 tantoe
1659 1469 1832 1510 victoriae
1846 1467 1867 1510 ί)
1898 1468 1964 1520 qui
1981 1468 2165 1508 concessit

334 1525 434 1564 mihi
450 1525 595 1564 nescire
613 1525 765 1564 omnino
783 1537 917 1564 nomen
936 1526 1151 1565 luctuosum
1169 1527 1414 1565 Maurorum.
1470 1525 1567 1566 Post
1587 1525 1656 1563 has
1675 1522 1920 1574 provincias
1940 1521 2063 1560 Italia
2083 1525 2167 1560 tor-

334 1590 454 1628 quens
469 1579 630 1617 hederas
648 1590 742 1617 cum
762 1578 885 1616 vineis
906 1578 1126 1629 flexilibus,
1145 1583 1184 1617 et
1194 1578 1369 1626 fundens
1392 1578 1486 1617 vina
1504 1589 1558 1616 ex
1581 1578 1661 1616 vite
1680 1575 1848 1623 liberali,
1875 1574 1924 1614 Si
1942 1586 2007 1613 vos
2023 1573 2085 1613 ita
2102 1586 2166 1613 ar-

333 1631 452 1680 detis,
470 1631 611 1681 inquit,
630 1631 777 1669 curules
794 1632 975 1670 honorari
994 1631 1224 1682 Stilichone,
1255 1644 1326 1671 vos
1342 1643 1437 1682 quas
1454 1631 1534 1669 sola
1554 1628 1669 1678 fama
1687 1629 1817 1681 ipsius
1836 1629 2030 1668 delectare
2048 1627 2166 1678 valet,

333 1688 477 1735 quanto
495 1685 621 1733 majus
637 1683 868 1722 desiderium
886 1697 948 1723 me
975 1683 1216 1735 inflammat,
1246 1689 1292 1724 ut
1317 1684 1452 1735 potiar
1469 1684 1564 1734 ipso
1580 1687 1786 1734 premente,
1815 1686 1853 1721 et
1873 1687 1920 1721 ut
1937 1682 2061 1721 colam
2079 1692 2178 1720 eum*

332 1738 600 1776 ascendentem
627 1736 763 1775 solium
793 1738 1033 1787 consulare,
1064 1741 1104 1776 et
1137 1743 1185 1777 ut
1216 1739 1451 1777 consalutem
1481 1738 1622 1787 ipsum
1654 1736 1892 1786 aperientem
1926 1733 2166 1785 principium

333 1787 463 1829 anni?
495 1790 738 1829 Provinciae
767 1790 991 1829 alternatim
1022 1791 1254 1842 loquuntur
1273 1791 1346 1830 tali
1365 1802 1511 1840 amore,
1540 1793 1579 1829 et
1609 1793 1793 1839 rogantes
1815 1789 1991 1838 Romam,
2021 1787 2164 1827 exhor·

333 1846 473 1883 tantur
502 1849 552 1883 ut
582 1844 698 1883 adeat
715 1842 995 1884 Stilichonem
1009 1856 1083 1895 pro
1103 1857 1148 1884 se
1167 1844 1355 1884 omnibus.
1413 1844 1548 1895 Neque
1580 1843 1649 1883 illa
1673 1843 1810 1883 Roma
1840 1842 2012 1882 obedivit
2030 1840 2165 1880 indili-

1099 1964 1396 1983 OOOOOOOOOOO

334 2043 436 2082 Vat.
457 2053 541 2081 sec.
571 2053 627 2080 m.
662 2044 860 2092 pr.—-259
883 2045 1107 2093 propugnat
1137 2043 1238 2082 Vat.
1271 2043 1543 2094 quint.—260
1571 2042 1723 2083 dubitat
1744 2046 1854 2082 tanto
1883 2043 2043 2082 Moret.
2075 2053 2163 2083 sec.

325 2095 477 2144 fascem
498 2094 620 2133 Med.
638 2098 860 2133 sem—262
889 2095 959 2133 has
978 2095 1079 2134 Vat.
1099 2107 1163 2146 pr.
1184 2100 1231 2134 et
1251 2101 1353 2135 tert.
1387 2097 1481 2136 Pal.
1502 2098 1622 2136 Prie.
1644 2097 1764 2137 Rott.
1781 2096 1916 2136 Oisel.
1938 2096 2079 2136 Oxon.
2100 2107 2165 2147 pr.

335 2150 421 2189 duo
438 2146 559 2187 Med.
581 2148 686 2186 Exc.
707 2148 888 2187 Lucens.
922 2159 1007 2187 sec.
1037 2148 1119 2186 haec
1152 2153 1242 2187 tres
1261 2150 1381 2188 Vatt.
1414 2148 1462 2187 τὸ
1481 2150 1551 2189 has
1585 2150 1737 2189 deerat
1768 2151 1895 2189 Far-n.
1925 2150 2047 2190 lentas
2064 2149 2166 2188 Vat.

335 2207 440 2242 tert.
475 2213 529 2240 m.
549 2212 615 2251 pr.
650 2200 810 2239 Moret.
842 2213 927 2240 sec.
956 2201 1059 2239 loetis
1092 2202 1214 2240 Rott.
1246 2201 1368 2240 Med.
1402 2206 1624 2242 sem—263
1660 2202 1824 2243 Viribus
1854 2203 2025 2243 Tholos.
2054 2203 2167 2253 longo

334 2255 583 2306 Rem—2611
610 2253 715 2292 rivos
733 2266 811 2304 pro
830 2254 866 2292 si
884 2266 949 2292 vos
967 2254 1224 2304 ascripserat
1243 2254 1464 2304 Heinsius,
1486 2267 1540 2294 ex
1561 2255 1670 2295 libro
1687 2268 1742 2295 an
1759 2256 2013 2306 conjectura
2032 2256 2171 2296 incer-

335 2314 443 2349 tum.
487 2306 523 2345 si
554 2318 621 2344 nos
652 2307 752 2347 Var.
773 2307 861 2346 LL.
894 2307 964 2347 ed.
997 2306 1132 2346 Antv.
1184 2308 1366 2347 Curulem
1398 2309 1498 2348 Vat.
1528 2320 1592 2359 pr.
1630 2321 1684 2349 m.
1718 2321 1784 2359 pr.
1805 2309 1939 2348 Oisel.
1966 2310 2068 2351 Jun.
2103 2321 2166 2361 pr.

335 2360 457 2400 Leid.
478 2372 544 2410 pr.
564 2371 619 2398 m.
639 2363 835 2410 pr.-265
864 2360 1024 2409 Augere
1042 2362 1144 2400 Vat.
1176 2372 1242 2411 pr.
1263 2373 1317 2400 m.
1336 2373 1402 2411 pr.
1432 2373 1524 2412 quos
1555 2361 1716 2400 Moret.
1749 2365 1949 2412 piu—266
1977 2361 2166 2413 quantum
2208 2402 2211 2404 ,

333 2414 494 2452 Thuan.
523 2412 664 2450 incitat
686 2418 871 2464 quatuor
894 2414 1015 2452 Vatt.
1037 2414 1132 2452 Pal.
1154 2414 1279 2453 Farn.
1300 2414 1419 2454 Rott.
1444 2414 1575 2454 Oisel.
1603 2415 1753 2454 excitat
1783 2415 1898 2453 Pric.
1920 2415 2078 2455 Moret.
2101 2427 2166 2466 pr.

333 2467 472 2506 incitet
491 2465 591 2504 Vat.
613 2471 755 2516 quart.
786 2466 872 2504 inc.
910 2466 1062 2505 Heius.
1095 2467 1249 2506 Petav.
1271 2479 1334 2518 pr.
1369 2466 1517 2508 Ambr.
1539 2471 1762 2507 sec.—268
1792 2468 2010 2518 Persequar
2043 2468 2167 2509 Leid.

334 2531 402 2571 pr.
422 2519 523 2560 Jun.
546 2531 611 2569 pr.
632 2519 739 2570 Reg.
774 2518 894 2558 Med.
928 2524 1064 2570 quart.
1098 2519 1183 2559 duo
1218 2519 1368 2560 Ambr.
1396 2524 1511 2571 atque
1545 2523 1679 2559 ducem
1707 2521 1867 2559 Thuan.
1899 2524 2015 2572 atque
2043 2522 2167 2560 animi

334 2573 439 2615 Jun.
460 2584 526 2622 pr,
549 2571 692 2611 Oxon.
715 2584 803 2611 sec.
824 2574 927 2622 Reg.
948 2574 1110 2611 Mazar.
1131 2573 1287 2612 Petav.
1309 2572 1393 2612 sec'.
1430 2573 1550 2613 Med.
1585 2579 1687 2613 tert.
1717 2573 1811 2612 anni
1846 2574 1913 2612 vel
1933 2574 2056 2613 animi
2075 2574 2173 2614 Flo-

335 2630 448 2665 rent.
469 2624 586 2664 Med.
607 2637 674 2675 pr.
708 2626 858 2665 Petav.
881 2631 983 2665 tert.
1007 2627 1254 2676 plaudentem
1285 2625 1406 2665 Med.
1442 2631 1543 2666 tert.
1574 2627 1659 2665 inc.
1690 2627 1842 2666 Heius.
1872 2628 2022 2666 clautra
2040 2627 2165 2666 Voss.

335 2680 458 2718 lustra
492 2678 597 2719 Jun.
630 2682 833 2728 pru—269
875 2679 994 2717 dictis
1025 2691 1100 2730 pro
1129 2680 1273 2718 studiis
1305 2680 1389 2719 inc.
1425 2680 1578 2719 Heius.
1602 2683 1806 2731 precantes
1837 2681 1945 2720 Exc.
1978 2680 2088 2720 Laeti
2118 2686 2165 2721 et

337 2733 519 2772 Lucens.
540 2743 604 2783 pr.
628 2736 806 2783 petentes
825 2731 952 2771 Farn.
975 2732 1075 2772 Put.
1095 2733 1163 2772 ed.
1184 2734 1464 2775 Viaca—270
1492 2734 1587 2773 Prae
1617 2733 1685 2772 vel
1707 2734 1788 2772 Pro
1822 2733 1957 2774 Oisel.
1985 2734 2167 2773 hortatur

1166 2840 1342 2881 NOTAE

389 2936 467 2972 261
497 2933 747 2984 Maurorum]
775 2934 894 2976 Quos
913 2946 1008 2973 cum
1029 2934 1214 2975 Gildone
1283 2940 1370 2975 tem
1409 2935 1542 2975 Italia
1577 2935 1723 2975 vitibus
1758 2935 1953 2987 intorquet
1990 2934 2166 2986 hederas,

333 2994 511 3035 Stilicho
531 2994 787 3046 profligavit.
1282 3000 1381 3052 quia
1402 3001 1510 3039 vites
1530 3005 1573 3039 et
1591 3000 1762 3038 hederae
1784 3011 1916 3038 sacrae
1938 3003 2037 3037 sunt
2055 2999 2164 3038 Bac-

388 3060 469 3097 262
501 3058 707 3108 OEnotria]
735 3057 888 3097 Italia:
918 3060 988 3098 vel
1018 3060 1070 3100 ab
1086 3062 1215 3101 OEno·
1285 3062 1392 3101 cllo:
1422 3062 1503 3111 hae,
1534 3062 1648 3114 quod
1669 3064 1871 3101 resistant
1890 3060 1975 3100 vini
2001 3060 2166 3112 vapori-

335 3125 404 3161 tro
425 3121 573 3171 Rege3
609 3121 674 3158 vel
709 3119 786 3158 ἀπὸ
811 3121 882 3159 τοῦ
913 3121 1027 3173 οἴνου,
1060 3137 1084 3162 a
1111 3123 1216 3175 vino,
1283 3123 1362 3164 bus
1380 3121 1394 3171 3'
1421 3124 1523 3172 illae,
1544 3124 1656 3174 quod
1681 3124 1823 3162 vinum
1844 3122 1999 3162 ferant.

335 3182 454 3235 cujus
472 3188 539 3221 est
560 3180 772 3221 foecunda.
1335 3189 1415 3224 264
1450 3185 1551 3224 Vina
1571 3185 1723 3235 fluens]
1774 3185 1925 3223 Fluens
1961 3184 2016 3224 ob
2051 3184 2182 3238 vina,-

388 3249 468 3286 263
517 3245 716 3296 Hederas]
762 3246 842 3285 Vel
877 3247 1007 3287 edera
1040 3249 1214 3301 dicitur,
1281 3248 1349 3288 vel
1367 3246 1547 3286 fundens
1567 3248 1664 3286 vina
1681 3245 1874 3287 fluentia.

335 3309 437 3363 quia
453 3309 585 3349 exedit
604 3322 649 3348 ea
668 3308 802 3360 quibus
819 3310 990 3350 adhaeret
1002 3325 1015 3350 .·
1036 3312 1148 3352 unde
1167 3317 1214 3351 et
1334 3307 1423 3350 268'
1445 3310 1685 3361 Prosequor]
1734 3311 1974 3362 Deducam,
2009 3316 2058 3352 ut
2087 3312 2184 3352 cli-1

336 3371 572 3424 symbolum
589 3378 657 3412 est
687 3372 862 3424 ingrati,
881 3375 950 3424 qui
968 3380 1122 3414 enecat
1138 3379 1215 3414 aut
1281 3379 1403 3413 entes
1434 3381 1658 3425 patronum
1687 3374 1916 3426 deducere,
1944 3379 2073 3429 atque
2091 3375 2163 3416 ho·

336 3435 494 3477 evertit
523 3435 566 3476 id
599 3436 711 3476 unde
747 3441 871 3476 natus
901 3442 982 3478 est.
1038 3437 1124 3478 Hic
1146 3449 1216 3478 au·
1281 3435 1394 3475 noris
1415 3447 1543 3476 causa
1562 3436 1768 3489 prosequi
1789 3436 1944 3478 solent.
