2300 3906
734 214 814 252 DE
854 214 1051 252 sunno
1091 212 1313 252 cnmco
1358 211 1473 253 ms.
1898 204 2007 258 729

202 328 276 381 Et
300 330 408 382 duo
423 325 694 383 *continuo
721 337 1048 386 connectens
1075 350 1300 403 aequora
1323 351 1477 387 muro

202 413 465 476 IsthmOS,
491 416 546 463 et
570 415 788 479 angusti
814 421 1106 482 patuerunt
1130 419 1369 470 claustra
1394 418 1633 472 Lechaei.
1904 417 2007 473 190

203 496 329 548 Nec
356 497 456 548 tibi
480 495 804 548 Parrhasios
829 498 982 551 licuit
1006 500 1215 552 munire
1240 503 1467 553 colonos

202 579 526 641 FrondosiS,
555 578 903 646 Erymanthe,
923 585 1090 652 jugiS,
1111 586 1468 652 equitataque
1494 585 1694 638 summi

202 662 460 715 Culmina
483 661 715 730 Taygeti
741 666 972 732 trepidae
998 667 1220 719 vidistis
1249 666 1522 736 Amyclae.

200 745 451 798 Tandem
473 748 806 813 supplicium
833 751 1046 802 cunctis
1072 767 1170 818 pro
1194 752 1471 803 montibus
1493 750 1672 820 Alpes

199 828 444 895 Exegere
470 828 657 884 Getis:
696 838 780 884 tot
805 834 1021 886 tandem
1047 836 1273 887 flumina
1296 837 1478 888 victor
1904 832 2011 890 195

199 911 464 964 Vindicat
490 913 784 969 Eridanus,
862 918 1067 971 Docuit
1087 936 1229 972 nunc
1252 921 1450 983 exituS,
1479 922 1587 972 alte

202 995 459 1048 Fatorum
486 1003 698 1051 secreta
722 1001 852 1067 tegi.
929 1002 1309 1071 Quisquamne
1332 1005 1560 1057 reclusis

199 1147 394 1196 continua,
420 1151 458 1187 et
487 1150 671 1200 repagula
690 1149 843 1189 Lechaei
875 1152 976 1191 arcti
1005 1152 1205 1203 patefacta
1222 1158 1324 1193 sunt.
1383 1153 1515 1204 Neque
1542 1165 1756 1194 concessum
1783 1159 1839 1194 est
1868 1154 1957 1204 tibi,
1985 1167 2010 1195 ο

201 1200 459 1251 Erymanth,
486 1202 691 1250 defendere
706 1205 864 1254 populos
883 1207 1066 1245 Arcadiae
1084 1207 1274 1245 montibus
1295 1205 1378 1245 tuis
1406 1206 1591 1257 sylvosis:
1618 1211 1657 1246 et
1676 1220 1764 1256 vos,
1793 1220 1818 1246 o
1837 1207 2012 1259 Amyclae

198 1254 363 1304 timidae,
391 1255 600 1305 aspexistis
618 1255 724 1305 juga
759 1259 898 1296 excelsi
933 1260 1097 1309 Taygeti
1130 1259 1317 1309 equitata.
1374 1258 1494 1309 Alpes
1521 1260 1676 1299 tandem
1701 1273 1848 1310 poenam
1876 1263 2014 1300 sumse-

198 1310 293 1346 runt
311 1307 365 1347 de
387 1307 519 1356 Getis,
543 1320 613 1358 pro
647 1310 837 1348 montibus
868 1312 1062 1350 omnibus.-
1106 1312 1305 1350 Eridanus
1336 1314 1491 1350 tandem
1521 1312 1780 1363 triumphator
1811 1314 2013 1352 ulciscitur

196 1364 259 1399 tot
280 1359 441 1411 fluvios.
500 1361 606 1400 Tunc
637 1366 795 1402 eventus
826 1365 1008 1415 ostendit,
1034 1377 1177 1404 arcana
1198 1364 1376 1413 fatorum
1403 1365 1561 1415 penitus
1589 1365 1789 1406 occultari.
1842 1366 1908 1405 An
1942 1366 2015 1405 ali-

984 1456 1252 1476 “‘O‘QOOOOO

201 1507 284 1548 duo
301 1509 424 1549 Vatt.
454 1510 641 1550 Chironia
661 1511 783 1551 Voss.
803 1511 926 1551 ambo
944 1512 1100 1552 Moret.
1126 1514 1230 1552 Exc.
1248 1512 1427 1552 Gevart.
1459 1513 1619 1552 Cironia
1639 1511 1756 1552 Leid.
1775 1524 1837 1563 pr.
1871 1513 2015 1553 Cerau-

198 1562 267 1601 nia
297 1562 437 1603 Oxon.
463 1574 548 1602 sec.
581 1576 636 1603 m.
656 1577 740 1604 sec.
792 1565 965 1616 Cyronia
1003 1566 1188 1605 Florent.
1229 1571 1315 1604 tres
1351 1566 1469 1605 Med.
1511 1567 1617 1616 Reg.
1651 1567 1814 1604 Thuan.
1851 1567 2013 1606 Mazar.

202 1614 286 1655 duo
319 1615 471 1655 Petav.
502 1616 667 1656 Bonon.
698 1618 795 1656 Pat.
823 1619 990 1657 'l‘holos.
1031 1618 1113 1658 duo
1154 1618 1300 1657 Ambr.
1354 1630 1471 1669 rupes
1506 1619 1625 1658 Med.
1665 1631 1750 1657 sec.
1790 1620 1895 1669 Reg.
1932 1620 2014 1658 Pe-

201 1674 288 1707 tav.
318 1681 384 1718 pr.
414 1669 512 1708 Pat.
539 1669 706 1709 Tholos.
739 1676 822 1709 vet.
851 1671 957 1722 Gyr.
988 1672 1093 1710 Exc.
1122 1673 1300 1710 Lucens.
1330 1683 1394 1722 pr.
1423 1673 1523 1711 Var.
1544 1672 1629 1711 LL.
1659 1683 1683 1710 e
1708 1683 1838 1722 marg.
1867 1672 2013 1711 Parm.

199 1721 450 1771 rapis-Rota
470 1722 604 1762 Oisel.
634 1723 734 1762 Put.
752 1723 913 1763 Thuan,
943 1725 1101 1764 Mazar.
1133 1724 1284 1764 PetaV.
1305 1737 1389 1763 sec.
1415 1725 1577 1764 Bonon.
1601 1724 1748 1763 Ambr.
1771 1736 1835 1775 pr.
1855 1725 2015 1765 Moret.

201 1786 288 1813 sec.
331 1775 431 1824 ripis
462 1775 578 1815 Prie.
613 1775 754 1816 Oxon.
789 1788 875 1815 sec.
897 1778 1014 1816 Med.
1050 1783 1187 1829 quart.
1215 1777 1364 1816 Ambr.
1384 1789 1469 1816 sec.
1503 1778 1731 1817 ed.Vicet.
1771 1778 1898 1827 ruptis
1929 1778 2014 1817 inc.

202 1824 492 1866 Heins.—189
519 1828 623 1866 ituro
652 1841 729 1879 pro
753 1842 863 1868 muro
895 1830 1010 1869 Prie.
1040 1843 1095 1869 m.
1124 1833 1325 1881 pr.——190
1371 1831 1529 1870 Hismos
1548 1832 1666 1870 Voss.
1711 1829 1883 1869 Isthmus
1912 1831 2017 1871 Exe.

202 1879 326 1918 Laeti.
355 1880 513 1928 augusti
535 1879 631 1919 Ald.
660 1883 804 1931 templa
821 1883 922 1922 Vat.
941 1888 1043 1922 tert.
1085 1884 1255 1923 claustra
1275 1884 1379 1922 Lov.
1398 1884 1559 1922 Moret.
1580 1895 1664 1922 sec.
1687 1882 1784 1921 Ald.
1806 1884 1910 1923 Exc.
1931 1884 2017 1923 Ge·

200 1938 313 1972 vart.
347 1932 500 1971 Sched.
535 1933 650 1972 Gud.
690 1935 860 1974 claustra
881 1936 946 1974 vel
966 1940 1096 1975 castra
1129 1937 1235 1975 Exc.
1273 1936 1394 1975 Laeti.
1438 1936 1546 1974 Licei
1576 1941 1758 1986 quatuor
1776 1936 1897 1974 vatt.
1923 1936 2017 1976 Pal.

201 1985 329 2024 Fam.
349 1984 465 2025 Prie.
487 1985 602 2026 Rott.
623 1985 760 2026 Oisel.
797 1989 901 2028 LoV.
922 1988 1025 2028 Jun.
1062 2000 1127 2039 pr.
1163 1990 1245 2027 duo
1275 1990 1416 2028 Oxon.
1454 1988 1538 2026 duo
1572 1988 1721 2027 Leidd.
1754 1988 1859 2027 Exc.
1894 1989 2017 2028 Laeti.

200 2039 303 2079 Var.
323 2038 407 2077 LL.
429 2038 496 2077 ed.
513 2037 646 2078 Antv.
674 2039 794 2092 Lycei
809 2046 854 2080 et
869 2041 1046 2091 margini
1065 2041 1296 2092 ascriptum
1325 2041 1480 2080 Lechaei
1500 2040 1895 2080 Amb1·.tert.—191
1927 2041 2029 2081 Non·

201 2092 360 2131 Moret.
395 2095 595 2142 pr.—l92
626 2093 846 2144 Erymanta
877 2095 982 2142 Reg.
1004 2094 1145 2135 Oxon.
1167 2098 1365 2145 piu—193
1398 2094 1570 2145 Taygete
1588 2094 1688 2133 Vat.
1706 2106 1769 2143 pr.
1797 2107 1850 2132 m.
1881 2105 2020 2133 sec.—

201 2148 279 2184 194
318 2144 552 2196 supplicibus
582 2145 691 2186 Jun.*
720 2158 784 2197 pr.
824 2147 1016 2186 montibus
1046 2149 1112 2186 vel
1142 2147 1327 2186 moenibus
1360 2148 1467 2186 Exc.
1490 2146 1745 2187 Laeti.—195
1792 2147 1904 2184 Getis
1935 2147 2019 2186 duo

204 2197 353 2237 Leidd.
389 2204 569 2249 quatuor
586 2200 709 2239 Vatt.
742 2200 835 2239 Pal.
856 2202 982 2239 Farn.
1004 2200 1120 2241 Prie.
1140 2202 1260 2240 Rott.
1284 2200 1415 2239 Oisel.
1443 2200 1544 2241 Jun.
1566 2212 1630 2250 pr.
1651 2201 1735 2238 duo
1754 2200 1894 2239 Oxon.
1915 2200 2020 2240 Exc.

202 2252 328 2290 Laeti.
359 2251 484 2290 Getas
502 2252 684 2302 Raphel.
722 2254 877 2292 tandem
897 2257 955 2291 tot
989 2254 1107 2294 Leid.
1130 2266 1190 2305 pr.
1214 2254 1354 2293 Oxon.
1377 2266 1442 2304 pr.
1463 2254 1623 2293 Thuan.
1650 2256 1806 2291 Moret.
1827 2264 1891 2303 pr.
1911 2254 2019 2292 Exc.

204 2305 385 2344 Lucens.
407 2308 606 2355 pr.-—-196
640 2306 830 2345 Vendicat
845 2307 964 2346 Rott.
994 2312 1086 2346 tunc
1102 2306 1252 2346 Ambr.
1271 2320 1335 2358 pr.
1352 2308 1512 2346 Moret.
1530 2318 1595 2357 pr.
1623 2306 1723 2345 hunc
1737 2305 1890 2345 Sched.
1906 2306 2021 2346 Gud.

202 2361 335 2398 ἡ197
363 2358 450 2407 regi
469 2358 564 2398 Pal.
584 2359 752 2398 Bonon.
782 2360 950 2398 reclusus
967 2360 1141 2400 Junian.
1163 2372 1228 2411 pr.
1268 2361 1435 2399 reclusus
1452 2360 1522 2398 vel
1541 2359 1700 2398 reclusis
1719 2358 1858 2398 Oxon.
1876 2369 2021 2398 sec.—

203 2501 419 2542 Graeciam
437 2501 654 2555 dirimens,
668 2509 713 2542 ut
729 2503 979 2554 Apenninus
994 2503 1081 2543 Ita-
1147 2504 1382 2543 'furcarum
1421 2502 1543 2543 clade
1579 2501 1778 2542 nobilem.
1849 2501 2020 2542 Etenim

205 2566 337 2604 liam:
366 2566 491 2617 hujus
511 2567 719 2617 angustiae
740 2564 1080 2606 Lacedaemonio·
1149 2577 1285 2616 prope
1320 2565 1429 2604 hunc
1471 2566 1606 2602 sinum
1654 2562 1838 2602 maxima
1873 2573 2021 2601 eorum

205 2639 298 2666 rum
329 2641 423 2667 cum
454 2628 680 2668 Mardonio
722 2640 867 2679 pugna
898 2633 944 2668 et.
974 2629 1080 2667 Leo·
1148 2634 1311 2679 strages
1338 2640 1361 2666 a
1391 2626 1642 2667 Christianis
1672 2625 1789 2666 edita
1815 2630 1882 2665 est
1912 2637 2021 2678 anno

205 2692 318 2732 nidae
338 2693 469 2743 Regis
488 2693 666 2731 interitu
686 2691 890 2731 celebres.
1152 2694 1267 2730 1571.

258 2755 456 2805 Scironia]
495 2754 546 2794 In
579 2754 725 2794 Attica
754 2754 940 2805 regione.
996 2753 1080 2793 Hic

205 2818 427 2858 habitabat
456 2817 641 2857 candelis
673 2818 745 2857 ille
774 2818 883 2855 latro
915 2815 1080 2866 Sciron,

208 2881 329 2932 cujus
347 2893 459 2930 ossa,
481 2893 504 2919 a
521 2881 684 2919 Theseo
700 2880 743 2918 in
763 2891 879 2918 mare
898 2878 1084 2930 dejecta,

206 2944 248 2983 in
267 2956 372 2986 saxa
390 2943 595 2983 coaluisse
615 2943 829 2982 dicuntur.

259 3009 342 3046 -189
370 3006 507 3056 Muro]
551 3006 723 3044 Murum
757 3005 966 3056 appellat,
998 3017 1085 3045 mo-

209 3071 293 3110 lem
328 3081 525 3109 saxorum
546 3082 570 3108 a
590 3074 744 3108 natura
769 3069 831 3108 ita
851 3067 1005 3109 factam
1036 3074 1086 3108 ut

210 3136 372 3172 murum
389 3132 544 3172 imitari
563 3131 770 3171 videatur.

213 3216 216 3218 -
263 3199 341 3235 190
371 3194 554 3245 Isthmos]
598 3193 786 3233 Isthmus
821 3198 887 3233 est
931 3193 1087 3245 exigua

214 3259 331 3296 terra
365 3257 477 3296 inter
514 3255 598 3294 duo
634 3254 791 3293 maria:
841 3255 978 3307 qualis
1016 3255 1084 3294 hic

214 3317 398 3366 Isthmus
418 3317 735 3367 Corinthiacus,
760 3317 815 3356 ad
846 3317 985 3356 sinum
1005 3318 1084 3357 Co-

215 3379 483 3431 rinthiacum,
524 3379 650 3427 hodie
680 3378 798 3428 Golt'e
823 3381 871 3420 de
897 3381 1085 3433 Leman,

1202 2752 1376 2804 Lechaei]
1405 2754 1484 2793 Est
1497 2753 1578 2792 hoc
1593 2749 1766 2791 Achaiae
1782 2754 2024 2803 promonto-

1148 2829 1268 2856 rium.

1202 2883 1278 2919 191
1313 2878 1560 2930 Parrhasios]
1602 2876 1809 2928 Arcades,
1839 2876 2022 2916 Parrha-

1149 2943 1232 2983 sios
1252 2942 1390 2982 dictos
1417 2953 1440 2981 a
1461 2942 1675 2981 Parrhaso
1693 2939 1903 2992 Lycaonis
1922 2938 2023 2981 filio.

1204 3009 1282 3045 192
1311 3005 1574 3056 Erymanthe]
1603 3004 1687 3042 Hic
1708 3015 1827 3042 mons
1855 3009 1923 3043 est
1944 3002 2023 3042 Ar-

1150 3067 1299 3116 cadiae,
1319 3066 1435 3118 Apro
1454 3066 1743 3116 Erymantheo
1758 3064 2022 3105 nobilitatus.

1205 3127 1414 3180 Equitata]
1441 3127 1509 3166 Ab
1528 3127 1648 3179 equis
1669 3127 1846 3166 calcata.

1205 3195 1282 3230 193
1315 3190 1502 3242 Taygeti]
1537 3190 1620 3229 Hic
1653 3195 1722 3228 est
1747 3200 1865 3228 mons
1892 3189 2023 3228 Laco·

1150 3254 1248 3305 niae,
1263 3253 1359 3293 urbi
1379 3253 1572 3304 Amyclis
1592 3252 1830 3291 imminens.

1204 3320 1283 3357 194
1309 3315 1446 3368 Alpes]
1478 3315 1604 3355 Getae
1622 3315 1677 3355 ad
1692 3315 1836 3353 urbem
1852 3311 2023 3351 Pollen-

1152 3379 1251 3421 tiam
1269 3379 1383 3420 ‘mter
1401 3378 1534 3430 Alpes
1561 3382 1606 3418 et
1627 3375 1857 3417 Eridanum
1882 3373 2022 3413 Italiae
