2300 3906
317 192 428 245 9⁷0
860 205 954 244 cr„
995 201 1360 241 anumAm
1385 201 1599 240 xxxv.

318 322 722 390 AEqualemque
746 322 988 373 chorum.
1065 318 1212 382 Quae
1239 323 1291 371 te
1319 320 1567 373 Fortuna
1592 322 1844 389 supernis

318 403 581 468 Abstulit,
609 411 664 457 et
688 410 840 456 tanto
863 404 1146 455 damnavit
1171 405 1352 456 sidera
1377 407 1572 458 luctu?

317 487 355 541 J
359 507 447 542 am
471 507 650 556 neque
678 489 989 540 Partheniis
1015 490 1289 542 innectere
1308 493 1453 542 'retia
1477 491 1682 553 lustriS,

318 573 442 626 Nec
467 575 776 642 pharetram
802 578 1012 638 gestare
1037 574 1194 646 libet.
1267 575 1504 626 Securus
1531 576 1739 643 ubique

316 658 548 725 Spumet
575 675 725 724 aper,
753 674 1076 725 saevumque
1102 657 1329 709 fremant
1351 659 1573 726 impune
1598 659 1802 711 leoneS.

317 741 401 792 Te
419 742 557 810 juga
581 742 839 810 Taygeti,
865 745 1049 811 posito
1075 749 1128 794 te
1158 742 1406 794 Maenala
1430 742 1633 795 fiebunt

317 823 558 889 Venatu,
583 831 895 894 moestoque
921 827 1016 878 diu
1040 827 1300 893 lugebere
1325 825 1561 894 Cyntho.

317 909 593 977 Delphica
619 912 753 978 quin
779 912 945 974 etiam
961 910 1155 963 ⁴fratris
1183 911 1413 963 delubra
1438 913 1718 965 tacebunt.

390 994 609 1046 Interea
635 996 849 1046 volueri
878 996 1041 1047 fertur
1063 996 1403 1063 Proserpina
1427 1012 1608 1059 curm,

319 1074 619 1130 Caesariem
645 1079 852 1132 diffusa
880 1080 934 1132 N
939 1085 1050 1145 ot0‚
1077 1082 1421 1149 planctuque
1447 1082 1691 1138 lacertos

2039 408 2148 460 240

2044 828 2153 881 245

317 1205 458 1240 coetum
490 1204 715 1254 Virginum
751 1207 973 1256 oequalinm.
1032 1206 1146 1252 Quod
1163 1206 1321 1255 factum
1357 1206 1500 1257 eripuit
1534 1209 1574 1245 te
1604 1204 1832 1255 coelestibus,
1862 1208 1900 1244 et
1931 1205 2156 1245 condemna-

318 1255 376 1293 vit
395 1259 503 1295 astra
538 1258 589 1297 ad
611 1260 727 1298 talem
749 1257 928 1311 fletum?
960 1260 1077 1299 Nunc
1111 1273 1186 1299 non
1211 1261 1331 1310 juvat
1349 1260 1505 1309 cingere
1521 1260 1650 1312 sylvas
1678 1258 1917 1298 Parthenias
1942 1259 2155 1309 indagine;

316 1308 508 1357 nec-serre
524 1312 779 1362 pharetram:
808 1325 900 1363 aper
931 1318 1081 1364 spumet
1111 1318 1223 1354 tutus
1251 1315 1434 1365 undique,
1462 1317 1501 1352 et
1529 1314 1653 1352 leones
1673 1311 1867 1360 ferociter
1892 1312 2056 1361 rugiant
2074 1312 2158 1351 sine

317 1367 452 1403 meta.-
479 1366 648 1404 culmina
688 1367 856 1418 Taygeti
885 1367 1073 1416 lugebant
1102 1371 1155 1418 te,
1185 1368 1361 1406 Moenala
1389 1372 1428 1406 te
1446 1367 1631 1416 lugebunt
1649 1367 1784 1404 omisso
1812 1365 1955 1403 studio
1974 1366 2158 1414 venandi,

318 1419 356 1454 et
375 1417 578 1468 defleberis
594 1420 752 1469 longum
770 1421 810 1458 in
835 1420 988 1470 Cyntho
1008 1420 1144 1459 tristi:
1174 1425 1368 1470 proeterea
1398 1420 1541 1469 templa
1560 1418 1753 1468 Delphica
1772 1416 1924 1464 fratris
1941 1415 2156 1469 Apollinis

314 1468 493 1509 silebunt.
550 1473 658 1511 Dum
678 1473 819 1512 Diana
838 1474 1048 1524 queritur,
1083 1472 1324 1522 Proserpina
1351 1472 1509 1522 rapitur
1535 1482 1653 1509 curru
1672 1471 1803 1519 celeri,
1823 1470 1996 1510 crinibus
2013 1472 2159 1522 sparsis

1087 1573 1381 1588 eeeeeeeeeeee

316 1642 397 1679 239
426 1640 686 1690 AEqualesque
701 1640 835 1680 choros
857 1641 1098 1680 Bartholin.
1119 1642 1374 1692 aequalemque
1393 1643 1546 1682 thorum
1567 1643 1652 1682 duo
1673 1643 1795 1684 Med.
1815 1643 1967 1684 Heius.
1988 1644 2045 1684 H.
2064 1644 2160 1684 Mo-

317 1698 398 1733 ret.
420 1704 485 1743 pr.
515 1693 543 1733 J
549 1705 616 1733 un.
637 1705 721 1733 sec.
740 1695 866 1734 Voss.
888 1707 953 1745 pr.
975 1696 1236 1746 oequalemque
1254 1696 1412 1734 chorum
1433 1697 1517 1736 duo
1536 1698 1658 1747 Vatt.
1678 1698 1868 1737 Florent.
1903 1699 1987 1738 inc.
2007 1697 2158 1739 Heius.

316 1746 420 1786 Put.
439 1747 549 1796 Reg.
572 1747 736 1786 Bonon.
759 1749 933 1787 Tholos.
950 1749 1053 1789 Jun.
1075 1761 1138 1799 pr.
1159 1749 1243 1787 duo
1268 1749 1411 1790 Oxon.
1433 1758 1522 1790 tres
1543 1750 1695 1791 Petav.
1711 1752 1817 1791 Exc.
1839 1753 1992 1791 Petav.
2017 1757 2157 1804 quart.

319 1797 417 1839 Ald.
436 1800 523 1838 Var
537 1830 546 1840 .
570 1801 654 1839 LL.
675 1813 698 1840 e
718 1813 851 1852 marg.
871 1802 1017 1841 Parm.
1037 1806 1165 1842 torum
1185 1809 1270 1842 tres
1290 1804 1410 1842 Vatt.
1431 1804 1525 1844 Pal.
1547 1806 1614 1855 qui
1632 1808 1672 1844 te
1692 1805 2021 1844 Florent.-—240
2049 1807 2158 1845 dam-

315 1857 463 1891 narunt
485 1854 670 1893 chartac.
694 1855 842 1894 Heius.
863 1856 951 1894 vid.
977 1858 1188 1896 Passer-at.
1210 1859 1262 1895 ad
1279 1857 1536 1908 Propertp.
1553 1862 1779 1899 175.—-241
1800 1860 1909 1898 silvis
1925 1871 2003 1910 pro
2020 1860 2160 1899 lustris

315 1906 418 1945 Vat.
434 1919 521 1946 sec.
544 1907 627 1947 inc.
651 1908 801 1948 Heins.
823 1910 925 1948 Var.
950 1911 1035 1948 LL.
1059 1923 1081 1945 e
1102 1923 1236 1961 marg.
1258 1911 1541 1951 Pium—242
1573 1913 1629 1950 Et
1643 1912 1746 1953 Jun.
1765 1911 2017 1963 pr.faretras
2031 1914 2158 1953 Voss.

319 1972 384 2010 pr.
402 1960 609 2011 pharetras
630 1963 790 2001 Moret.
813 1975 877 2013 pr.
900 1976 995 2001 cum
1029 1964 1182 2014 viginti
1216 1965 1384 2013 scriptis
1406 1971 1449 2004 et
1468 1966 1570 2004 Var.
1592 1966 1678 2005 LL.
1702 1978 1725 2005 e
1746 1977 1878 2017 marg.
1899 1967 2041 2006 Pan-m.
2068 1967 2159 2006 licet

320 2014 426 2053 Cod.
443 2014 814 2055 &atholia—243
825 2017 994 2065 soevique
1008 2029 1154 2056 omnes
1166 2018 1288 2057 Vatt.
1302 2018 1505 2058 Pal.Cod.
1517 2020 1756 2059 Bartholin.
1771 2032 1989 2070 soevumque
1999 2020 2158 2059 Moret-

317 2070 519 2116 pr.--245
530 2069 634 2119 fleta
651 2082 726 2118 pro
746 2070 900 2120 Cyntho
915 2071 1068 2109 Petav.
1085 2074 1305 2110 see—246
1317 2073 1485 2111 silebant
1501 2074 1600 2112 Vat.
1614 2086 1677 2122 pr.
1689 2074 1789 2112 Vat.
1804 2074 1941 2112 Livin.
1957 2072 2159 2111 movebunt

317 2120 472 2158 Petav.
496 2125 721 2160 see—24⁷
750 2136 862 2161 cursa
883 2124 1037 2162 Petav.
1059 2136 1143 2162 sec.
1164 2123 1308 2164 Oxou.
1328 2128 1553 2164 see—249
1578 2139 1648 2176 per
1666 2126 1797 2164 nubila
1806 2125 1950 2173 fundit
1968 2127 2070 2165 Vat.
2093 2137 2158 2176 pr.

312 2171 470 2223 profert
488 2176 538 2212 ad
554 2174 684 2212 nubila
704 2176 805 2213 Vat.
829 2188 912 2214 see.
955 2177 1063 2225 rupit
1085 2177 1177 2215 Pal.
1195 2177 1333 2222 fundit
1355 2179 1453 2218 Vat.
1475 2180 1612 2230 quint.
1632 2187 1678 2217 et
1699 2178 1740 2218 d.
1762 2180 1912 2217 Petav.
1938 2192 2002 2228 pr.
2031 2179 2159 2218 tendit

317 2225 419 2266 Jun.
440 2238 506 2276 pr.
534 2227 642 2264 tollit
662 2227 769 2265 Exc.
794 2227 945 2266 Petav.
979 2235 1122 2277 quart.
1151 2230 1299 2279 rumpit
1334 2231 1431 2270 Vat.
1465 2237 1566 2269 tert.
1586 2237 1631 2269 et
1653 2237 1794 2281 quart.
1815 2231 1898 2269 duo
1915 2231 2034 2271 Med.
2056 2232 2159 2272 Put.

318 2279 424 2328 Reg.
445 2280 608 2317 Bonon.
629 2279 793 2318 Tholos.
815 2280 914 2319 Jun.
948 2291 1035 2319 sec.
1063 2281 1222 2319 Movet.
1258 2294 1321 2331 pr.
1355 2284 1480 2321 Voss.
1511 2295 1576 2334 pr.
1608 2283 1693 2322 duo
1727 2284 1879 2322 Petav.
1900 2283 1984 2322 duo
2016 2284 2159 2326 Oxon.

318 2333 448 2371 tendit
466 2332 535 2370 vel
554 2333 704 2382 rumpit
723 2333 875 2373 Heins.
898 2333 953 2372 H.
978 2332 1127 2373 Ambr.
1161 2339 1261 2373 tert.
1282 2339 1321 2373 et
1345 2337 1523 2387 planctus
1549 2335 1705 2387 profert
1722 2338 1772 2376 ad
1790 2337 1922 2376 nubila
1941 2338 2076 2377 inanes
2093 2338 2160 2378 vel

1155 2427 1332 2467 NOTAE

373 2509 454 2545 239
482 2505 691 2558 Supernis]
717 2507 799 2545 Vel
820 2506 1043 2557 terris,vel
1061 2507 1209 2546 coeles-

321 2568 452 2609 tibus.

374 2637 454 2673 240
485 2634 704 2673 Damnavit
734 2634 865 2673 sidera
900 2631 1025 2683 lactu]
1081 2632 1207 2674 Quod

318 2695 451 2737 fatum
470 2696 688 2736 damnavit
722 2702 854 2746 astra,
887 2697 1123 2748 voluitque,
1159 2702 1207 2735 ut

320 2772 476 2811 magno
493 2773 588 2799 cum
610 2761 728 2800 luctu
747 2760 1017 2812 privarentur
1033 2759 1208 2810 pulchra

320 2822 594 2875 Proserpina.

374 2888 452 2925 241
483 2884 735 2936 Partheniis]
785 2884 1043 2924 Parthenius
1090 2895 1207 2923 mons

322 2952 388 2987 est
405 2946 622 2996 Arcadiae,
641 2949 683 2988 in
708 2961 791 3001 quo
815 2948 957 2988 Diana
977 2948 1126 3001 venari
1144 2960 1209 2987 so-

319 3008 401 3049 lita
434 3022 527 3049 cum
566 3012 839 3062 Virginibus:
890 3012 1003 3051 unde
1051 3011 1208 3062 dictus,

323 3072 400 3113 ἀπὸ
418 3072 628 3125 παρθένων,
647 3087 671 3112 α
695 3075 939 3125 Virginibus.

376 3139 457 3176 244
490 3136 678 3188 Taygeti]
707 3137 791 3175 Hic
826 3144 892 3177 est
923 3150 1041 3177 mons
1074 3140 1208 3179 Laco·

324 3200 423 3250 niae,
442 3201 513 3252 qui
542 3203 706 3252 Spartae
727 3205 772 3238 vt
791 3199 984 3252 Amyclis
1005 3201 1211 3252 imminet,

322 3263 599 3304 Lacaenarum
614 3262 911 3303 venationibus
923 3264 1116 3316 insignis,
1125 3265 1209 3304 ‹lie-

326 3332 396 3368 tus
414 3328 654 3381 a'l'aygete
673 3327 902 3381 Nympha,
935 3329 1102 3370 Eurotoe
1128 3341 1210 3370 ma·

324 3395 400 3431 tre.

1333 2510 1530 2562 IlIoenala]
1575 2511 1803 2559 Maenalus,
1843 2516 1888 2551 et
1921 2512 1964 2550 in
2000 2512 2153 2564 plurali

1277 2572 1484 2621 Maenala,
1518 2585 1637 2612 mons
1668 2571 1886 2623 Arcadiae,
1916 2584 1940 2613 a
1973 2574 2160 2614 Maenalo

1277 2637 1485 2688 Lycaonis
1501 2636 1603 2677 filio.

1328 2694 1406 2730 245
1440 2691 1612 2743 Cyntho]
1661 2691 1748 2733 Qui
1780 2704 1900 2731 mons
1929 2699 1994 2732 est
2012 2692 2160 2733 insulae

1278 2754 1397 2803 Deli,
1419 2753 1610 2804 Apollini
1629 2761 1674 2794 et
1692 2755 1847 2794 Dianae
1867 2768 2005 2796 sacer.

1327 2820 1407 2856 246
1437 2817 1630 2867 Delphica
1659 2817 1838 2868 delubra]
1884 2819 2064 2870 Templa
2083 2829 2158 2860 seu

1277 2879 1468 2920 Oracula
1505 2880 1692 2920 omnium
1735 2881 2088 2931 praevstantissima
2117 2881 2158 2920 in

1276 2943 1380 2983 urbe
1404 2942 1599 2994 Delphis,
1630 2943 1672 2980 in
1694 2943 2019 2994 Boeotia‚juxta
2049 2943 2160 2983 Par-

1275 3018 1459 3046 nassum.
1514 3005 1690 3056 Delphis
1707 3011 1851 3045 autem
1865 3016 2016 3044 nomen
2036 3003 2161 3045 dedit

1279 3070 1494 3121 Delphus,
1515 3081 1641 3121 quem
1664 3069 1889 3119 Neptunus
1909 3067 1949 3105 in
1980 3067 2159 3119 Delphi-

1275 3146 1330 3173 na
1355 3139 1546 3173 mutatus
1565 3133 1626 3170 e'x.
1642 3130 1864 3169 Melantho
1883 3129 2162 3185 Deucalionis

1275 3197 1365 3237 filia
1382 3194 1588 3246 suscepit.

1328 3261 1408 3299 248
1436 3254 1698 3306 planctuque]
1729 3255 1965 3294 Peculiaris
1982 3260 2050 3296 est
2063 3267 2160 3308 spe-

1275 3322 1362 3361 cies
1381 3319 1554 3369 doloris,
1570 3317 1802 3357 verberare
1830 3317 2031 3359 lacertos.
2058 3317 2158 3360 Vir-

1273 3383 1427 3437 gilius:
1470 3382 1483 3405 ‘
1505 3378 1668 3421 Palmis
1703 3390 1908 3438 percussa
1938 3377 2156 3428 lacertos?
