2300 3906
588 182 654 221 IN
698 183 735 222 1.
776 181 950 223 cons,
989 181 1258 222 srxmcn.
1302 182 1422 222 ms.
1466 183 1531 222 11.
1858 172 1965 227 6:37

229 297 352 349 Nec
379 300 562 348 tamen
589 297 826 348 humano
853 298 997 350 cedit
1022 299 1250 351 coeleste
1273 299 1451 351 favori

157 380 472 432 Judicium:
512 380 738 445 cingunt
763 378 960 447 Superi
987 382 1352 434 concordibus
1373 397 1540 434 unum

157 461 467 524 ProesidiiS,
490 461 790 528 hostesque
815 466 936 515 tuos
959 469 1056 517 aut
1079 464 1258 517 littore
1284 464 1542 531 produnt,
1863 463 1973 517 210

155 544 273 598 Aut
297 549 468 596 totum
490 544 730 610 oppositi
757 544 1020 597 claudunt
1045 545 1380 612 fugientibus
1404 561 1616 614 aequor,

157 628 273 681 Aut
296 628 351 678 in
376 642 437 678 se
463 626 873 690 vertuntfuriis,
900 633 997 680 aut
1020 628 1214 681 militis
1236 642 1366 679 cnse

158 708 423 762 Bacchati
443 709 647 759 laniant
672 709 917 762 Pentheo
944 727 1179 778 corpora
1201 711 1330 763 ritu.

155 792 393 844 Insidias
415 795 671 857 retegunt,
698 795 750 842 et
773 792 828 843 in
854 794 980 860 ipsa
1005 793 1217 845 cubilia
1239 793 1492 845 fraudum

156 876 398 938 Ducunt,
423 891 525 926 ceu
549 880 736 926 tenera
760 880 1046 927 venantem
1070 892 1203 927 nare
1229 875 1488 928 Molossi.
1842 876 1955 931 215

157 957 448 1010 Ominibus
476 963 705 1010 ventura
727 962 934 1022 notant,
961 964 1054 1011 aut
1079 959 1215 1010 alite
1241 963 1568 1022 monstrant,

152 1118 406 1168 vectigalibus
419 1118 605 1169 Illyricis.
662 1118 796 1168 Neque
816 1122 944 1158 tamen
951 1118 1073 1166 favor
1086 1119 1240 1160 divinus
1255 1120 1299 1159 in
1316 1120 1592 1160 Stilichonem
1609 1120 1735 1160 minor
1752 1126 1808 1160 est
1824 1120 1973 1162 favore

153 1172 361 1211 hominum.
415 1172 490 1211 Dii
509 1172 749 1210 circumdant
769 1172 876 1210 illum
892 1185 1011 1210 unum
1036 1173 1198 1211 auxiliis
1223 1173 1549 1223 conspirantibus,
1568 1177 1608 1211 et
1626 1175 1685 1212 vel
1703 1176 1974 1225 derelinquunt

138 1225 279 1264 'hostes
296 1229 380 1262 tuos
400 1224 442 1262 in
472 1224 565 1273 ipso
584 1224 733 1271 littore,
760 1225 821 1262 vel
848 1225 998 1262 adversi
1026 1225 1228 1264 obstruunt
1246 1229 1373 1264 totum
1390 1238 1496 1264 mare
1522 1225 1797 1276 effugientibus
1816 1227 1881 1276 iis,
1911 1229 1972 1266 tel

152 1280 378 1317 convertunt
404 1277 445 1316 in
463 1289 547 1316 sese
564 1287 765 1315 accensos
775 1275 934 1324 furore,
965 1278 1024 1315 vel
1042 1279 1215 1316 lacerant
1233 1282 1277 1316 ut
1311 1277 1524 1317 Pentheum
1541 1277 1711 1316 membra
1730 1289 1874 1316 eorum
1891 1280 1977 1326 gla-

152 1329 231 1369 diis
246 1329 416 1369 militum
433 1330 730 1381 lymphatorum.
791 1331 995 1378 Detegunt
1027 1333 1324 1379 strategemata,
1351 1334 1390 1368 et
1422 1332 1565 1370 ducunt
1598 1334 1652 1380 te,
1685 1331 1811 1368 instar
1839 1343 1979 1370 carium

151 1383 428 1433 vestigantium
447 1382 636 1434 praedam
657 1394 751 1422 nare
768 1383 917 1433 sagaci,
938 1383 980 1421 in
996 1382 1080 1433 ipsa
1109 1383 1274 1422 latibula
1292 1382 1535 1422 insidiarum.
1591 1382 1814 1432 Designant
1833 1382 1979 1431 futuru

914 1485 985 1501 010
989 1486 1035 1502 00
1039 1486 1131 1502 ‘N‘
1136 1486 1209 1501 000

154 1558 341 1594 tav.sec.
369 1553 578 1594 donabitur
598 1555 707 1605 Reg.
729 1553 929 1593 dotabitur
948 1554 1137 1605 conjecit
1156 1554 1371 1594 Heinsius,
1398 1553 1567 1593 tribunis
1600 1554 1720 1594 Rott.
1737 1554 1856 1593 Med.
1890 1566 1980 1594 sec.

152 1607 362 1658 triumphis
381 1606 530 1646 Ambr.
551 1610 752 1658 pin—208
783 1607 873 1645 Non
895 1606 1046 1647 Ambr.
1083 1612 1184 1647 tert.
1214 1607 1298 1646 Nec
1333 1619 1409 1647 non
1439 1608 1539 1647 Vat.
1569 1611 1672 1646 tert.
1712 1608 1839 1647 Farn.
1868 1609 1979 1646 cedet

154 1660 272 1699 Prie.
288 1659 406 1699 Med.
421 1664 560 1711 quart.
578 1658 714 1708 favori
730 1660 799 1698 vel
817 1659 953 1706 furori
973 1659 1114 1700 Oxou.
1134 1663 1356 1698 sec.——209
1385 1660 1580 1698 Indicium
1607 1661 1712 1699 Exc.
1741 1659 1978 1699 Gevart.--

154 1715 234 1752 210
262 1712 454 1763 hostisque
471 1713 594 1751 Voss.
611 1725 667 1751 m.
682 1724 747 1763 pr.
776 1725 863 1751 suos
878 1712 987 1763 Reg.
1017 1712 1208 1762 hostisque
1226 1713 1373 1751 animos
1406 1712 1557 1752 PetaV.
1592 1724 1677 1751 sec.
1707 1725 1731 1751 a
1764 1712 1877 1752 litore
1894 1713 1978 1751 Bo-

154 1776 255 1804 non.
275 1765 359 1804 inc.
382 1765 533 1804 Heius.
569 1766 612 1804 in
630 1765 784 1804 Petav.
811 1777 876 1816 pr.
897 1773 953 1803 m.
970 1776 1032 1815 pr.
1051 1766 1150 1804 Vat.
1179 1770 1281 1804 tert.
1310 1777 1355 1803 ac
1385 1765 1539 1804 Petav.
1574 1776 1656 1804 sec.
1686 1777 1709 1802 a
1729 1766 1796 1802 vel
1817 1765 1857 1804 in
1873 1766 1977 1805 Vat.

156 1817 292 1868 quint.
319 1818 487 1867 perdunt
506 1817 607 1856 Vat.
628 1829 712 1857 sec.
738 1815 886 1856 Ambr.
922 1820 1154 1856 terh-211
1185 1817 1371 1868 oppositis
1398 1817 1496 1857 Pat.
1525 1817 1683 1856 Mazar.
1700 1817 1816 1856 Med.
1834 1822 1975 1868 quart.

153 1870 255 1909 Vat.
269 1869 404 1920 quint.
432 1870 650 1919 oppositum
668 1869 843 1916 Tholos.
870 1869 990 1919 positi
1009 1869 1165 1908 PetaV.
1182 1881 1267 1908 sec.
1293 1869 1404 1919 pasci
1422 1870 1544 1908 Voss,
1567 1882 1622 1908 m.
1639 1882 1704 1919 pr.
1731 1871 1842 1920 ponti
1865 1869 1974 1919 Reg.

153 1921 308 1961 Petav.
340 1933 404 1972 pr.
427 1923 569 1961 Oxou.
591 1933 655 1972 pr.
670 1923 772 1962 Vat.
793 1927 933 1974 quart.
975 1920 1107 1971 optato
1140 1922 1255 1960 Med.
1278 1927 1378 1961 tert.
1417 1921 1585 1973 appositi
1617 1922 1742 1961 Far-n.
1761 1923 1979 1960 Βοιωτι-

153 1977 235 2015 212
262 1978 414 2014 vertent
435 1974 501 2013 ed.
520 1975 662 2014 vicet.
683 1974 820 2022 furias
838 1975 1017 2025 Vat.pr.
1038 1979 1083 2013 et
1103 1974 1239 2026 quint.
1259 1973 1287 2014 J
1293 1985 1361 2013 un.
1381 1985 1446 2024 pr.
1466 1973 1587 2013 Med.
1610 1978 1748 2024 quart.
1766 1973 1892 2020 furiis
1913 1973 1979 2012 vel

52 2039 67 2047 ‘
145 2027 281 2076 furias
310 2028 462 2066 Petav.
486 2039 551 2078 pr.
571 2029 630 2067 vel
647 2027 748 2067 Jun.
769 2039 833 2078 pr.
854 2027 998 2066 Oxon.
1019 2038 1105 2066 sec.
1135 2030 1204 2065 aut
1224 2026 1290 2064 vel
1309 2039 1354 2065 ac
1374 2027 1474 2064 Vat.
1496 2026 1628 2076 quint.
1658 2038 1764 2065 enses
1792 2026 1891 2066 Jun.
1915 2037 1980 2075 pr.

153 2081 437 2126 Mazar.Vat.
469 2087 610 2131 quart.
645 2081 770 2119 Far-n.
803 2080 929 2119 Rott.
959 2079 1029 2118 ed.
1050 2079 1327 2118 vicen—213
1357 2078 1597 2118 Bacchantis
1629 2079 1726 2117 Pat.
1762 2078 1984 2117 Bacchatas

156 2133 259 2173 Put.
281 2132 501 2173 Bacchaice
515 2135 614 2173 Vat.
645 2133 783 2184 quint.
826 2144 984 2183 corpore
1017 2131 1086 2171 ed.
1114 2132 1391 2171 Viam-214
1433 2135 1616 2176 regerent
1648 2132 1756 2181 Reg.
1793 2130 1981 2169 cunabula

153 2180 283 2226 Fam.
317 2186 385 2225 ed.
406 2187 547 2226 Vicet.
566 2186 726 2234 fraudis
757 2185 862 2225 Put.
884 2185 987 2225 Pat.
1008 2185 1246 2225 Low-215
1276 2187 1448 2223 teneram
1479 2184 1583 2225 Ere.
1616 2184 1741 2222 Laeti.
1770 2185 1984 2222 venientem

157 2237 277 2283 Rott.
318 2239 481 2278 Molossi
500 2239 594 2280 Pal.
617 2239 777 2279 Mutet.
798 2250 864 2289 pr.
885 2238 971 2278 duo
989 2238 1110 2277 Vatt.
1156 2238 1348 2276 Molosum
1368 2237 1489 2276 Leid.
1512 2249 1577 2288 pr.
1600 2237 1741 2276 Oxon.
1762 2247 1846 2275 sec.
1892 2235 1984 2274 Mo-

156 2288 298 2339 lossum
334 2292 436 2332 Vat.
475 2304 538 2343 pr.
574 2297 741 2334 et.sec.
773 2291 913 2333 ,Oiseh
950 2291 1071 2331 Prie.
1098 2290 1182 2329 duo
1220 2290 1341 2329 Med.
1386 2290 1470 2328 inc.
1503 2289 1653 2328 Heius.
1682 2290 1789 2327 Var.
1828 2288 1912 2327 LL.
1954 2299 1980 2327 e

155 2341 289 2396 'marga
318 2344 462 2385 Parm.
504 2353 549 2384 et
579 2356 730 2397 manus
764 2344 896 2384 docta
923 2344 967 2383 in
1004 2355 1091 2382 ora*
1119 2342 1187 2381 ed.
1222 2342 1502 2381 Vicet.—-216
1544 2341 1731 2380 Omnibus
1767 2341 1846 2379 hoec
1882 2341 1982 2381 Jun-

154 2408 225 2448 pr.
270 2398 458 2437 Omnibus
501 2397 584 2438 haee
626 2397 778 2437 victura
821 2397 963 2437 Oxou.
1006 2407 1094 2435 sec.
1132 2407 1188 2434 m.
1223 2406 1290 2446 pr.
1331 2398 1468 2434 notant
1504 2394 1602 2434 Vat.
1653 2405 1719 2446 pr.
1757 2393 1875 2433 Prie.
1916 2399 1980 2431 cc*

980 2512 1158 2554 NOTAE

213 2610 293 2647 210
323 2607 477 2647 Littore
488 2606 674 2659 produnt]
721 2605 935 2657 Arguunt,
969 2605 1039 2645 de·
1105 2603 1261 2654 sector,
1292 2603 1336 2642 in
1365 2602 1471 2644 mari
1490 2601 1611 2642 Ionio
1631 2600 1849 2650 navigans,
1876 2597 1983 2638 Gra-

160 2670 406 2721 relinquunt
439 2671 582 2709 hostes
610 2675 720 2719 tu02,
757 2669 824 2708 vel
860 2667 1038 2708 tradunt
1105 2666 1295 2717 tianique
1326 2665 1559 2705 vindictam
1593 2667 1806 2713 metuens,
1839 2672 1884 2701 se
1915 2661 1979 2712 ip-

162 2743 235 2771 eos
248 2744 321 2771 suo
337 2731 493 2781 furori;
512 2732 573 2771 sic
589 2732 802 2771 Maximus
823 2731 907 2769 dux
924 2742 1038 2781 mag·
1103 2740 1195 2766 sum
1217 2727 1258 2766 in
1279 2739 1394 2766 mare
1415 2727 1685 2778 praecipitem
1706 2725 1810 2775 egit.

161 2807 240 2836 nus
270 2808 295 2834 a
319 2795 556 2846 legionibus
590 2794 740 2845 Anglis
761 2798 932 2833 creatus
951 2792 1036 2831 Im·
1157 2794 1237 2830 212
1267 2791 1318 2831 In
1335 2802 1376 2829 se
1395 2788 1571 2839 vertunt]
1615 2788 1686 2827 Sic
1707 2785 1984 2838 Argobastes,

161 2862 353 2908 perator,
383 2869 408 2895 a
434 2856 671 2896 Theodosio
699 2868 866 2907 magno,
880 2854 1036 2894 comite
1104 2853 1284 2905 Eugenii
1310 2852 1483 2904 adjutor
1515 2851 1763 2902 bellicosus,
1797 2849 1982 2901 seipsum

163 2919 417 2967 Stilichone,
443 2919 612 2958 deletus
645 2922 726 2968 est,
779 2922 826 2958 et
873 2917 1036 2957 occisus
1105 2915 1340 2956 interfecit.
1602 2915 1607 2919 ’

161 2993 261 3022 cum
289 2981 377 3022 filio
398 2982 575 3021 Victore
596 2981 649 3020 ad
677 2980 826 3020 urbem
851 2979 1041 3031 Aquilei-
1160 2982 1238 3020 213
1280 2976 1473 3029 Laniant]
1524 2977 1592 3017 Sic
1629 2976 1787 3016 milites
1820 2975 1980 3014 lacera·

167 3057 235 3085 am
264 3044 305 3084 in
326 3045 434 3084 Foro
457 3044 587 3092 Julin,
621 3043 758 3083 Italiae
777 3048 916 3093 parte.
968 3041 1040 3081 Sic
1107 3044 1208 3079 runt
1240 3039 1454 3088 Rufinum,
1486 3044 1536 3079 ut
1574 3039 1840 3079 Bacchantes
1872 3037 1984 3077 Pen-

164 3113 214 3148 et
231 3108 459 3149 Gildonem
477 3119 593 3147 mare
622 3107 788 3157 expulit
820 3105 874 3145 ad
903 3105 1041 3155 littus,
1107 3103 1268 3142 theum.
1321 3103 1392 3142 De
1412 3101 1608 3141 Pentheo
1625 3101 1743 3142 alibi.

165 3171 223 3213 ad
233 3171 376 3211 urbem
396 3170 800 3210 scilicetTabracam
817 3170 860 3208 in
875 3167 1042 3219 Africa,
1162 3167 1241 3203 215
1270 3163 1450 3214 Molossi]
1482 3164 1619 3203 Canes
1640 3162 1877 3215 optimi,sic
1895 3161 1981 3201 dic-

167 3233 244 3274 ubi
259 3234 480 3274 damnatus
495 3240 540 3275 et
557 3236 722 3275 occisus
741 3239 821 3274 est.
1111 3227 1144 3268 ti
1163 3240 1188 3267 a
1209 3227 1381 3279 regione
1408 3227 1687 3267 Molossorum
1719 3225 1839 3277 Epiri
1857 3229 1982 3275 parte

224 3297 302 3334 211
332 3297 527 3336 claudunt
530 3297 780 3347 fugientibus
795 3295 944 3347 oequor]
974 3295 1043 3334 Sic
1110 3292 1153 3331 in
1191 3291 1377 3344 Graecia,
1413 3303 1510 3344 qnae
1548 3291 1666 3344 regio
1701 3290 1765 3331 his
1801 3285 1980 3329 canibus

173 3356 485 3409 Andragathius
504 3357 902 3412 perfidus‘Gratiani
912 3359 1043 3399 inter·
1110 3354 1317 3398 abundat.
