2300 3906
309 187 418 242 858

863 200 958 238 GL.
997 195 1351 236 CLAUDIAM
1393 194 1587 234 XXIX.

313 320 631 373 Montibus:
672 319 912 369 oblatum
939 315 1116 367 sacris
1141 315 1417 366 natalibus
1443 331 1635 366 aurum

311 404 501 470 Vulgo
530 419 667 454 vena
695 401 898 452 vomit:
938 399 1332 465 Pyrenaeisque
1358 401 1460 450 sub
1489 400 1660 451 antris

314 488 489 554 Ignea
512 486 785 538 flumineae
811 485 986 551 legere
1015 481 1291 534 Ceraunia
1318 481 1614 550 Nymphae.

316 570 569 637 Quaeque
597 569 902 620 relabentes
925 568 1104 619 undas
1131 572 1677 645 aestumque—secutae

313 655 382 707 In
407 654 611 724 refluos
636 669 834 705 venere
859 653 1044 720 palam
1074 651 1347 702 Nereides
1373 666 1582 712 amneS,

316 737 602 791 Confessae
630 739 836 805 plausu
863 737 1157 797 dominam,
1184 735 1430 786 cecinere
1457 734 1659 785 futuris

314 820 650 890 Auspicium
674 821 955 873 thalamis,

1033 819 1163 872 Alio
1192 825 1307 870 tum
1335 835 1540 886 parvus
1565 819 1620 869 in
1646 834 1753 873 axe

315 904 619 958 Crescebat
645 906 932 967 Stilichon,
957 905 1179 970 votique
1204 904 1425 969 ignarus
1453 904 1668 969 agebat,

316 990 527 1042 Debita
553 990 642 1040 cui
668 989 828 1055 longe
854 988 1080 1056 conjUX,
1109 988 1442 1055 penitusque
1466 991 1674 1039 remoto

313 1134 379 1170 tur
411 1130 454 1168 in
474 1130 630 1169 collibus
659 1131 867 1181 perfossis:
895 1145 991 1171 vena
1008 1132 1151 1182 passim
1171 1132 1342 1184 eff'undit
1361 1145 1500 1172 aarum
1523 1145 1692 1183 proesens
1719 1132 1761 1171 in
1780 1144 1890 1171 sacra
1911 1135 1985 1170 tua
2004 1129 2151 1169 nativi-

313 1188 419 1229 tate,·
438 1188 475 1222 et
494 1184 911 1235 Nymphoefluviatiles
930 1187 1164 1234 collegerunt
1184 1187 1377 1226 Ceraunia
1396 1187 1576 1225 ardentia
1594 1186 1662 1225 sub
1682 1186 1859 1225 cavernis
1875 1184 2098 1236 Pyrenaeis:
2112 1186 2152 1221 et

315 1237 506 1276 Nereides
522 1251 604 1288 quoe
626 1238 861 1277 comitantur
880 1251 1000 1289 aquas
1018 1240 1213 1279 venientes
1232 1245 1270 1279 et
1290 1242 1507 1287 redeuntes,
1535 1242 1770 1279 advenerunt
1790 1242 1925 1290 aperte
1941 1238 1983 1276 in
2002 1236 2152 1288 fluvios

315 1290 546 1341 refluentem
555 1292 731 1339 fatentes
753 1304 827 1331 suo
845 1293 1047 1343 applausu,
1065 1297 1104 1331 te
1124 1306 1203 1332 esse
1220 1294 1432 1343 Reginam,
1447 1297 1699 1332 cantaverunt
1715 1305 1861 1331 versus
1879 1291 2096 1341 auspicatos
2113 1289 2156 1328 in

314 1347 403 1383 tuas
421 1345 578 1394 nuptias
596 1358 618 1381 ι
620 1349 789 1384 enturas.
850 1346 947 1383 Tum
966 1345 1136 1385 Stilicho
1168 1359 1312 1397 parvus
1343 1347 1524 1396 surgebat
1556 1347 1598 1385 in
1627 1347 1785 1396 regione
1804 1346 1897 1393 alia,
1930 1348 1967 1383 et
2000 1343 2153 1381 vivebat

314 1409 459 1437 inscius
468 1397 686 1445 felicitatis
714 1410 819 1450 suae,
848 1399 911 1437 cui
929 1411 1028 1438 uxor
1048 1400 1244 1439 destinata
1262 1401 1395 1451 procul
1421 1400 1704 1451 veservabatur,
1734 1403 1773 1438 et
1799 1398 2002 1438 concordia
2030 1399 2153 1436 tantoe

1086 1491 1229 1505 “Off“
1235 1491 1352 1505 “O“
1359 1491 1379 1504 0

316 1555 465 1596 Auster
484 1556 568 1595 duo
588 1557 708 1595 Vatt.
741 1556 859 1595 Med.
889 1568 955 1606 pr.
985 1556 1068 1594 ine.
1097 1554 1248 1593 Heins.
1278 1553 1380 1593 Put.
1400 1554 1556 1593 PetaV.
1577 1567 1664 1594 sec.
1684 1555 1852 1593 Bonon.
1882 1551 2034 1592 Ambr.
2055 1556 2158 1593 tert.

317 1609 479 1648 Moret.
500 1621 566 1659 pr.
589 1609 731 1648 Oxon.
751 1621 835 1647 sec.
857 1608 1023 1647 Buslid.
1047 1608 1152 1646 Cod.
1176 1606 1328 1657 Epigr.
1349 1606 1497 1646 Ambr.
1516 1607 1666 1646 eadem
1685 1619 1766 1647 vox
1789 1609 1965 1646 Lucano
1986 1618 2156 1658 quoque

316 1660 500 1709 reddita,
534 1667 645 1700 teste
667 1661 865 1701 Heinsio.
887 1660 920 1700 f.
939 1661 1015 1700 lib.
1036 1672 1099 1700 1v.
1120 1663 1215 1699 298.
1247 1662 1258 1682 ‘
1281 1660 1489 1700 Merserit
1524 1660 1689 1700 Asturii
1727 1666 1940 1700 scrutator
1972 1659 2155 1711 pallidus

317 1714 437 1753 auri!
480 1714 632 1753 oberret
662 1716 765 1753 Vat.
786 1718 982 1753 sec.—76
1010 1714 1185 1752 ablatum
1205 1713 1273 1751 ed.
1304 1713 1558 1754 Parm·—77
1590 1719 1715 1754 movet
1736 1727 1811 1764 pro
1831 1714 1951 1753 vomit
1971 1714 2071 1752 Vat.
2092 1725 2158 1764 pr.

316 1766 467 1808 Ambr.
498 1780 562 1818 pr.
583 1768 649 1806 ed.
670 1768 818 1806 Parm.
867 1767 1136 1818 Pirenoeisque
1156 1767 1314 1806 Moret.
1348 1780 1412 1819 pr.
1434 1766 2158 1809 Oxon.sec.A1d.Va=·.LL.ed.

316 1819 449 1860 Antv.
501 1821 743 1872 Pirenoeique
776 1821 814 1859 al
822 1824 941 1860 .-78
962 1821 1166 1872 flumineis
1190 1821 1355 1860 Thuan.
1393 1820 1459 1861 ed.
1498 1822 1642 1861 Parm.
1681 1821 1888 1869 fulmineis
1922 1822 2004 1859 duo
2035 1821 2157 1860 Vatt.

316 1873 440 1914 Rott
461 1873 667 1922 fulmineoe
688 1873 838 1914 Arnbr.
861 1879 962 1914 tert.
995 1874 1199 1925 fluminea>
1219 1875 1320 1913 Vat.
1342 1887 1407 1926 pr.
1427 1875 1519 1915 Pal.
1538 1876 1622 1915 duo
1652 1876 1773 1915 Med.
1797 1876 1880 1914 inc.
1898 1872 2051 1914 Heius.
2074 1872 2159 1912 Pe-

316 1932 406 1967 taV.
428 1940 492 1978 pr.
519 1923 682 1967 Bonon.
705 1926 855 1966 Ambr.
878 1941 942 1978 pr.
977 1930 1135 1967 Moret.
1158 1939 1221 1977 pr.
1258 1927 1400 1967 Oxon.
1421 1940 1507 1968 sec.
1539 1930 1646 1968 Exc.
1668 1930 1849 1967 Lucens.
1884 1941 1947 1979 pr.
1982 1933 2025 1966 et
2054 1926 2157 1966 Pat.

316 1992 406 2019 rec.
426 1981 666 2029 fulminibus
686 1980 785 2019 Ald.
804 1981 1010 2031 fluminea>
1028 1983 1093 2019 vel
1102 1981 1311 2028 salmineae
1331 1982 1430 2021 Vat.
1465 1982 1596 2022 Livin.
1600 1981 1707 2022 -79
1734 1982 1948 2022 relabentes
1966 1981 2159 2020 Florent.

318 2038 408 2073 tres
430 2033 549 2072 Med.
583 2035 665 2073 inc.
686 2035 839 2073 Heins.
878 2036 977 2073 Put.
1009 2035 1161 2073 Petav.
1185 2047 1249 2084 pr.
1281 2036 1446 2074 Bonon.
1469 2036 1633 2075 Buslid.
1657 2042 1741 2075 vet.
1763 2037 1870 2086 Gyr.
1891 2036 1992 2074 vat.
2015 2033 2159 2073 Livin.

318 2088 425 2126 Exc.
446 2088 629 2125 Lucens.
651 2099 716 2137 pr.
738 2087 837 2126 Pat.
864 2100 951 2127 rec.
981 2089 1197 2137 relegentes
1215 2089 1319 2127 Vat.
1340 2101 1427 2127 sec.
1446 2089 1608 2128 Thuan.
1628 2088 1781 2128 Ambr.
1803 2101 1864 2139 pr.
1897 2088 2051 2126 Petav.
2070 2098 2160 2125 sec.

318 2139 423 2179 Cod.
445 2141 509 2190 Ep
514 2140 556 2190 ig
561 2152 589 2178 r.
612 2139 756 2178 Ambr.
777 2139 876 2179 Ald.
906 2141 1121 2179 relebantes
1137 2140 1203 2178 ed.
1227 2141 1370 2180 Parm.
1400 2144 1619 2181 recedentes
1635 2140 1787 2180 Ambr.
1809 2147 1910 2181 tert.
1939 2142 2161 2190 relegantes

318 2192 471 2232 Sched.
484 2153 607 2232 Qud.
653 2197 845 2243 aestasque
876 2193 984 2232 Cod.
1016 2194 1165 2243 Epigr.
1193 2191 1328 2232 Ambr
1337 2198 1451 2233 .-81
1483 2196 1692 2245 plausuque
1712 2203 1820 2234 omen
1842 2207 1919 2245 pro
1936 2195 2076 2245 plausu
2095 2194 2162 2232 do-

318 2246 465 2286 minam
483 2247 584 2285 Vat.
605 2259 691 2285 sec.
719 2247 875 2296 plausus
893 2259 1022 2285 omen.
1033 2246 1236 2294 Ῐηιιίιινοε
1256 2246 1409 2286 Ambr.
1431 2253 1515 2286 tert
1520 2252 1640 2287 .-—-82
1668 2252 1758 2287 tunc
1774 2260 1918 2299 parvus
1937 2247 2021 2287 duo
2037 2248 2161 2287 Vatt.

318 2299 511 2338 Florent.
533 2299 654 2338 Med.
677 2311 761 2338 sec.
785 2300 943 2338 Petav.
965 2312 1049 2338 sec.
1075 2299 1239 2337 ssuslid.
1261 2299 1364 2339 Ald.
1395 2305 1478 2339 lum
1497 2302 1597 2339 Vat.
1620 2302 1757 2339 Livin.
1787 2314 1874 2339 cum
1893 2301 1989 2339 Pal.
2011 2298 2162 2339 Ambr.

319 2357 424 2392 tert.
460 2351 530 2391 ed.
562 2352 707 2392 Parm.
746 2352 885 2403 pirrus
916 2365 994 2404 pro
1025 2364 1172 2402 parcus
1194 2353 1315 2392 Med.
1338 2365 1388 2405 ρι·
1392 2357 1511 2393 .--83
1541 2354 1705 2393 habebat
1740 2355 1842 2394 Vat.
1861 2366 1930 2406 pr.
1961 2352 2162 2393 Pomm.—

1138 2472 1179 2511 N
1185 2471 1314 2512 OTAE

373 2567 427 2604 ’76
458 2559 687 2615 Natalibus]
716 2565 768 2604 In
800 2563 1016 2603 natalibus
1035 2563 1205 2603 Princi-

317 2640 422 2681 pum
461 2629 745 2669 mittebantur
776 2642 953 2669 munera
985 2629 1028 2667 in
1050 2629 1206 2668 bonum

320 2704 460 2732 omen.

374 2758 428 2794 78
459 2755 674 2807 Ceraunia]
725 2755 930 2795 Gemmas
950 2754 1105 2794 coloris
1127 2752 1207 2793 ful-

318 2818 477 2857 minei:
536 2818 718 2870 κεραυνὸς
751 2819 909 2865 fulmen
964 2817 1206 2870 significat:

320 2880 503 2929 Plinius,
534 2884 544 2902 ‘
565 2888 631 2920 est
657 2883 773 2921 inter
802 2882 1003 2921 candidas
1036 2889 1081 2920 et
1114 2893 1208 2931 quae

322 2942 536 2981 Ceraunia
558 2950 751 2994 vocatur,
784 2945 973 2984 siderum
997 2943 1206 2995 fulgorem

322 3004 493 3055 rapiens
511 3005 537 3052 ;’
579 3014 623 3044 et
645 3008 727 3046 alio
759 3008 801 3046 in
823 3008 934 3057 loco,
961 3011 972 3029 ‘
997 3007 1210 3047 Ceraunia

323 3072 371 3107 et
400 3067 583 3105 Brontia
610 3069 766 3107 cadere
796 3082 891 3108 cum
925 3070 1134 3108 imbribus
1166 3074 1213 3107 et

325 3128 576 3170 fulminibus
598 3130 790 3170 dicitur!
819 3151 827 3157 -

378 3195 433 3232 79
465 3192 697 3231 Relabentes
728 3196 853 3232 undas
881 3194 1110 3245 testumque]
1156 3193 1210 3233 Id

325 3259 409 3306 est,
428 3261 577 3294 aestum
601 3255 808 3294 undarum
837 3258 1118 3298 relabentium
1136 3269 1207 3297 seu

328 3316 620 3359 refluentium.

382 3387 432 3424 81
465 3384 649 3425 Cecinere
668 3385 899 3439 auspicium]
937 3386 1101 3427 Cantus
1119 3384 1213 3425 feli-

1273 2576 1344 2604 ces
1365 2569 1410 2604 et
1439 2565 1682 2616 auspicatos
1713 2565 1757 2606 in
1791 2564 1964 2618 nuptias
1983 2565 2160 2607 Serenae

1273 2628 1395 2667 velut
1415 2626 1508 2667 fato
1526 2628 1772 2679 promissas,
1806 2636 1850 2668 et
1872 2627 2037 2669 futuras
2062 2642 2161 2670 cum

1275 2691 1526 2731 Stilichone.
1583 2692 1753 2745 Allqdit
1773 2692 1827 2731 ad
1860 2705 2021 2732 morem
2042 2698 2163 2733 vete-

1278 2769 1384 2804 rem,
1427 2769 1510 2808 quo
1546 2757 1700 2808 puellae
1740 2758 1990 2808 populares,
2029 2769 2161 2797 novos

1276 2827 1435 2871 nuptos
1457 2820 1511 2859 ad
1533 2821 1704 2860 thalami
1724 2820 1839 2860 fores
1860 2819 2160 2860 concinebant.

1332 2886 1384 2922 82
1413 2883 1505 2922 Alio
1523 2884 1565 2922 in
1594 2882 1690 2934 acce]
1738 2882 1836 2922 Alia
1864 2884 1906 2923 in
1936 2881 2066 2921 Orbis
2098 2894 2163 2921 re-

1278 2947 1430 2998 gione:
1462 2959 1554 2985 nam
1589 2946 1769 2985 Stilicho
1803 2944 2020 2983 Vandalus
2051 2949 2162 2984 erat.

1278 3010 1343 3047 Ex
1366 3009 1590 3047 Munstero
1607 3013 1749 3046 autem
1773 3010 1788 3028 ·‘
1808 3005 2013 3054 Bohaemi,
2032 3005 2160 3045 Polo-

1277 3071 1338 3118 ni‚
1373 3077 1417 3109 et
1438 3070 1509 3108 alii
1529 3069 1674 3120 populi
1694 3068 1896 3107 maritimi
1915 3069 1979 3107 his
2000 3067 2163 3121 affines,

1279 3132 1380 3171 olim
1400 3130 1503 3169 dicii
1523 3129 1700 3169 fuerunt
1719 3131 1932 3169 Vandali!

1333 3197 1384 3233 83
1425 3193 1530 3243 Voti]
1558 3193 1740 3243 Ignarus
1759 3194 1875 3239 Voti,
1909 3207 1983 3237 seu
2003 3192 2159 3233 amoris

1277 3255 1426 3304 futuri,
1459 3268 1541 3308 quo
1580 3255 1805 3308 aliquando
1841 3264 2004 3297 amaret
2036 3259 2157 3297 Sere-

1278 3330 1389 3368 nam,
1420 3325 1464 3357 et
1484 3317 1539 3358 ad
1567 3320 1661 3370 ejus
1692 3320 1940 3372 conjugium
1969 3321 2162 3363 obtinen-

1281 3382 1382 3423 dum
1398 3382 1503 3423 nihil
1522 3393 1607 3422 non
1625 3389 1818 3424 voveret.
