2300 3906
375 219 482 272 570
952 231 1047 271 cn.
1087 223 1438 268 cLAUmAm
1480 222 1595 266 xx.

379 350 749 419 Hesperiam?
790 347 981 400 domiti
1005 362 1108 397 nec
1135 350 1187 396 te
1213 346 1343 411 post
1365 341 1510 394 bella
1533 339 1747 410 tyranni

378 435 607 488 Cernere
620 437 736 503 jam
761 432 949 484 licuit?
989 431 1069 482 sic
1096 435 1152 481 te
1178 428 1406 481 victoria
1426 426 1588 478 nobis

376 518 615 586 Eripuit,
639 517 924 582 Gallisque
949 515 1135 565 dedit‘l
1176 511 1410 564 Rufinus
1435 510 1588 576 origo

376 602 565 655 Prima
590 601 740 653 mali.
817 599 1081 652 Geminas
1104 598 1244 649 inter
1267 593 1542 647 discordia
1565 597 1753 660 partes
2074 587 2198 638 540

377 685 506 737 Hoc
531 690 756 737 auctore
780 683 902 735 suit.
978 682 1085 733 Sed
1106 682 1222 750 jam
1248 679 1458 747 majora
1482 675 1729 728 moventi

376 767 630 820 Occurrit
650 768 807 836 justa
832 766 1046 818 rediens
1074 763 1352 816 exercitus
1376 762 1477 823 ira,

376 851 561 903 Fortis
588 852 762 902 adhuc
788 851 1019 919 ferrique
1044 864 1279 900 memor:
1317 846 1503 897 brevis
1530 843 1655 896 inde
1679 840 1903 905 reluxit,

375 934 649 1000 Falsaque
671 933 910 986 libertas·
986 932 1224 983 Rursum
1251 928 1569 981 Stilichonis
1593 926 1823 978 habenis

372 1016 675 1085 Sperabam
700 1033 787 1067 me
813 1031 980 1083 posse
1005 1015 1137 1080 regi.
1213 1013 1327 1064 Pro
1351 1028 1506 1064 caeca
1531 1011 1702 1062 futuri
2085 1006 2194 1059 545

372 1099 629 1152 Gaudia!
666 1099 898 1150 fraterno
926 1097 1185 1165 conjungi
1206 1100 1453 1164 coeperat
1479 1096 1631 1147 orbis

370 1183 611 1250 Imperio
636 1182 793 1251 (quis
817 1183 963 1234 enim
988 1186 1143 1234 tanto
1169 1186 1368 1234 terrore
1391 1180 1624 1232 recentis

370 1266 631 1335 Exempli
655 1267 884 1335 paribus
911 1282 1034 1318 sese
1062 1266 1422 1317 committeret
1448 1262 1599 1315 ausis
1620 1261 1673 1331 7)

371 1349 510 1402 Cum
533 1351 739 1413 subit0,
765 1355 1075 1402 monstrosa
1096 1349 1228 1401 mihi
1253 1349 1540 1415 turpisque
1566 1346 1734 1398 relatu

371 1433 610 1497 Fabula,
638 1434 827 1486 Rufini
854 1438 1125 1486 castratus
1151 1433 1367 1501 prosilit
1392 1432 1598 1484 haeres:
2088 1428 2195 1482 550

370 1518 442 1574 Et
467 1519 674 1570 similes
699 1520 894 1571 iterum
918 1518 1099 1570 luctus
1127 1517 1376 1569 Fortuna
1398 1514 1636 1577 reduxit,

366 1655 498 1694 videre
516 1659 555 1694 te
570 1658 655 1705 post
671 1655 809 1704 pra’lia
829 1653 986 1705 tyranni
1006 1652 1147 1692 Rufini
1161 1651 1369 1704 superati?
1423 1651 1492 1692 An
1524 1651 1585 1690 ita
1616 1650 1834 1701 triumphus
1856 1648 1998 1688 avulsit
2017 1653 2056 1689 te
2074 1647 2196 1700 nobis,

368 1712 407 1747 et
425 1709 607 1746 concessit
629 1705 789 1747 Gallis?
843 1706 1013 1759 Rufinus
1031 1711 1097 1744 est
1112 1707 1241 1757 prima
1260 1706 1362 1745 labes
1380 1705 1475 1744 mali
1487 1719 1500 1743 .·
1529 1703 1715 1742 dissensio
1748 1702 1883 1741 extitit
1914 1703 2019 1741 inter
2046 1706 2197 1751 utrum

365 1772 438 1810 que
459 1761 683 1810 Imperium,
710 1761 777 1798 hoc
795 1771 962 1798 suasore.
1017 1759 1074 1798 At
1106 1771 1207 1798 nunc
1238 1758 1434 1797 exercitus
1454 1763 1551 1796 tuus
1570 1760 1765 1795 revertens
1781 1755 1922 1802 furore
1931 1754 2055 1806 justo,
2071 1755 2196 1796 adhuc

362 1824 585 1861 generosus,
618 1816 656 1850 et
689 1812 909 1851 recordatus
938 1823 1148 1859 armorum,
1181 1811 1322 1850 occidit
1358 1809 1560 1850 Rufinum
1581 1809 1669 1858 J'am
1698 1808 1951 1848 meditantem
1965 1808 2197 1858 grandiora.

364 1865 475 1903 Hinc
506 1865 663 1904 libertas
693 1865 833 1914 brevis,
865 1869 900 1903 et
932 1864 1062 1903 inanis
1088 1863 1255 1916 affulsit.
1314 1863 1580 1914 Expectabam
1611 1874 1671 1901 me
1699 1874 1806 1914 posse
1824 1862 1968 1902 iterum
1981 1861 2194 1912 gubernari

362 1917 527 1968 imperio
560 1917 813 1956 Stilichonis:
834 1929 905 1968 pro
923 1917 1105 1956 loetitiam
1124 1918 1304 1966 ignaram
1323 1928 1465 1956 rerum
1485 1919 1734 1955 venturarum
1748 1915 1768 1955 ,Ι
1806 1915 1979 1955 Mundus
1995 1915 2194 1966 inceperat

354 1970 476 2019 jungi
489 1974 683 2020 potestate
702 1970 880 2017 fratrum
907 1970 1111 2018 duorum3
1140 1970 1258 2020 (nam
1286 1969 1416 2021 ecquis
1442 1974 1540 2020 post
1565 1973 1718 2007 tantum
1749 1971 1894 2009 metum
1922 1968 2088 2020 exempli
2102 1968 2193 2014 novi

363 2026 572 2073 exponeret
603 2035 643 2060 se
662 2022 867 2070 furoribus
897 2020 1049 2062 tantis?
1051 2021 1078 2072 )
1105 2034 1191 2062 cum
1216 2023 1352 2062 statim
1374 2021 1515 2070 sabula
1544 2026 1779 2073 portentosa,
1810 2026 1847 2060 et
1879 2021 2040 2070 infamis
2066 2021 2193 2072 dictu,

362 2086 555 2117 accessor
569 2075 757 2115 eunuchus
773 2076 911 2128 Rufini
925 2075 1023 2115 milii
1041 2075 1219 2126 exsurgit
1233 2089 1246 2115 .·
1270 2080 1311 2115 et
1333 2075 1498 2125 fortuna
1517 2075 1714 2114 renovavit
1734 2075 1880 2120 dolores
1894 2087 2048 2122 rursum
2058 2086 2193 2128 pares,

1165 2190 1309 2207 “Ol'‘
1315 2191 1460 2206 “00“

363 2256 466 2299 Par.
490 2256 631 2295 domiti
649 2269 718 2295 nec
736 2259 776 2295 te
794 2257 892 2297 Vat.
912 2268 978 2308 pr.
1008 2256 1104 2296 bella
1118 2256 1186 2296 vel
1205 2253 1284 2296 tela
1299 2254 1443 2298 Oxon.
1462 2268 1552 2297 sec.
1578 2256 1740 2308 tyranni
1758 2257 1920 2296 Mazar.
1939 2268 2035 2296 cum
2054 2256 2192 2309 glossa

360 2310 391 2349 i.
411 2321 446 2349 e.
468 2309 737 2361 Rufini—539
763 2311 871 2348 dedit
887 2309 1050 2356 velsuit
1080 2309 1223 2350 Oxon.
1241 2313 1442 2360 pr.·-540
1466 2310 1641 2359 geminos
1650 2310 1805 2358 fratres
1824 2310 1922 2351 Par.
1943 2310 2064 2350 Med.
2087 2316 2190 2351 tert.

361 2362 751 2414 Vat.quart.—541
781 2365 909 2401 actore
928 2363 1021 2402 Pal.
1042 2363 1127 2402 duo
1148 2362 1270 2402 Med.
1290 2363 1393 2403 Var.
1423 2363 1510 2402 LL.
1541 2362 1607 2402 ed.
1636 2362 1767 2405 Antv.
1801 2362 1903 2414 fluit
1934 2363 2193 2415 conjiciebat

361 2414 514 2456 Heius,
542 2415 672 2462 siJ'am
692 2415 811 2455 Rott.
834 2415 967 2455 Oisel.
993 2417 1050 2454 sic
1059 2416 1147 2464 jam
1170 2416 1268 2455 Pat.
1305 2416 1369 2456 cui
1387 2416 1454 2455 vel
1465 2416 1553 2463 jam
1568 2416 1727 2455 Moret.
1749 2428 1835 2455 sec.
1863 2416 2041 2458 movendi
2060 2415 2187 2458 Farn-

351 2465 509 2515 furenti
526 2468 625 2505 Vat.
647 2472 747 2506 tert.
772 2479 827 2506 m.
850 2472 1051 2518 pr.——542
1083 2469 1275 2508 Occurrat
1307 2469 1391 2508 inc.
1424 2468 1576 2508 Heius.
1617 2469 1680 2508 ira
1713 2469 1781 2508 vel
1813 2470 1902 2508 aula
1932 2469 2034 2508 Vat.
2066 2481 2188 2519 pr.—

361 2522 439 2559 543
458 2519 678 2571 fratrisque
702 2532 844 2559 memor
874 2521 994 2561 Rott.
1040 2521 1187 2560 reluxit
1215 2522 1322 2561 Exc.
1351 2522 1533 2561 Lucens.
1564 2533 1649 2562 sec.
1695 2522 1855 2560 reduxit
1884 2521 1953 2561 ed.
1988 2521 2190 2565 vicet.—

361 2575 440 2618 ⁵4⁵
467 2573 538 2623 pro
556 2586 656 2612 coeca
674 2574 774 2612 Vat.
794 2584 856 2623 pr.
884 2573 1122 2613 Pan-546
1140 2574 1227 2623 jam
1244 2574 1350 2623 cingi
1369 2575 1632 2618 Fam—547
1659 2577 1832 2616 retentus
1849 2574 1954 2618 Lov,
1974 2587 2030 2616 m.
2044 2586 2189 2615 sec.—

359 2628 439 2665 548
466 2627 587 2664 armis
607 2625 673 2664 vel
690 2625 797 2666 ausis
817 2626 1143 2666 warenn—549
1159 2630 1372 2670 monstrosa
1389 2627 1488 2671 mihi
1507 2638 1653 2670 omnes
1672 2628 1795 2667 Vatt.
1813 2627 1903 2667 Pal.
1923 2628 2049 2668 Farn.
2067 2627 2187 2669 Prie.

361 2677 481 2720 Rott.
504 2677 636 2717 Oisel.
683 2683 897 2717 monstrosa
915 2680 997 2718 lues
1030 2685 1115 2719 vet.
1137 2679 1243 2729 Cod.
1263 2677 1436 2731 Anglic.
1456 2685 1567 2720 teste
1585 2679 1780 2729 Heinsio,
1807 2680 1880 2732 qui
1913 2682 2190 2732 ascripserat.

359 2730 373 2752 ‘
395 2730 454 2772 sic
468 2735 629 2781 pestem,
648 2731 769 2770 labem
789 2737 835 2771 et
852 2733 996 2770 cladem
1012 2732 1224 2771 hominem
1244 2744 1426 2784 nequam
1448 2733 1672 2774 vocabant.
1700 2733 1784 2776 vid.
1805 2732 2052 2773 Casaub.ad
2067 2731 2187 2775 ‘Hi-t.

362 2781 474 2834 Aug.
495 2796 534 2835 p.
553 2788 643 2823 157.
690 2785 751 2823 sic
780 2786 899 2833 pestis
917 2785 1041 2824 initio
1073 2786 1175 2825 vitae
1206 2784 1444 2831 Alexandri
1475 2785 1790 2831 Severiss—550
1821 2788 2030 2826 eustratus
2048 2787 2187 2839 Rufini

358 2835 650 2879 'uiuam—551
679 2837 820 2877 similis
850 2839 1003 2877 Petav.
1038 2850 1123 2878 sec.
1164 2839 1274 2885 ludos,
1300 2840 1366 2882 vel
1395 2840 1502 2879 lusus
1521 2839 1632 2891 conj.
1654 2839 1940 2879 Heins.-552
1965 2852 2102 2880 sexum
2119 2841 2186 2880 do·

1176 2970 1358 3012 NOTAE

412 3065 494 3102 639
525 3061 671 3112 Gallis]
711 3062 823 3103 Quia
852 3055 1029 3104 Stiliieho
1049 3064 1235 3117 degebat
1356 3065 1542 3118 Rufinus]
1564 3066 1632 3106 De
1649 3066 1726 3105 hoc
1744 3077 1873 3117 supra
1884 3064 2182 3109 duobuslibris
2258 3104 2266 3110 .
2298 3031 2300 3075 ff

360 3124 515 3176 noepius
534 3123 839 3174 Mediolani‚in
852 3125 990 3165 Gallia
1003 3127 1232 3179 Cisalpina.
1299 3130 1343 3169 in
1365 3129 1579 3178 Rufinum,
1597 3129 1669 3182 qui
1688 3141 1818 3168 novas
1845 3141 1913 3168 res
1931 3129 2105 3170 molitus
2121 3129 2179 3172 ab

358 3187 447 3228 Sea
466 3191 512 3226 et
530 3186 750 3226 Gallorum
770 3187 937 3227 nomine
955 3201 1036 3228 non
1058 3203 1153 3230 raro
1170 3192 1232 3231 in·
1299 3195 1494 3233 exercitu
1513 3192 1751 3243 discerptus
1772 3196 1855 3231 est.

359 3249 610 3300 telliguntur
668 3248 855 3299 legiones
914 3250 1232 3303 Occidentales,
1350 3259 1431 3296 548
1460 3255 1663 3308 Exempli]
1701 3253 1828 3298 Quod
1857 3257 2063 3296 statutum
2081 3243 2182 3297 θηί

359 3323 515 3363 magno
547 3313 706 3350 honore
738 3311 1022 3367 nobilissimae,
1052 3314 1230 3358 sortissi-
1296 3317 1341 3358 in
1362 3316 1576 3359 Rufinum.
1740 3315 1743 3317 ’
2174 3333 2178 3338 ·

358 3387 524 3431 moeque
542 3375 740 3416 nationis.
