2300 3906
551 252 616 291 IN
657 253 699 290 1.
737 250 910 289 coNS.
948 249 1216 289 S'rlmcH.
1254 247 1373 286 1213.
1411 247 1453 284 1.
1815 240 1922 294 595

98 373 270 442 AEgra
295 375 464 439 caput
487 368 686 421 mediis
713 367 886 419 erexit
911 368 1138 420 Graecia
1160 368 1417 421 fiammis.

98 457 346 510 Plurima
364 451 690 504 Parrhasius
716 455 846 503 tunc
864 452 1003 502 inter
1030 467 1267 519 corpora
1290 451 1487 503 Ladon
1805 450 1917 503 185

97 538 299 600 Haesit,
337 540 390 588 et
413 534 662 602 Alpheus
685 533 901 586 Geticis
926 538 1188 600 angustus
1214 535 1430 588 acervis

22 625 26 630 '
94 620 332 676 Tardior
357 619 427 671 ad
452 617 676 670 Siculos
702 619 995 669 etiamnum
1021 616 1196 684 pergit
1219 632 1452 668 amores.

94 704 361 758 Miramur
384 701 588 754 rabidis
613 702 826 752 hostem
854 700 1205 751 succumbere
1228 699 1409 763 bellis,

94 788 233 842 Cum
259 787 379 838 solo
408 791 609 838 terrore
631 784 832 835 ruant?
874 781 1025 833 Num
1051 782 1289 835 classica
1314 783 1545 836 Francis

90 870 423 926 Intulimus'?
462 868 499 921 J
504 883 703 920 acuere
721 870 922 918 tamen.
1001 864 1156 916 Num
1186 865 1365 918 Marte
1391 866 1605 920 Suevos
1811 868 1917 920 190

21 1018 35 1037 ,
75 954 474 1023 ContudimuS,
514 953 640 1019 quis
660 952 789 1020 jura
813 950 1010 1002 damus
1032 950 1055 999 Τ
1133 948 1276 1013 Quis
1302 951 1520 1003 credere
1546 951 1767 1019 possit?

26 1102 33 1110 „
89 1037 234 1104 Ante
261 1039 449 1090 tubam
470 1035 632 1087 nobis
655 1034 845 1086 audax
871 1033 1172 1090 Germania
1197 1035 1382 1087 servit.

11 1108 61 1185 ’ἦ
91 1121 316 1186 Cedant,
345 1121 548 1184 Druse,
577 1119 676 1182 tui,
704 1117 918 1180 cedant,
944 1114 1199 1183 Trajane,
1227 1117 1462 1171 labores.

95 1253 267 1303 Graia,
284 1251 531 1301 resuscitata,
563 1254 603 1290 te
628 1250 852 1300 dimicante,
881 1248 1038 1287 sustulit
1057 1252 1172 1299 caput
1191 1260 1246 1288 ex
1263 1249 1421 1298 ignibus
1446 1250 1594 1290 mediis.
1654 1251 1754 1290 Tum
1782 1251 1920 1292 Ladon
1954 1267 1960 1271 ·

92 1305 308 1348 Arcadicus
341 1305 518 1344 constitit
549 1304 652 1342 inter
677 1303 799 1342 multa
832 1303 1036 1348 cadavera,
1061 1306 1099 1340 et
1119 1302 1290 1352 Alpheus
1321 1306 1496 1341 arctatus
1523 1305 1685 1343 cumulis
1712 1304 1920 1352 Getarum,

91 1359 195 1400 redit
213 1359 332 1398 etiam
347 1358 487 1398 lentior
504 1358 554 1396 ad
569 1368 719 1396 amores
737 1354 963 1395 Arethusae
981 1353 1139 1395 Siculae.
1195 1353 1266 1394 An
1279 1354 1578 1406 obstupescimus
1593 1357 1738 1396 hostem
1753 1371 1774 1395 ο
1800 1358 1920 1408 primi

86 1412 239 1465 praeliis
257 1411 451 1460 violentis,
468 1422 555 1450 cum
574 1411 751 1449 vincatur
776 1409 854 1448 solo
883 1405 1056 1459 pavore?
1088 1409 1193 1447 Num
1221 1408 1439 1447 indiximus
1465 1409 1567 1448 bella
1586 1410 1770 1456 Francis.
1813 1411 1923 1451 Victi

90 1469 181 1505 sunt
199 1469 343 1505 tamen.
400 1465 507 1503 Num
530 1463 766 1515 perculimus
789 1474 923 1513 pugna
941 1461 1083 1513 aliqua
1102 1460 1262 1512 Suevos,
1279 1461 1414 1512 quibus
1431 1462 1663 1513 imponimus
1680 1465 1781 1513 leges
1793 1461 1814 1503 ,⁹
1842 1465 1921 1503 Ec-

91 1518 176 1570 quis
189 1518 314 1570 possit
331 1514 520 1557 credere?
551 1516 766 1556 Germania
790 1516 963 1554 animosa
980 1513 1202 1562 famulatur
1232 1515 1341 1553 nobis
1371 1520 1462 1554 ante
1483 1517 1681 1567 praelium.
1741 1518 1921 1556 Victoriae

90 1568 173 1613 'tuae
188 1573 325 1611 cedant
344 1569 532 1611 victoriis
550 1568 809 1621 Stilichonis,
830 1580 855 1608 o
874 1568 1020 1618 Druse,
1040 1572 1078 1607 et
1097 1573 1199 1619 tuae,
1225 1580 1250 1607 o
1283 1567 1462 1616 Trajane.
1519 1569 1920 1622 Quicquidsortitudo

854 1656 1150 1672 OOOOOOOOOOOO

23 1743 26 1750 ’
83 1715 1920 1823 ‘3325’333¹231z5b33‘52¹.·1f30.‚¹2:²1,exmia31¹{32³:·ssa52¹.'z²{²·⁹s{553}‚¹²22ss

38 1847 44 1856 -›
89 1825 166 1864 mis
195 1824 263 1863 vel
291 1823 437 1874 campis
463 1823 570 1872 Reg.
598 1821 717 1860 Med.
738 1826 875 1872 quart.
897 1822 1006 1860 Exc.
1036 1821 1162 1861 Laeti.
1188 1821 1394 1861 Heinsius
1414 1824 1660 1874 conjecerat
1686 1825 1852 1873 damnis,
1871 1828 1922 1864 ut

7 1905 10 1921 ,
90 1877 299 1928 scripturn
328 1883 454 1915 antea
482 1874 615 1914 fuerit
646 1874 970 1924 dampnis.-185
999 1885 1142 1913 cornua
1169 1875 1239 1913 vel
1264 1888 1424 1926 corpora
1443 1877 1562 1916 Med.
1579 1890 1645 1927 pm
1686 1878 1798 1916 Lado
1816 1878 1919 1916 Vat.

8 1926 11 1934 ’
60 1931 62 1935 ’
91 1932 333 1970 tem—186
360 1928 547 1979 Alphoeus
566 1928 675 1966 Exc.
695 1927 878 1965 Lucens.
901 1938 963 1976 pr.
991 1927 1194 1976 Eniphens
1214 1927 1280 1967 ed.
1297 1929 1439 1968 Vicet.
1468 1934 1658 1978 augustus
1673 1930 1921 1969 Floreat.—

68 2020 70 2022 .
92 1985 170 2024 187
202 1982 367 2022 Tardius
386 1982 425 2019 V
429 1986 485 2020 at.
506 1985 646 2032 quart.
666 1979 763 2018 Pal.
783 1979 902 2018 Rott.
923 1978 1008 2018 duo
1025 1979 1145 2019 Med.
1165 1980 1328 2019 'I'huam
1350 1981 1506 2021 Petav.
1526 1994 1591 2033 pr.
1612 1995 1665 2022 m,
1686 1995 1749 2033 pr.
1771 1981 1918 2021 Ambr.

91 2047 176 2076 sec.
194 2036 355 2076 Moret.
371 2046 435 2086 pr.
455 2034 556 2074 Jnn.
577 2033 717 2072 Oxon.
742 2043 828 2071 sec.
847 2044 903 2072 m.
925 2043 989 2081 pr.
1027 2032 1071 2070 in
1090 2032 1241 2071 Siculos
1260 2033 1380 2074 Med.
1404 2046 1490 2073 sec.
1532 2036 1744 2074 etiamnum
1772 2047 1920 2074 omnes

14 2080 17 2113 ³
91 2089 210 2138 Vatt.
231 2088 324 2127 Pal.
343 2087 461 2127 Prie.
484 2087 603 2126 Rott.
625 2085 756 2124 Oisei.
797 2084 916 2123 etiam
943 2097 1019 2123 non
1047 2086 1204 2125 Moret.
1233 2097 1319 2126 sec.
1362 2087 1481 2126 etiam
1498 2100 1599 2127 nunc
1612 2089 1755 2128 Vicet.
1778 2089 1920 2127 Parm.
1970 2119 1972 2121 .

17 2167 20 2180 =.
71 2140 191 2189 (md.
211 2147 256 2182 et
277 2141 468 2180 aih—188
498 2139 678 2178 Miratur
694 2138 861 2177 Tholos.
881 2137 984 2178 Jun.
1013 2149 1079 2189 pr.
1112 2150 1168 2178 m.
1203 2151 1290 2178 sec.
1335 2140 1484 2179 rabidis
1501 2140 1566 2180 ed.
1585 2142 1727 2182 Vicet.
1773 2143 1923 2193 rapidis

74 2199 235 2237 'omnes
253 2196 375 2235 Vatt.
407 2193 501 2232 Pal.
533 2194 660 2232 Fam.
689 2191 804 2231 Pric.
836 2191 956 2229 Rott.
992 2190 1125 2230 Oisel.
1155 2193 1260 2232 Exc.
1295 2193 1420 2233 Laeti.
1467 2195 1594 2233 hostes
1610 2196 1714 2237 Var.
1743 2196 1828 2236 LL.
1849 2195 1919 2235 ed.

19 2254 23 2271 '
91 2247 223 2291 Antv.
249 2248 345 2287 alios
363 2258 440 2298 pro
460 2246 606 2285 hostem
626 2244 784 2284 Mon-et.
802 2247 1005 2294 pr.——189
1033 2248 1122 2283 ruat
1142 2246 1245 2285 Vat.
1261 2250 1360 2285 tert.
1383 2247 1504 2287 Med.
1523 2259 1610 2287 sec.
1650 2261 1743 2288 num
1761 2242 1921 2288 classica

90 2296 193 2342 Vat.
214 2313 279 2352 pr.
299 2301 403 2340 Lov.
426 2299 567 2339 Oxon.
585 2310 650 2350 pr.
667 2299 773 2348 Reg.
800 2297 955 2337 Petav.
975 2309 1060 2337 sec.
1080 2297 1231 2337 Ambr.
1254 2304 1354 2339 tert.
1372 2301 1476 2340 Exc.
1498 2301 1678 2342 Gevart.
1725 2315 1799 2341 non
1817 2314 1921 2353 qua·

30 2348 324 2407 Jst‘iuordecim
346 2353 432 2402 alii,
470 2353 579 2392 Exc.
607 2353 788 2391 Lucens.
821 2362 886 2401 pr.
917 2350 986 2391 ed.
1016 2351 1160 2391 Vicet.
1190 2352 1294 2392 Var.
1324 2353 1412 2393 LL.
1435 2365 1459 2391 e
1479 2366 1610 2404 marg.
1632 2355 1774 2402 Parin.
1821 2367 1922 2393 nunc

54 2403 69 2455 *f
90 2406 200 2448 Exc.
221 2407 345 2446 Laeti.
386 2418 455 2445 nec
473 2407 575 2444 Vat.
595 2417 680 2444 sec.
701 2404 797 2442 Pal.
822 2404 1121 2443 Mazar.—190
1150 2405 1297 2443 latuere
1312 2406 1427 2444 Pric.
1449 2407 1570 2445 Rott.
1592 2406 1729 2446 Oisel.
1758 2407 1919 2454 jacuere

30 2508 31 2511 Ἴ
91 2460 162 2501 vel
180 2461 326 2500 latuere
342 2459 444 2498 vat.
474 2462 615 2510 quart.
658 2469 748 2496 num
766 2457 867 2495 Vat.
902 2469 968 2507 pr.
1003 2463 1048 2495 et
1078 2462 1181 2495 tert.
1203 2457 1320 2496 Prie.
1339 2459 1618 2508 Reg.Petav.
1643 2471 1730 2498 sec.
1766 2457 1918 2498 Ambr.

90 2514 194 2553 tert.
212 2512 316 2551 Lov.
337 2512 476 2551 Oxon.
510 2522 573 2560 pr.
595 2511 702 2549 Exc.
724 2509 903 2548 Gevart.
948 2521 1016 2547 nec
1045 2509 1140 2548 Pal.
1182 2521 1255 2547 non
1286 2510 1475 2549 Florent.
1511 2523 1606 2549 cum
1643 2512 1790 2561 viginti
1811 2511 1920 2562 aliis,

32 2572 35 2581 ⁴
60 2565 201 2611 ρ,Ειια
223 2564 333 2603 Laeti
353 2570 395 2602 et
418 2565 601 2602 Lucens.
618 2574 683 2612 pr.
706 2561 773 2599 ed.
798 2563 936 2600 Parni.
958 2566 1004 2599 et
1021 2561 1163 2601 Vicet.
1203 2574 1280 2600 non
1306 2566 1430 2602 marte
1463 2565 1528 2602 vel
1551 2564 1634 2603 sine
1663 2566 1799 2604 Marte
1815 2566 1920 2605 Jun.

35 2612 62 2651 f
91 2629 160 2670 pr.
208 2630 274 2656 nos
295 2617 428 2655 Marte
446 2615 597 2665 Isingr.
617 2614 643 2654 J
650 2620 737 2653 unt.
760 2613 925 2664 Gryph.
966 2618 1087 2652 morte
1106 2614 1222 2653 Med.
1245 2619 1514 2665 quart.——l9l
1548 2618 1788 2657 Contulimus
1819 2618 1920 2659 Vat-

125 2683 157 2710 r.
191 2683 246 2710 m.
276 2681 341 2720 pr.
372 2669 440 2720 qui
475 2673 519 2706 et
546 2668 646 2718 quod
664 2667 761 2715 J'ura
786 2666 973 2704 exhibet.
1017 2666 1135 2705 thura
1165 2668 1418 2707 Rott.—192
1446 2670 1556 2708 tubas
1574 2670 1729 2710 Petav.
1748 2683 1814 2722 pr.
1833 2671 1920 2711 duo

136 2727 214 2764 att.
254 2722 365 2762 cessit
386 2720 502 2761 Pric.
541 2719 663 2758 servis
694 2720 819 2758 Farn.
864 2718 984 2757 servit
1009 2720 1078 2758 vel
1106 2721 1220 2759 cessit
1243 2720 1385 2761 Oxon.
1416 2726 1616 2774 pin—193
1649 2726 1799 2764 Cedunt
1821 2725 1920 2766 Vat.

916 2829 956 2868 N
962 2829 1091 2869 OTAE

47 2955 51 2986 q
125 2922 225 2968 ἴ185
254 2926 492 2967 Parrhasius
520 2925 673 2975 Ladon]
701 2924 875 2964 Fluvius
895 2923 973 2962 Ar·
1038 2925 1184 2977 plures
1218 2927 1412 2968 nationes
1439 2930 1619 2970 nominis
1644 2930 1708 2971 sui
1739 2937 1917 2985 terrore,

98 2990 246 3042 cadiae,
281 2991 420 3030 dictus
450 2988 718 3037 Pan-hasim,
751 2986 850 3038 quia
872 2986 972 3025 olim
1040 3003 1166 3042 quam
1186 3002 1396 3031 armorum
1416 2993 1473 3045 vi,
1489 2993 1672 3045 subegit.

51 3085 55 3090 ,
97 3051 282 3093 Arcadia
301 3052 527 3091 dicebatur
550 3051 793 3090 Parrhasia.-
1097 3054 1287 3105 Classica]
1315 3056 1462 3095 Bella:
1487 3057 1651 3109 signum
1667 3070 1743 3110 pro
1764 3070 1810 3097 re
1837 3058 1921 3111 sig-

53 3109 56 3166 f
151 3120 229 3156 186
268 3116 458 3168 Alpheus]
507 3115 678 3155 Flavius
716 3114 867 3165 Elidis,
903 3113 975 3165 qui
1041 3122 1155 3156 nata.
1211 3117 1282 3158 Sic
1302 3124 1347 3158 et
1365 3123 1455 3159 ante
1480 3121 1626 3173 tubam,
1646 3121 1689 3160 id
1715 3127 1799 3174 est,
1819 3128 1919 3161 ante

12 3192 17 3204 ·
55 3184 58 3220 1
99 3190 177 3231 per
190 3179 488 3219 subterraneos
509 3184 672 3218 meatus
692 3177 848 3219 dicitur
873 3175 974 3215 flue·
1042 3180 1218 3219 bellum.

10 3247 20 3297 j
59 3294 61 3301 X
100 3251 147 3279 re
163 3240 218 3279 ad
234 3239 486 3280 Arethusam
501 3240 662 3280 fontem
678 3239 858 3279 Siciliae:
878 3238 975 3277 hinc
1098 3248 1175 3283 190
1204 3244 1366 3298 Suevos]
1406 3247 1595 3300 Populos
1629 3248 1683 3288 ad
1716 3260 1809 3288 oras
1832 3249 1922 3288 Da-

61 3324 64 3353 ‘ae
100 3301 244 3354 poetis
272 3304 546 3344 celebrantur
583 3303 740 3355 Alphei
788 3307 833 3341 et
870 3300 976 3341 Are·
1042 3308 1177 3347 nubii.

18 3375 25 3384 ·
63 3366 67 3410 g
102 3365 236 3418 thusae
258 3375 432 3405 amores.
1096 3364 1172 3400 193
1204 3362 1355 3416 Druse,
1389 3364 1574 3416 Trajane]
1599 3366 1767 3404 Drusus
1795 3367 1919 3414 pater

156 3429 233 3466 189
265 3426 444 3477 Terrore]
471 3427 614 3471 Instar
633 3427 885 3481 Alexandri,
900 3428 973 3482 qui
1042 3423 1303 3479 Germanici,
1340 3433 1386 3468 et
1426 3428 1633 3481 Trajanus
1666 3428 1919 3478 Imperator,
