2300 3906
586 189 871 229 ΕΡιΤιιΑι..
913 192 1180 233 PALLAD.
1223 194 1298 232 m·
1336 195 1555 235 CELER.
1867 184 1977 238 885.

1900 313 1973 366 '75

165 299 399 369 Sceptra
422 301 579 354 daret
599 305 780 368 mileS,
806 308 1076 377 rebusque
1101 312 1375 379 imponere
1399 311 1580 374 vellet,

167 383 448 451 Despexit
470 384 733 450 fremituS‚
759 393 811 440 et
835 394 1074 457 praetulit
1094 395 1208 447 otia
1230 411 1424 461 regno:

164 464 404 534 Respuit
428 470 713 534 ingestum,
741 474 882 538 quod
911 476 982 539 vi,
1007 476 1154 543 quod
1179 493 1402 544 poscere
1427 477 1566 530 ferro

164 546 489 601 Posthabita
512 551 714 618 pietate
740 556 931 609 solent.
1005 557 1149 610 Tum
1178 575 1414 626 purpura
1435 560 1672 628 primum

164 629 395 682 Inferior
417 634 610 686 virtute
633 636 757 700 fuit,
784 641 1084 707 meruitque
1108 641 1390 709 repulsam

164 712 346 764 Obvia
370 715 664 783 majestas:
703 720 879 774 doluit
905 722 1150 775 Fortuna
1172 723 1434 775 minorem
1902 727 1974 781 80

164 795 236 848 Se
258 813 525 851 concessa
548 803 684 856 viro,
759 804 1023 873 Magnum
1047 807 1227 860 delata
1249 812 1517 876 potestne,

161 991 460 1055 wblffhffij'ope,
478 995 663 1048 Parthos,
680 1001 827 1040 milites
852 1003 1039 1055 offerrent
1067 1005 1143 1045 sibi
1160 1005 1377 1057 imperium,
1405 1009 1445 1045 et
1475 1006 1588 1046 vellet
1614 1006 1811 1059 praflcere
1835 1005 1973 1056 ipsum

162 1055 358 1108 regimini
377 1047 495 1109 orb-ts,
528 1053 730 1092 contemsit
756 1056 947 1096 desideria
973 1069 1134 1109 eorum,
1153 1063 1192 1098 et
1216 1058 1427 1110 praeposuit
1456 1060 1622 1111 quietem
1645 1064 1805 1110 sceptro.
1847 1059 1974 1110 Repu·

160 1098 286 1138 citavit
306 1111 530 1160 imperium
549 1103 735 1166 oblatum,
750 1110 846 1157 quod
865 1109 950 1159 aiii,
961 1111 1108 1161 pietate
1123 1117 1269 1162 spreta,
1288 1117 1563 1152 consueverunt
1576 1117 1706 1163 petere
1723 1112 1763 1151 vi
1781 1116 1819 1152 et
1835 1113 1972 1150 armis.

165 1149 262 1190 Tum
276 1164 446 1214 prunum
460 1166 634 1216 purpura
652 1162 900 1209 amperatoria
919 1163 1045 1202 minor
1059 1164 1205 1203 virtute
1233 1165 1387 1214 extitit,
1415 1169 1453 1204 et
1477 1166 1658 1216 maiestas
1687 1176 1782 1204 sese
1808 1163 1975 1216 offerevoe

159 1210 374 1253 promeruit
405 1209 550 1258 repent.
608 1211 785 1252 Fortuna
807 1213 920 1262 sassa
946 1227 986 1255 se
1015 1216 1238 1265 inferiorem
1265 1222 1386 1257 tanto
1412 1218 1509 1259 tiro.
1565 1219 1774 1269 Imperium
1791 1217 1974 1268 oblatum,

920 1333 1215 1352 eeeeeeeeeeee

162 1429 227 1468 pr.
250 1418 356 1457 Exc.
377 1419 478 1459 Pat.
494 1432 581 1460 rec.
629 1423 774 1461 Cara-os
792 1423 874 1463 inc.
894 1423 1044 1463 Heins.
1065 1423 1166 1464 Put.
1196 1425 1352 1465 Moret.
1382 1437 1445 1476 pr.
1472 1424 1574 1466 Cod.
1591 1426 1740 1477 Epigr.
1761 1424 1911 1465 Ambr.
1932 1430 1979 1466 et

162 1471 304 1511 Ursin.
322 1473 427 1511 Var.
451 1475 530 1512 LL.
549 1474 616 1512 ed.
638 1474 771 1515 Antv.
802 1477 972 1515 Carrhas
985 1476 1139 1516 Petav.
1160 1489 1225 1528 pr.
1258 1478 1428 1518 Charros
1443 1479 1608 1518 Bonon.
1636 1491 1745 1519 caros
1759 1479 1842 1518 duo
1857 1479 1977 1519 Med.

161 1524 314 1563 Petav.
334 1537 419 1565 sec.
469 1528 570 1565 Caro
591 1526 740 1566 Ambr.
762 1540 826 1579 pr.
847 1529 998 1568 Sched.
1019 1529 1132 1568 Gud.
1181 1530 1319 1581 Chayn
1338 1532 1444 1570 Exc.
1474 1532 1573 1571 Pat.
1595 1543 1678 1571 rec.
1725 1535 1849 1572 claros
1878 1533 1978 1572 Vat.

162 1583 263 1617 tert.
287 1578 405 1618 Rott.
450 1580 566 1618 charo
587 1581 653 1619 vel
670 1582 791 1620 claros
831 1587 915 1621 vet.
946 1582 1051 1632 Gyr.
1071 1581 1277 1622 Heinsius
1304 1594 1424 1635 seqq.
1453 1590 1692 1624 notaverat.
1734 1586 1905 1624 ‘Carrae
1934 1585 1978 1624 in

162 1630 352 1671 Parthia.
390 1632 551 1672 Lucan.
583 1633 656 1672 lib.
686 1645 718 1673 1.
753 1638 845 1673 105.
883 1637 894 1656 ‘
918 1633 1116 1685 Assyrias
1152 1635 1276 1675 Latio
1309 1637 1534 1676 maculavit
1561 1637 1764 1688 sanguine
1792 1637 1976 1678 Carras?

160 1685 171 1705 ‘
194 1683 339 1739 carrae
370 1685 422 1723 ab
439 1684 639 1726 Odenato
660 1687 1014 1738 Palmyrenorum
1045 1687 1166 1738 Rege
1192 1688 1271 1728 sub
1305 1688 1500 1729 Gallieno
1516 1689 1686 1741 captae!
1728 1690 1843 1730 Hist.
1863 1689 1976 1741 Aug.

160 1748 204 1787 p.
226 1741 316 1777 179.
358 1738 569 1778 Carrarum
595 1740 722 1779 etiam
742 1741 931 1779 meminit
951 1741 1168 1791 Spartian.
1201 1741 1242 1780 in
1276 1742 1499 1781 Caracalla
1524 1755 1565 1793 p.
1582 1747 1651 1782 87.
1680 1743 1708 1782 l.
1729 1746 1794 1783 42.
1814 1746 1878 1782 88.
1900 1743 1977 1783 bis.

160 1790 246 1829 vid.
270 1791 449 1831 Casa'ub.
484 1804 525 1842 ρ.
549 1795 639 1833 132.
668 1794 695 1833 l.
715 1796 780 1833 33.
801 1807 837 1833 a.
858 1794 1085 1844 Capitolio.
1118 1793 1161 1832 in
1199 1794 1428 1834 Gordianis
1450 1808 1493 1846 p.
1514 1799 1605 1835 162.
1627 1795 1711 1835 vid.
1733 1796 1845 1835 Hist.
1865 1794 1978 1847 Aug.

160 1854 202 1894 ρ.
224 1845 316 1884 162.
351 1848 442 1884 163.
475 1849 565 1885 165.
600 1847 717 1886 Flav.
750 1847 922 1896 vopisc.
956 1847 1001 1885 in
1032 1845 1276 1886 Caro.'—75
1304 1848 1415 1887 rebus
1453 1850 1541 1887 sine
1569 1849 1739 1900 copula,
1767 1849 1862 1888 Pal.
1892 1848 1977 1888 duo

161 1896 280 1936 Med.
322 1897 515 1948 imponere
536 1900 663 1938 mallet
691 1900 783 1939 Pal.
804 1900 920 1939 Med.
940 1912 1005 1951 pr.
1033 1899 1234 1939 Heinsius
1253 1901 1535 1951 ascripserat:
1566 1903 1577 1923 ‘
1600 1901 1670 1941 lta
1688 1901 1915 1952 Capitolin.
1933 1901 1978 1940 in

160 1949 408 2002 Pertinace,
427 1952 438 1973 ‘
462 1952 624 1991 Milites
643 1952 859 1992 Triarium
876 1953 1120 1994 Maternum
1142 1953 1382 1992 Lascivium
1410 1954 1659 1993 Senatorem
1689 1954 1874 1993 nobilem
1905 1953 1981 1992 du-

160 2013 255 2042 cere
276 2003 318 2042 in
337 2003 480 2043 castra
499 2005 738 2055 voluerunt,
755 2011 801 2044 ut
831 2018 925 2044 eum
959 2005 1071 2044 rebus
1101 2005 1288 2045 Romanis
1315 2006 1578 2057 imponerent?
1611 2007 1670 2045 sic
1689 2007 1797 2046 rebus
1819 2007 1980 2057 agendis

158 2056 323 2107 aliquem
341 2056 551 2107 imponere,
569 2057 681 2097 idem
705 2071 744 2109 p.
765 2062 830 2098 58.
850 2059 879 2097 l.
896 2057 1087 2098 27.’—76
1115 2058 1285 2097 Detexit
1314 2060 1415 2099 Vat.
1445 2072 1511 2111 pr.
1556 2059 1744 2110 strepitus
1772 2061 1870 2099 Vat.
1893 2071 1979 2098 see.

155 2110 324 2159 protulit
343 2109 449 2150 Cod.
470 2111 552 2160 Ep.
575 2110 722 2150 Ambr.
741 2110 855 2160 ferro
877 2123 955 2162 pro
974 2123 1094 2161 regno
1112 2110 1208 2151 Pal.
1224 2111 1308 2150 duo
1328 2111 1554 2151 Mem—77
1575 2114 1763 2151 incestum
1778 2113 1879 2151 Vat.
1894 2122 1980 2151 sec.

161 2161 255 2203 Pal.
279 2163 398 2203 Rott.
446 2165 641 2213 ingestum
673 2164 756 2202 duo
786 2165 908 2204 Vatt.
938 2164 1072 2204 Oisel.
1104 2164 1206 2202 Vat.
1237 2164 1374 2203 Livin.
1396 2165 1502 2204 Exc.
1522 2165 1699 2204 Luceus.
1719 2177 1784 2215 pr.
1829 2175 1981 2215 pascere

160 2217 260 2256 Vat.
281 2222 421 2268 quart.
456 2229 575 2267 regno
595 2217 790 2266 proferro
812 2218 905 2257 Pal.
927 2218 1009 2256 duo
1026 2216 1144 2257 Med.
1164 2216 1318 2257 Petav.
1337 2221 1537 2257 sem—78
1563 2218 1658 2257 solet
1678 2218 1781 2257 Exc.
1801 2218 1981 2257 anens.

162 2282 225 2320 pr.
272 2273 364 2309 tunc
380 2281 553 2320 purpura
571 2269 719 2309 Ambr.
737 2283 800 2321 pr.
842 2283 943 2310 nunc
963 2271 1057 2310 Pal.
1076 2269 1161 2309 duo
1180 2269 1302 2308 Med.
1343 2283 1427 2309 cum
1457 2271 1539 2311 inc.
1569 2271 1717 2310 Heius.
1746 2271 1852 2310 Exn.
1880 2270 1980 2310 Pat.

159 2334 247 2362 rec.
288 2335 363 2361 non
382 2323 464 2361 duo
482 2323 604 2361 Vatt.
625 2324 741 2362 Rott.
761 2322 897 2362 Oisel.
920 2324 1074 2362 Petav.
1095 2333 1182 2360 sec.
1205 2321 1353 2362 Ambr.
1373 2327 1474 2362 tert.
1518 2327 1600 2362 tum
1620 2323 1721 2362 Put.
1742 2323 1894 2361 Petav.
1916 2334 1982 2373 pr.

158 2376 325 2416 Bonon.
341 2377 499 2415 Moret.
522 2387 585 2426 pr.
604 2374 838 2415 Oxon.sec.
855 2375 1016 2415 anlid.
1036 2376 1134 2415 Vat.
1153 2374 1287 2414 Livin.
1305 2376 1408 2415 Exe.
1429 2376 1610 2415 Lucens.
1631 2387 1693 2426 pr.
1720 2375 1810 2414 huic
1825 2374 1980 2414 Sched.

161 2429 387 2469 (hut—79
415 2429 629 2479 metuitque
659 2430 758 2468 Vat.
789 2434 889 2468 tert.
920 2429 1038 2468 Rott.
1083 2428 1298 2478 meruitque
1324 2427 1455 2467 Oisel.
1475 2427 1557 2467 dno
1577 2428 1696 2467 Med.
1724 2428 1806 2468 inc.
1829 2427 1981 2467 Heius.

162 2483 262 2521 Put.
285 2481 369 2521 (luo
385 2481 538 2521 Petav.
556 2482 720 2520 Bonan.
742 2481 827 2521 duo
845 2481 993 2521 Ambr.
1010 2481 1168 2520 Moret.
1188 2492 1253 2532 pr.
1271 2480 1413 2521 Oxou.
1433 2492 1518 2520 sec.
1532 2481 1639 2520 Cod.
1658 2480 1799 2520 Ursin.
1817 2480 1981 2521 Buslid.

164 2535 267 2575 Cod.
285 2535 431 2587 Epigr.
451 2534 600 2575 Ambr.
616 2536 724 2575 Exc.
741 2535 840 2574 Pat.
857 2546 941 2575 rec.
959 2540 1004 2574 et
1024 2535 1202 2574 Lucens.
1223 2537 1396 2585 pr.-81
1425 2532 1593 2583 consessa
1614 2539 1700 2574 tres
1720 2534 1842 2575 Vatt.
1858 2534 1979 2575 Rott.

977 2647 1159 2690 NOTAE

164 2760 302 2802 vicum
322 2759 509 2800 nobilem
538 2758 812 2809 Parthorum,
835 2756 1040 2798 fulmineo
1159 2759 1212 2796 78
1240 2755 1472 2796 Posthabita
1506 2755 1670 2807 pietate]
1711 2754 1869 2795 Multos
1891 2752 1983 2793 imi·

161 2824 251 2864 ictu
271 2823 450 2863 sublati:
480 2822 523 2861 id
545 2822 659 2874 quod
678 2822 806 2862 etiam
823 2821 955 2862 sentit
976 2821 1041 2861 Si-

162 2885 313 2926 donius
331 2884 594 2936 Apollinaris
628 2885 816 2924 imitator
845 2884 1041 2924 Claudia-

161 2948 222 2989 ni.
267 2948 354 2988 Alii
388 2950 534 2996 legunt
565 2953 651 3000 post
679 2950 847 2988 domitas
872 2949 922 2986 ad
943 2948 1042 2987 Par-

162 3011 447 3063 thicafiurniua
467 3012 653 3061 Carrhas,
671 3011 715 3049 id
734 3017 815 3061 est,
831 3016 926 3062 post
941 3011 1044 3051 Car-

166 3074 261 3115 thas
282 3074 396 3127 (quae
417 3076 513 3114 urbs
533 3074 788 3113 Parthorum
807 3073 891 3122 est)
910 3073 1044 3112 domi-

165 3142 231 3178 tas
250 3144 296 3178 et
311 3144 460 3187 captas
482 3137 533 3177 ad
563 3138 654 3189 ipsa
673 3136 844 3177 flumina
863 3137 1042 3176 Partho-

166 3213 273 3242 rum.
333 3203 508 3241 Constat
547 3207 689 3240 autem
727 3208 876 3252 captas
912 3199 1043 3240 fuisse

165 3262 350 3302 Carrhas
370 3276 394 3303 a
411 3263 630 3304 Gordiano
650 3264 929 3316 Imperatore.

220 3328 271 3364 77
302 3326 523 3377 Ingestum]
542 3326 746 3368 Oblatum
763 3326 901 3368 invito
918 3331 963 3368 et
982 3338 1045 3367 re·

159 3388 365 3429 ‘luctanti-

1108 2824 1270 2860 tatores
1303 2818 1451 2857 habuit
1479 2818 1636 2864 Coesar,
1665 2816 1870 2857 dictitare
1887 2816 1985 2856 soli-

1109 2889 1199 2924 tus:
1230 2882 1346 2934 Εἵπερ
1374 2881 1451 2933 ’γὰρ
1486 2881 1629 2920 ἀδικεῖν
1655 2879 1748 2932 χρὴ,
1766 2877 1984 2932 τυραννίδος

1108 2946 1194 2999 πέρι
1227 2945 1456 2986 Κάλλιστον
1479 2946 1633 2986 ἀδικεῖν·
1657 2944 1792 2984 τᾶλλα
1817 2944 1848 2982 δ’
1878 2942 1985 2983 εὗσε-

1109 3011 1195 3055 βεΐν
1209 3009 1346 3061 χρεών.
1376 3010 1493 3049 Quos
1514 3008 1731 3058 Euripidis
1751 3019 1895 3046 versus
1923 3005 1985 3047 sic

1084 3084 1091 3093 “
1111 3073 1257 3112 Caesar
1278 3072 1370 3122 ipse
1389 3070 1629 3110 convertit:
1667 3070 1770 3108 Nam
1788 3069 1823 3107 si
1840 3068 1985 3108 violan-

1108 3136 1200 3174 dum
1214 3139 1272 3174 est
1282 3134 1367 3182 jus,
1384 3132 1572 3183 regnandi
1589 3132 1724 3182 gratia
1758 3130 1985 3171 Violandum

1110 3202 1188 3238 est.-
1216 3198 1308 3237 aliis
1336 3197 1450 3236 rebus
1477 3197 1665 3247 pietatem
1695 3195 1807 3234 colas.
1833 3192 1985 3231 Sueto·

1111 3264 1221 3302 nius.
1281 3259 1342 3300 At
1380 3259 1450 3312 qui
1484 3258 1585 3298 talia
1624 3256 1864 3304 moliuntur,
1908 3264 1984 3292 εω-

1111 3326 1282 3379 pissime
1304 3326 1448 3378 justas
1471 3325 1596 3364 luunt
1625 3332 1771 3374 poenas
1790 3316 1983 3359 ambitio-

1111 3401 1193 3432 ms.
