2300 3906
606 220 848 260 RAPTUS
891 221 1185 263 PROSBRP.
1225 224 1346 264 Lus.
1385 228 1453 265 11.

120 333 306 386 Instar
328 334 499 388 habet
524 338 699 404 sylvae
722 356 734 391 :
774 344 982 393 tantum
1008 342 1296 396 stridentia
1318 345 1461 398 colla

121 415 412 484 Gorgonos
439 420 669 471 obtentu
695 423 860 488 pallae
898 425 1156 491 fulgentis
1181 428 1470 480 inumbrat.

119 497 198 551 At
220 500 430 552 Triviae
459 501 598 554 lenis
622 505 856 570 specior„
883 513 943 559 et
961 508 1167 560 multus
1192 509 1250 560 in
1272 525 1366 561 ore

122 581 314 635 Frater
335 590 453 636 erat
473 602 488 650 ;
531 586 836 656 Phoebique
863 607 1032 657 genas
1057 596 1111 643 et
1127 593 1335 645 lumina
1359 593 1559 646 Phoebi

119 666 264 718 Esse
289 671 470 734 putee,
498 670 755 739 solusque
777 673 944 725 dabat
968 674 1280 727 discrimina
1305 691 1494 728 seXUS.

120 749 364 802 Brachia.
387 752 532 803 nuda
552 755 748 807 nitent:
785 758 1002 810 levibus
1027 758 1333 826 projecerat
1358 759 1509 810 auris

120 832 397 886 Indociles
423 851 601 889 errare
628 855 835 903 comas,
861 857 1099 908 arcuque
1118 842 1347 893 remisso

120 913 254 967 Otia
277 933 476 970 nervus
501 921 641 985 agit:
680 922 915 988 pendent
938 932 1068 991 post
1092 930 1245 991 terga
1268 923 1523 990 sagittae.

118 997 412 1066 Crispatur
435 1002 647 1067 gemino
675 1005 845 1056 vestis
870 1005 1136 1074 Gortynia
1162 1008 1349 1059 cinctu

1857 760 1937 813 30

115 1157 135 1184 s
162 1146 279 1185 eciem
306 1145 482 1209 arboris.-
510 1151 634 1199 operit
660 1152 888 1192 solummodo
919 1159 1035 1204 caput
1050 1155 1210 1196 sibilans
1229 1156 1416 1206 Medum,
1442 1160 1634 1208 proetenla
1662 1161 1764 1198 ceste
1788 1157 1930 1199 nitida.

151 1200 198 1238 ed
214 1203 390 1250 aspectus
408 1201 552 1240 Dzanae
570 1207 655 1242 erat
674 1204 849 1254 blandus,
871 1211 909 1245 et
927 1220 1070 1256 magna
1088 1209 1299 1248 similitudo
1314 1209 1463 1257 fratris
1484 1215 1570 1249 erat
1587 1211 1628 1250 in
1647 1212 1771 1252 vultu:
1797 1213 1933 1251 credas

117 1262 199 1290 esse
230 1264 353 1312 genas
386 1253 578 1302 Apollinis
612 1260 651 1295 et
686 1259 811 1297 oculos
862 1259 1067 1309 Apollinis,
1103 1266 1141 1299 et
1175 1273 1290 1300 sexus
1324 1263 1425 1301 solus
1453 1262 1618 1312 ponebat
1656 1265 1696 1302 di
1733 1264 1932 1303 erentiam.

117 1303 295 1344 Brachia
323 1306 427 1343 nuda
450 1309 679 1347 candescunt
692 1321 705 1346 .·
745 1311 972 1359 permiserat
1000 1314 1127 1351 ventis
1153 1313 1296 1352 levibus
1314 1325 1495 1363 spargere
1525 1315 1652 1354 crines
1711 1319 1867 1360 aemes,-
1893 1319 1934 1354 et

118 1368 212 1396 arcu
228 1360 414 1409 cessante,
435 1356 550 1406 fanis
565 1359 681 1399 habet
707 1362 898 1411 requiem,·
923 1368 1008 1412 post
1037 1366 1190 1404 dorsum
1219 1366 1298 1404 tela
1327 1377 1506 1416 suspensa
1536 1371 1640 1406 sunt.
1691 1368 1818 1407 Vestis
1838 1368 1936 1407 Cre·

882 1465 1176 1481 OOOOOOOOOOOO

119 1541 254 1582 chart.
276 1541 533 1583 Heins.-25
562 1545 677 1584 habet
694 1545 794 1584 Vat.
814 1557 879 1596 pr.
901 1546 1005 1586 Exc.
1033 1547 1186 1586 Petav.
1207 1552 1346 1598 quart.
1364 1547 1503 1587 Vicet.
1541 1553 1624 1587 erat
1645 1553 1731 1588 tres
1751 1550 1869 1590 Vatt.
1889 1554 1935 1590 et

118 1594 160 1634 d.
179 1594 277 1634 Pal.
296 1596 487 1635 Florent.
509 1597 593 1637 duo
612 1598 732 1637 Med.
752 1598 900 1637 Heius.
927 1599 986 1638 H.
1006 1604 1051 1638 et
1071 1600 1151 1638 inc.
1174 1599 1312 1649 ejusd.
1337 1602 1433 1639 Put.
1454 1601 1560 1651 Reg.
1576 1601 1739 1640 Bonon.
1760 1602 1932 1644 Tholas.

117 1647 242 1688 Voss.
261 1660 324 1698 pr.
346 1648 429 1687 duo
449 1650 590 1690 Oxou.
609 1650 695 1689 duo
713 1651 816 1691 Jun.
839 1657 924 1690 tres
943 1651 1094 1691 Petav.
1137 1656 1221 1691 erat
1243 1653 1309 1690 vel
1326 1652 1437 1691 habet
1459 1653 1577 1692 Voss.
1595 1666 1677 1692 sec.
1706 1658 1814 1692 tanto
1832 1654 1932 1694 Jun.

121 1704 321 1754 sem—*26
346 1701 549 1751 Gorgonos
562 1704 658 1742 Vat.
678 1703 721 1742 d.
745 1703 898 1743 Petav.
924 1716 986 1753 pr.
1018 1704 1214 1753 Gorgonis
1233 1712 1412 1755 quatuor
1433 1704 1551 1744 Vatt.
1572 1705 1676 1745 Cod.
1697 1706 1931 1746 Bartlnolin.

119 1752 265 1802 objecta
282 1754 436 1793 Petav.
457 1767 540 1794 sec.
569 1756 721 1795 obtectu
742 1757 907 1796 Bonon.
928 1756 1075 1795 Ambr.
1097 1763 1194 1796 tert.
1215 1758 1281 1796 ed.
1304 1758 1445 1796 Parm.
1464 1764 1507 1796 et
1522 1758 1662 1796 Vicet.
1689 1758 1844 1796 obtentu
1866 1760 1932 1797 vel
1985 1763 1989 1766 '

118 1806 271 1845 obtectu
289 1808 357 1845 vel
377 1807 525 1855 objectu
542 1809 664 1848 Voss.
679 1821 765 1848 sec.
810 1809 1009 1848 obumbrat
1031 1817 1115 1848 tres
1137 1810 1254 1848 Vatt.
1286 1811 1402 1848 Voss.
1436 1822 1501 1859 pr.
1531 1810 1612 1849 inc.
1646 1811 1794 1849 Heius.
1825 1811 1931 1850 cod.

116 1858 355 1899 Bartholin.
375 1861 443 1898 ed.
463 1860 608 1901 Vicet.
647 1862 846 1900 inumbrat
874 1863 958 1902 duo
981 1863 1100 1901 Vatt.
1135 1863 1228 1900 Pal.
1250 1863 1436 1901 Florent.
1457 1862 1541 1900 duo
1561 1862 1679 1901 Med.
1701 1863 1850 1901 Heius.
1872 1863 1931 1902 H.

117 1909 221 1950 Put.
252 1911 361 1963 Reg.
389 1914 554 1952 Bonon.
585 1914 752 1954 Tholos.
785 1916 945 1955 Moret.
977 1918 1147 1965 pr.—-27
1179 1916 1299 1954 Divoe
1320 1926 1396 1965 pro
1421 1915 1566 1954 Trivioe
1582 1915 1749 1953 Tholos.
1794 1919 1933 1965 tarmoe

118 1963 276 2004 Moret.
315 1977 379 2015 pr.
412 1965 542 2012 facies
574 1967 728 2006 Petav.
760 1979 825 2017 pr.
869 1968 997 2006 vultus
1027 1968 1069 2006 in
1098 1980 1162 2007 ore
1195 1968 1298 2006 Put.
1345 1967 1495 2015 ignitus
1521 1967 1560 2005 in
1589 1979 1655 2006 ore
1674 1968 1792 2005 Voss.
1813 1978 1933 2016 pr.—

119 2018 172 2055 28
202 2017 330 2055 Febus
351 2030 425 2066 pro
448 2019 589 2057 Frater
611 2019 705 2058 Pal.
745 2020 846 2058 inest
866 2019 984 2058 Med.
1005 2025 1145 2071 quart.
1166 2020 1316 2059 Heius.
1338 2020 1395 2058 H.
1423 2019 1523 2058 inest
1544 2021 1610 2057 vel
1628 2024 1713 2058 erat
1732 2019 1848 2058 Med.
1871 2031 1933 2069 pr.

117 2069 264 2108 lumina
295 2070 459 2108 Phoebus
488 2070 635 2111 Ambr.
661 2076 868 2112 tem—29
884 2072 990 2118 facit
1014 2073 1240 2111 discrimina
1258 2072 1285 2112 J
1291 2084 1360 2110 un.
1380 2083 1467 2110 sec.
1486 2072 1545 2110 sic
1558 2071 1692 2119 facere
1710 2071 1935 2110 commercia

120 2121 233 2169 dixit
252 2121 344 2162 Lib.
364 2134 395 2160 1.
415 2123 548 2174 Rapt.
567 2136 626 2163 VS.
645 2127 713 2164 91.
758 2125 875 2163 dabat
896 2125 962 2175 γει
970 2124 1077 2172 facit
1097 2125 1198 2162 Vat.
1219 2136 1302 2163 sec.
1322 2124 1442 2162 Voss.
1465 2127 1654 2162 sem—31
1685 2135 1813 2161 errore
1832 2124 1935 2163 Exc-

119 2172 277 2214 Petav.
295 2180 435 2226 quart.
463 2187 596 2215 errare
617 2177 683 2215 vel
701 2188 831 2215 errore
850 2177 956 2226 Reg.
996 2178 1144 2216 revulso
1162 2176 1262 2215 Vat.
1292 2187 1355 2226 pr.
1375 2176 1474 2217 Jun.
1493 2186 1576 2214 sec.
1618 2176 1773 2214 remisso
1793 2175 1859 2214 vel
1878 2187 1936 2214 re-

119 2227 226 2267 vuko
241 2228 343 2268 Vat.
364 2231 561 2267 sem—32
587 2241 712 2268 nexus
733 2241 809 2279 pro
826 2241 964 2269 nervas
982 2230 1081 2269 Vat.
1102 2231 1350 2280 quarn—33
1378 2229 1496 2267 vestis
1508 2229 1661 2276 gemino
1678 2228 1705 2268 J
1711 2240 1779 2266 un.
1797 2239 1935 2267 sec.—

941 2354 1121 2395 NOTAE

176 2441 227 2477 25
250 2438 384 2477 Instar
402 2436 540 2488 sylroe]
561 2437 709 2477 Habet
729 2437 915 2488 speciem
935 2448 1000 2475 ar-

124 2499 238 2540 boris
268 2511 446 2550 magnae,
478 2511 572 2551 quae
608 2499 768 2550 sylvam
800 2498 999 2550 quodam-

121 2560 248 2602 modo
263 2561 465 2613 adaequat
480 2574 490 2600 ε
511 2560 840 2612 Ηγρεώοίὶοῶς.

176 2623 401 2663 &ridentia
419 2622 533 2673 colla]
554 2623 604 2662 Id
617 2622 818 2674 est,coua
829 2622 999 2673 sculpta

123 2690 225 2726 sunt
254 2686 372 2725 velut
388 2683 550 2736 inflata,
579 2690 624 2725 et
643 2685 762 2737 quasi
789 2684 927 2724 bestia
947 2683 1003 2722 si-

124 2748 295 2790 hilare-t.

177 2814 232 2851 26
262 2811 483 2863 Gorgonos]
524 2811 744 2862 Gorgones
773 2814 1002 2850 tenuerunt

124 2872 346 2914 Dorcades
368 2876 524 2914 insulas
552 2876 594 2914 in
619 2875 726 2914 mari
743 2874 1000 2925 AEthiopico‚

126 2942 174 2978 et
197 2937 353 2977 Phorci
384 2938 483 2977 filiae
502 2937 638 2988 fuere,
652 2938 853 2986 Medusa,
885 2938 1002 2976 Sthe·

125 3010 228 3050 nyo,
245 3003 291 3038 et
311 2999 510 3050 Euryale.
548 3000 734 3039 Palladis
754 3011 835 3050 ope
850 2999 1002 3038 Medu-

125 3072 215 3101 sam
234 3060 398 3101 domuit
417 3062 616 3112 Perseus,
649 3068 695 3101 et
722 3062 816 3112 ejus
835 3060 1003 3099 ferebat

127 3129 275 3176 caput,
308 3137 390 3177 quo
416 3125 589 3176 objecto
616 3125 806 3163 homines
833 3125 876 3162 in
904 3136 1003 3162 saxa

125 3187 345 3227 mutabat:
377 3193 427 3227 ut
444 3187 603 3227 accidit
621 3187 826 3238 Seriphiis
840 3186 1003 3224 univer·

127 3249 201 3294 sis.
257 3250 383 3289 Ratio
403 3249 558 3290 fabulae
587 3256 665 3298 est,
686 3248 798 3301 quod
816 3247 1004 3299 imperiti

1066 2435 1278 2488 significat
1295 2435 1576 2476 truculentiam.

1120 2502 1170 2538 27
1203 2498 1363 2548 Triviae]
1391 2499 1553 2548 Dianae,
1573 2509 1667 2549 quae
1695 2496 1839 2536 Trivia
1863 2507 1935 2549 ap·

1067 2562 1267 2612 pellatur,
1284 2574 1309 2599 a
1328 2561 1466 2600 triviis
1485 2567 1526 2599 et
1543 2560 1752 2611 compitis,
1780 2559 1933 2612 quibus

1065 2634 1248 2674 praeesse
1269 2622 1536 2663 credebatur.
1926 2671 1928 2673 .

1116 2684 1235 2724 Lenis
1251 2685 1412 2736 species]
1439 2684 1603 2724 Alludit
1632 2685 1684 2724 ad
1714 2686 1844 2725 Lunae
1865 2695 1935 2724 co-

1063 2746 1214 2796 lorem,
1233 2747 1305 2798 qui
1323 2758 1377 2785 ex
1396 2746 1537 2785 Plinio
1557 2746 1730 2785 blandus
1749 2751 1827 2786 est.

1118 2811 1171 2847 29
1202 2807 1348 2859 Sexus]
1373 2807 1542 2846 Placuit
1558 2807 1705 2846 Poetis
1726 2806 1935 2858 ejusmodi

1067 2869 1322 2920 descriptio:
1352 2868 1592 2909 Ausoniana
1606 2869 1659 2908 de
1679 2881 1781 2908 sexu
1802 2869 1938 2908 multo

1061 2931 1370 2982 jucundissima
1388 2937 1470 2981 est,
1496 2932 1508 2953 ‘
1531 2931 1646 2970 Dum
1674 2930 1843 2969 dubitat
1869 2940 1940 2969 na-

1069 3000 1167 3033 tura
1184 2992 1588 3042 marem‚faceretne
1612 2993 1810 3043 puellam,
1837 2993 1939 3031 Fac·

1069 3062 1139 3096 tus
1159 3069 1221 3105 es,
1238 3069 1262 3095 o
1280 3057 1472 3107 pulcher,
1491 3067 1615 3107 paene
1634 3055 1787 3106 puella,
1806 3055 1939 3105 puer.’

1122 3123 1173 3158 33
1203 3119 1418 3170 Gortynia]
1445 3119 1514 3158 Sic
1530 3118 1688 3158 dicitur
1703 3131 1727 3156 a
1746 3117 1939 3166 Gortyna

1069 3181 1175 3221 urbe
1195 3181 1407 3231 Arcadiae,
1423 3182 1491 3220 vel
1508 3182 1648 3233 potius
1669 3180 1807 3218 Cietae
1826 3178 1936 3216 insu-

1070 3246 1135 3295 lae,
1163 3245 1301 3295 patria
1334 3245 1617 3293 Britomartis,
1643 3252 1763 3294 quam
1799 3239 1937 3278 Diana

126 3311 183 3352 ad
196 3312 455 3364 prudentum
473 3324 710 3352 sermonem
730 3311 868 3351 defixo
888 3311 1007 3350 vultu
1074 3309 1239 3358 dilexit,
1258 3308 1403 3360 sicque
1419 3307 1544 3347 vestis
1557 3302 1775 3354 Gortynia,
1793 3299 1835 3340 id
1853 3306 1938 3353 est,

129 3373 296 3417 inhient
327 3381 373 3414 et
402 3380 619 3425 stupeant.
678 3374 884 3429 Γοργότης,
901 3389 1008 3424 mos,

973 3441 1112 3481 Claud.

235 3441 385 3494 Delplo.
402 3444 441 3482 et
465 3441 555 3483 Var.
574 3440 681 3483 Cla-5.

1074 3370 1296 3412 efformata
1314 3371 1368 3411 ad
1385 3380 1542 3411 morem
1561 3363 1840 3407 Cretensium.

1222 3446 1225 3448 ·
1741 3434 1767 3472 3
1787 3431 1827 3473 0
