2300 3906
339 234 449 290 ¹722
895 245 991 285 ci„
1027 241 1383 284 anumAm
1425 241 1608 283 xxvr.

341 368 547 422 Ulcera
573 363 816 434 Paeoniae
843 366 1049 415 tractat
1073 361 1298 415 solertia
1323 377 1489 427 curae,

339 452 734 518 Parcendoque
758 451 929 511 secat,
954 447 1098 499 ferro
1124 463 1192 499 ne
1216 447 1423 514 largius
1448 451 1576 500 acto

335 535 747 592 Irrevocandus
774 537 862 584 eat
887 533 1054 585 sectis
1080 532 1343 584 vitalibus
1367 549 1530 608 error.

338 621 572 676 Sublimi
599 624 741 671 certe
768 617 995 670 Curium
1021 617 1166 668 canit
1189 632 1281 667 ore
1308 621 1578 679 vetustaS,

337 705 610 759 AEaciden
636 703 777 755 Italo
802 703 1015 771 pepulit
1040 702 1134 769 qui
1158 702 1342 754 littore
1368 700 1657 768 Pyrrhum.

337 789 461 842 Nec
486 790 666 855 magis
692 787 920 854 insignis
949 787 1113 839 Pauli
1143 786 1417 854 Mariique
1442 785 1767 853 triumphuS,

337 873 451 937 Qui
475 878 672 940 captos
696 871 874 922 niveis
899 886 1058 937 reges
1085 887 1244 936 egere
1270 870 1576 938 quadrigis,

331 957 471 1010 Plus
495 957 627 1023 fuga
646 955 909 1007 laudatur
936 954 1147 1022 Pyrrhi,
1171 970 1336 1022 quam
1357 954 1543 1005 vincla
1565 951 1603 1004 J
1607 951 1874 1019 ugurthae.

330 1039 403 1092 Et
428 1038 680 1107 quamvis
705 1037 920 1105 gemina
943 1037 1154 1089 fessum
1172 1038 1292 1106 jam
1317 1036 1479 1088 clade
1496 1036 1718 1104 fugarit,

329 1127 467 1180 Post
486 1123 655 1177 Decii
673 1122 866 1184 lituos,
896 1124 951 1173 et
970 1121 1102 1173 nulli
1127 1121 1319 1190 pervia
1343 1122 1527 1189 culpae

2056 701 2165 755 125

2054 1122 2161 1176 130

320 1284 569 1335 periculosos.
610 1281 667 1320 Et
684 1281 811 1320 ulcera
828 1280 958 1319 vicina
976 1280 1099 1330 cordi,
1118 1286 1158 1320 et
1183 1284 1287 1321 secat
1305 1284 1461 1320 tautum
1484 1281 1689 1331 parcendo,
1704 1292 1752 1320 ne
1764 1280 1900 1330 gladio
1919 1280 2085 1333 impulso
2104 1284 2162 1322 la·

327 1338 422 1386 tius,
440 1336 581 1375 vitium
600 1333 879 1374 immedicabile
893 1338 1089 1384 penetret,
1113 1335 1339 1385 proecordz'is
1356 1334 1583 1384 amputatis.
1639 1334 1873 1385 Antiquitas
1888 1335 2044 1385 quidem
2058 1349 2161 1387 proe-

324 1390 432 1430 dicat
451 1391 530 1429 alto
544 1401 608 1428 ore
630 1387 810 1435 Curium,
846 1389 912 1437 qui
943 1387 1093 1438 expulit
1116 1388 1312 1439 Pyrrhum
1343 1386 1534 1426 AEaciden
1564 1398 1617 1425 ex
1637 1388 1738 1437 ripis
1757 1387 1906 1437 Itatioe,
1940 1392 1979 1426 et
1996 1401 2071 1428 non
2091 1394 2159 1429 est

323 1444 454 1494 magis
470 1444 621 1482 illustre
641 1440 857 1491 trophaeum
879 1441 996 1479 Pauli
1014 1444 1130 1491 atque
1149 1441 1290 1488 Marii,
1324 1440 1391 1491 qui
1416 1442 1614 1478 duxerunt
1633 1440 1676 1478 in
1704 1452 1830 1479 curru
1852 1443 1904 1479 ab
1926 1443 2032 1492 equis
2059 1442 2159 1482 albis

325 1501 465 1537 tracto
488 1495 619 1545 Reges
636 1494 824 1545 captivos.
868 1494 1058 1544 Expulsio
1088 1494 1241 1546 Pyrrhi
1261 1495 1390 1543 magis
1406 1493 1637 1541 celebratur,
1653 1505 1768 1543 quam
1785 1494 1994 1544 captivitas
2007 1497 2159 1546 Jugur·

321 1550 418 1591 tliae.
451 1551 509 1589 Et
527 1548 701 1600 quamvis
719 1546 872 1586 Curius
900 1547 1097 1598 expulerit
1114 1547 1330 1598 Pyrrhum
1360 1546 1586 1596 fatigatum
1610 1546 1700 1595 ,iam
1725 1550 1860 1596 strage
1884 1548 2045 1600 duplici,
2070 1553 2159 1601 post

1085 1693 1378 1710 0000000000

318 1804 559 1844 Pae-‚122
586 1806 707 1855 negat
737 1803 820 1843 inc.
850 1802 1002 1843 Heius.
1028 1814 1098 1842 nec
1116 1801 1275 1841 Moret.
1308 1813 1376 1852 pr.
1407 1802 1518 1842 Exc.
1553 1800 1734 1841 Gevart.
1766 1801 1919 1851 longius
1938 1801 2040 1843 Put.
2071 1802 2158 1844 duo

317 1857 470 1898 Ambr.
499 1859 584 1897 inc.
620 1857 771 1897 Heius.
813 1858 964 1906 largius
992 1855 1076 1895 duo
1107 1854 1260 1895 Leidd.
1283 1861 1328 1894 et
1347 1855 1670 1906 quatuordecim
1692 1855 1778 1904 alii,
1797 1856 1903 1895 Exc.
1922 1856 2047 1907 Laeti,
2067 1857 2157 1897 Ge·

319 1916 431 1950 vart.
450 1916 495 1950 et
513 1912 616 1951 Var.
636 1912 720 1950 LL.
742 1909 812 1950 ed.
830 1909 963 1949 Antv.
991 1909 1146 1959 longius
1174 1909 1242 1947 vel
1260 1909 1412 1958 largius
1430 1909 1621 1948 Florent.
1642 1909 1796 1948 Petav.
1819 1913 2017 1960 pr.—-123
2048 1910 2155 1949 Irre-

314 1967 475 2003 voeatus
493 1965 600 2014 Reg.
618 1964 712 2012 jure
730 1965 922 2002 vocandus
936 1963 1194 2002 Voss.-124
1225 1962 1412 2001 Sublimis
1428 1962 1528 2002 Put.
1561 1963 1708 2001 Carum
1723 1963 1821 2001 Var.
1840 1963 1921 2002 LL.
1938 1964 2003 2003 ed.
2020 1962 2152 2004 Antv.

315 2020 448 2055 -125
488 2017 680 2056 AEaciden
726 2017 843 2056 Gallo
879 2017 1070 2055 Floreut.
1135 2015 1315 2055 AEacidis
1350 2016 1452 2056 Vat.
1486 2019 1724 2056 tert.—126
1793 2017 1882 2055 Non
1917 2016 2017 2056 Vat.
2051 2021 2153 2057 tert.

315 2069 438 2111 Rott.
477 2070 627 2120 insigni
661 2071 762 2109 Vat.
804 2074 904 2109 tert.
950 2068 1080 2107 Marii
1117 2069 1327 2119 Paullique
1363 2070 1554 2109 Florent.
1591 2074 1678 2107 tres
1725 2068 1843 2109 Med.
1884 2070 1967 2110 inc.
2003 2069 2154 2115 Heius,

315 2122 423 2164 Exc.
458 2123 571 2163 Laeti
601 2126 647 2162 et
672 2124 853 2162 Lucens.
890 2125 1089 2172 piu—12⁷
1121 2122 1179 2160 Et
1213 2125 1344 2172 captos
1379 2122 1783 2171 Put.—129fessum
1814 2122 1970 2172 gemina
2001 2123 2152 2164 Ambr.

315 2187 403 2216 sec.
443 2188 531 2215 cum
567 2176 678 2215 clade
712 2176 812 2217 Jun.
851 2188 914 2226 pr.
945 2174 1113 2223 fugaret
1142 2175 1245 2213 Lov.
1296 2173 1463 2223 fugavit
1494 2175 1599 2215 Juu.
1638 2188 1701 2226 pr.
1735 2178 1860 2215 Fam.
1900 2176 1968 2216 ed.
2006 2176 2152 2217 Vicet.

306 2228 474 2281 fugavit
520 2230 590 2269 vel
649 2228 814 2280 fugarit
864 2229 1191 2268 Florent.-l30
1249 2227 1387 2266 titulos
1420 2227 1523 2269 Jun.
1561 2240 1625 2278 pr.
1664 2228 1804 2268 Oxon.
1842 2241 1928 2270 sec.
1980 2242 2038 2270 m.
2085 2242 2152 2282 pr.

1144 2381 1321 2422 NOTAE

1263 2487 1469 2528 mirandae
1501 2487 1762 2540 frugalitatis
1797 2493 1842 2529 et
1870 2481 2151 2546 fortitudinis,

1264 2550 1336 2602 qui
1358 2551 1570 2602 Pyrrhum
1599 2550 1653 2590 ab
1684 2552 1815 2591 AEaco
1848 2552 2072 2593 oriundum
2093 2567 2148 2595 ex

1263 2613 1396 2653 Italia
1423 2615 1614 2666 pepulit:
1648 2614 1804 2667 quique
1824 2614 1920 2654 ideo
1943 2615 2037 2667 plus
2057 2617 2147 2657 lau·

1263 2675 1390 2716 datur
1421 2689 1544 2729 quam
1583 2677 1745 2717 Paulus
1767 2682 1813 2717 et
1846 2679 2024 2731 Marius,
2073 2681 2146 2734 qui

365 2492 441 2530 121
471 2488 666 2541 Paeoniae]
721 2487 911 2527 Paeoniae
931 2487 1105 2527 solertia
1124 2499 1196 2527 cu-

313 2565 389 2603 rae,
415 2552 460 2592 id
494 2558 575 2603 est,
603 2552 814 2591 industria
858 2563 1009 2591 manus
1038 2550 1196 2590 medici

307 2615 473 2667 optimi.
531 2615 603 2656 De
633 2616 791 2656 Paeone
831 2615 996 2667 optimo
1028 2613 1195 2657 medico

307 2690 452 2730 supra.

362 2745 441 2782 122
483 2742 760 2793 Parcendoque
801 2742 926 2793 secat]
997 2741 1068 2780 Ita
1102 2745 1192 2781 tum

306 2810 426 2846 secat
457 2806 643 2858 optimus
675 2804 880 2855 medicus,
924 2808 973 2844 ut
1007 2811 1192 2856 parcat3

304 2868 367 2909 ita
382 2868 537 2920 parcit,
564 2875 613 2909 ut
628 2873 773 2908 tamen
790 2872 909 2908 secet
929 2867 1101 2921 aliquid.

362 2933 439 2970 123
469 2931 615 2982 Error]
669 2931 870 2971 Medicus
890 2937 1034 2971 autem
1050 2931 1192 2983 parcit

305 3005 356 3032 ac
402 2994 520 3032 velut
556 2994 806 3045 perstringit
853 2994 1191 3045 praecordiorum

303 3055 467 3105 ulcera,
512 3052 568 3093 ne
622 3053 740 3094 ferro
805 3055 932 3095 altius
975 3056 1190 3109 latiusque

302 3115 476 3165 adacto,
495 3128 617 3155 error
640 3129 714 3156 seu
734 3118 862 3168 culpa
882 3121 1187 3171 committatur,

301 3191 400 3232 quae
430 3179 623 3219 revocari
643 3186 845 3231 nequeat,
881 3182 1034 3234 cuique
1054 3195 1189 3223 reme-

301 3240 420 3282 dium
457 3241 618 3282 nnllum
657 3242 849 3282 adhiberi
884 3245 1046 3294 possit;
1086 3246 1188 3298 quia

300 3310 432 3346 sectae
452 3310 552 3347 sunt
578 3311 726 3358 partes
745 3307 915 3358 vitales,
943 3321 1020 3348 seu
1036 3314 1184 3360 partes

301 3368 358 3409 ad
374 3369 507 3411 vitam
526 3369 753 3410 fovendam
773 3373 1043 3412 necessariae.

355 3435 434 3473 124
464 3432 646 3486 Curium]
685 3432 834 3473 Civem
856 3434 1090 3474 Romanum
1109 3433 1182 3474 ad-

1261 2740 1457 2790 captivos
1496 2740 1640 2792 Reges
1676 2740 1719 2779 in
1747 2740 1920 2781 Italiam
1957 2742 2147 2784 adduxe·

1261 2807 1374 2843 runt.

1315 2869 1394 2905 126
1437 2866 1577 2918 Pauli]
1659 2867 1787 2907 Pauli
1832 2879 2002 2907 currum
2046 2868 2142 2908 Rex

1256 2927 1531 2969 Macedoniae
1570 2930 1891 2980 potentissimus
1931 2931 2143 2983 quondam

1258 2996 1305 3031 et
1337 2992 1622 3033 nobilissimus
1655 2994 1809 3033 Perses
1829 2994 2140 3034 cohonestavit.

1257 3053 1427 3093 Cicero.

1311 3116 1457 3167 Marii]
1511 3116 1598 3158 Qui
1644 3116 1897 3167 ,Iugurtham
1933 3117 2140 3158 Numida·

1255 3189 1347 3216 rum
1375 3178 1546 3218 Africae
1575 3180 1825 3230 populorum
1847 3185 2071 3231 tyrannum
2094 3182 2140 3230 in

1254 3243 1473 3294 triumpho
1495 3244 1632 3283 duxit.

1306 3309 1386 3345 130
1414 3306 1552 3357 Decii]
1608 3306 1694 3348 Qui
1733 3318 1780 3346 se
1826 3306 1941 3347 bello
1978 3309 2138 3354 Taren,

1251 3369 1341 3409 tino
1356 3369 1530 3409 devovit
1561 3369 1655 3408 Diis
1676 3369 1895 3420 Manibus,
1915 3376 1961 3411 et
1979 3372 2041 3413 sie
2059 3384 2136 3428 pa-

1249 3434 1343 3474 triae
1363 3446 1450 3474 suae
1469 3433 1693 3474 victoriam
1713 3433 1901 3486 peperit.
