2300 3906
811 232 970 273 mus
1008 231 1287 274 SERENAE.
1832 222 1940 276 867

136 346 301 411 Quod
328 348 466 401 dura
487 350 592 400 sub
615 348 738 415 lege
763 365 962 416 procos
989 355 1194 406 certare
1212 352 1484 420 juberent,

130 430 391 484 Emturos
418 433 714 484 thalamum
738 435 885 487 dubii
910 436 1222 489 discrimine
1245 437 1369 502 leti;

132 513 207 566 Et
230 533 334 567 sua
353 517 603 567 crudeles
630 518 920 582 gauderent
942 520 1172 592 pignora
1195 520 1390 572 mortis

131 597 448 650 Ambitione
472 600 604 666 peti.
680 600 849 654 Curru
877 603 1064 655 Pisaea
1089 603 1294 654 marino

130 681 294 748 Fugit
318 684 426 734 tela
454 684 662 752 Pelops
684 702 696 737 ε
734 703 856 738 nam
882 686 1123 755 perfidus
1149 686 1335 754 objice
1358 686 1503 752 regis

126 765 379 834 Prodidit
403 768 665 820 OEnomai
690 770 979 839 deceptum
1002 771 1261 838 Myrtilus
1287 786 1474 823 axem.

128 847 509 921 Hippomenes
533 853 775 919 trepidus
798 871 956 906 cursu
980 854 1232 921 ferroque
1257 860 1508 906 secutam

124 930 333 982 Aurato
357 933 639 984 volucrem
662 936 816 987 flexit
839 936 1169 989 Schoeneida
1194 953 1381 1005 pomo·

1833 518 1942 572 165

1825 940 1934 996 170

0 1089 3 1127 μ
107 1075 250 1125 serunt
270 1074 398 1137 Reges
415 1078 574 1136 veteres,
603 1079 703 1127 quod
730 1078 963 1129 imperarent
978 1094 1113 1132 procos
1131 1081 1315 1122 dimicare
1330 1082 1399 1121 sub
1417 1081 1700 1122 conditionibus
1717 1082 1864 1123 acerbis
1880 1079 1932 1123 ad

122 1130 284 1189 emenda
302 1141 492 1189 eomugta,
505 1131 676 1190 periculo
695 1132 834 1170 mortis
849 1134 1045 1183 ancipitis,
1064 1139 1101 1174 et
1119 1135 1290 1174 immites
1323 1136 1553 1174 laetarentur
1567 1135 1680 1186 filias
1706 1148 1795 1175 suas
1829 1137 1935 1187 posci

121 1193 213 1231 ipsa
230 1187 403 1220 vanitate
415 1186 552 1220 mortis
569 1184 840 1233 oppetendae.
893 1187 1034 1238 Pelops
1051 1188 1211 1226 evitavit
1243 1200 1358 1226 curru
1389 1188 1583 1236 conjugali
1597 1201 1706 1227 arma
1734 1189 1934 1228 OEnomai

122 1234 262 1295 Ιῗὶειεὶ,
281 1235 423 1273 etenim
442 1235 633 1287 Myrtilus
650 1235 792 1287 infidus
810 1238 955 1289 auriga
983 1241 1149 1278 tradidit
1180 1242 1366 1290 repagulo
1386 1238 1528 1289 fragili
1547 1252 1659 1279 axem
1688 1242 1833 1280 elusum
1853 1241 1934 1280 Re-

116 1299 181 1336 gis
199 1288 395 1327 OEnomai.
423 1286 685 1339 Hippomenes
694 1289 846 1341 timens,
861 1292 1101 1342 expugnavit
1113 1304 1227 1343 pomo
1243 1293 1359 1332 aureo
1371 1291 1602 1331 Atalantam
1616 1291 1789 1332 Schoenei
1802 1293 1933 1335 filiam

879 1409 1175 1439 OOOOOOOOOOO

113 1489 202 1525 tres
219 1484 340 1526 Vatt.
370 1486 468 1526 Pal.
490 1487 623 1528 Oisel.
660 1488 747 1527 dira
765 1488 866 1528 Put.
885 1489 1050 1528 Thuan.
1069 1489 1155 1528 duo
1179 1489 1332 1530 Petav.
1353 1489 1438 1531 duo
1458 1489 1607 1530 Ambr.
1628 1490 1795 1532 Busl'id.
1824 1490 1930 1532 Cod.

117 1538 266 1590 Epigr.
297 1538 446 1579 Ambr.
478 1541 583 1580 Exc.
616 1541 715 1580 Par.
737 1553 822 1580 rec.
842 1542 945 1581 Var.
968 1541 1054 1580 LL.
1075 1542 1142 1582 ed.
1162 1541 1293 1583 Antv.
1311 1543 1414 1582 item
1436 1543 1569 1582 Gesn.
1604 1549 1647 1583 et
1665 1544 1733 1583 ed.
1759 1544 1930 1594 Bipont.

74 1608 78 1617 “
113 1592 314 1686 {ffatim
327 1592 1687 1688 dffitziffk'rttp‘a-8225532·m‘3:2‘};.t¹1‘}{12';“‘“'²1232¹²3¹·‹13³⁸‘L
1707 1595 1931 1688 “iffffifl·

113 1697 219 1736 tione
237 1696 386 1756 Ambr.
405 1704 502 1739 tert.
543 1701 647 1750 petit
661 1659 766 1739 me
786 1700 871 1739 LL.
893 1699 960 1738 ed.
982 1676 1113 1741 Antv:
1155 1676 1275 1740 cursu·
1286 1702 1381 1740 Pal.
1413 1661 1832 1741 diignffigivfeffmbr.
1860 1661 1927 1752 prff.

114 1751 256 1790 marito
272 1751 375 1791 Put.
417 1754 569 1792 marino
590 1758 675 1792 tres
695 1754 814 1793 Vatt.
837 1753 928 1792 Pal.
959 1752 1081 1797 Rptt.
1102 1753 1237 1794 Oisel.
1277 1755 1447 1804 maligno
1478 1754 1778 1794 Rasna—16⁷
1807 1753 1931 1794 Fudit

113 1802 262 1844 Ambr.
283 1816 347 1855 pr.
371 1808 506 1856 proeda
524 1817 601 1856 pro
619 1807 696 1845 tela
713 1806 875 1846 Thuan.
904 1806 1012 1845 Exc.
1040 1806 1222 1846 Lucens.
1245 1818 1308 1856 pr.
1329 1813 1374 1846 et
1390 1807 1489 1846 Pat.
1511 1819 1599 1851 rec.
1628 1820 1682 1847 m.
1701 1819 1784 1847 sec.
1807 1807 1930 1858 preda

114 1855 217 1896 Vat.
239 1869 306 1908 pr.
343 1857 430 1906 jam
449 1859 616 1899 Buslid.
635 1859 742 1898 eod.
762 1859 908 1910 Epigr.
929 1858 1076 1899 Ambr.
1099 1860 1285 1910 pervidit:
1301 1861 1401 1900 Vat.
1422 1866 1522 1900 tert.
1549 1860 1722 1913 perfidus
1739 1861 1838 1899 Vat.
1866 1871 1930 1910 pr.

112 1907 231 1948 Med.
252 1921 338 1950 sec.
358 1911 438 1950 inc.
462 1911 608 1951 Heius.
635 1910 786 1950 Petav.
809 1924 874 1962 pr.
895 1912 1060 1951 Bonon.
1097 1913 1255 1951 Moret.
1277 1924 1343 1963 pr.
1379 1913 1519 1952 Oxon.
1541 1925 1626 1952 sec.
1654 1914 1752 1951 vat.
1789 1912 1927 1952 Livin.

111 1961 257 2002 Parm.
279 1963 383 2004 Exc.
405 1963 505 2003 Pat.
525 1976 612 2008 ree,v
632 1963 813 2012 fervidus
830 1970 915 2003 vet.
931 1964 1038 2014 Gyr.
1060 1975 1155 2003 cum
1174 1965 1378 2004 tredecim
1393 1965 1500 2012 aliis,
1519 1965 1670 2004 Sched.
1688 1964 1802 2005 Gud.
1822 1965 1928 2003 Exc.

110 2008 295 2076 Lucens.
316 2028 382 2066 pr.
396 2018 498 2056 Var.
520 2018 605 2057 LL.
622 2017 689 2055 ed.
709 2016 840 2055 Antv.
857 2069 865 2077 .
885 2016 983 2065 legis
1001 2017 1188 2057 Florent.
1204 2017 1323 2057 Med.
1342 2028 1427 2057 sec.
1462 2029 1572 2066 reges
1590 2017 1684 2057 Pal.
1705 2017 1788 2056 duo
1806 2016 1928 2057 Med·

109 2078 233 2160 3333.
245 2068 1808 2175 ’ὂῖξὲῖἢὲἴεέἔὲῐιῖῶῗῖέῖἝὲἔέρξῗὶὲῗῑῖἒἒὲἃΐὶὲθῗέξῗρ’ἶῄἧῑᾶἴὶἷῧὲἱ·.
1828 2069 1932 2162 ἒζίἒῐ

109 2172 207 2212 Pal.
237 2175 439 2226 Myrtolus
449 2175 549 2214 Vat.
569 2187 654 2214 sec.
674 2174 755 2214 inc.
780 2174 935 2215 Heius.
954 2174 1056 2215 Put.
1074 2175 1238 2214 'l‘huan⁸
1262 2174 1345 2214 duo
1364 2175 1515 2213 Petav.
1538 2175 1605 2214 ed.
1624 2175 1769 2214 Parm.
1811 2175 1930 2225 Myr·

99 2226 237 2266 tholus
268 2226 431 2267 Buslid.
450 2227 552 2268 Var.
574 2228 657 2268 LL.
677 2228 744 2268 ed.
764 2225 1031 2270 Antv.-169
1064 2228 1276 2278 Ypomedes
1308 2227 1471 2266 Buslid.
1513 2228 1780 2278 Hippomanus
1810 2226 1931 2267 Med.

109 2291 178 2331 pr.
209 2279 487 2334 Hippomenem
502 2281 621 2320 Med.
672 2284 783 2320 uart.
828 2281 1071 2330 Hipomanes
1085 2281 1232 2319 Parm.
1268 2291 1388 2320 curru
1405 2280 1558 2318 Petav.
1578 2292 1642 2330 pr.
1669 2280 1753 2318 inc.
1774 2279 1926 2319 Heius.

109 2335 244 2373 -170
265 2336 386 2386 ponto
403 2345 480 2385 pro
497 2345 608 2385 pomo
667 2338 726 2374 at.
744 2336 966 2373 sem—172
993 2332 1137 2372 laboris
1153 2333 1254 2372 vat.
1273 2337 1376 2372 tert.
1404 2332 1528 2372 labori
1547 2332 1685 2372 Oisel.
1706 2331 1789 2371 duo
1805 2331 1926 2390 Med,

930 2445 1107 2487 NOTAE

162 2528 242 2565 166
268 2523 510 2576 Ambitione]
557 2524 627 2564 Ita
663 2523 782 2576 proci
819 2524 982 2576 puellas
1049 2523 1094 2563 in
1122 2522 1396 2572 curriculum,
1430 2521 1505 2562 sed
1543 2520 1735 2572 corrupit
1769 2520 1925 2573 Myrti-

107 2588 372 2638 ambiebant‚
408 2593 456 2626 ut
486 2588 613 2627 morti
632 2599 725 2626 sese
744 2599 823 2638 per
853 2586 983 2625 ambi-

108 2652 269 2692 tionem
279 2656 325 2691 et
340 2650 573 2690 vanitatem
588 2654 866 2701 exponerent.
893 2647 983 2688 Alii

104 2714 258 2766 legunt
276 2713 411 2752 mortis
425 2712 656 2759 conditione,
672 2716 717 2750 et
736 2711 857 2751 bene.
883 2711 982 2750 Vir-

107 2776 247 2828 gilius:
274 2777 286 2797 ‘
308 2776 395 2815 Cur
413 2775 562 2815 mortis
577 2773 750 2814 ademta
781 2777 846 2816 est
874 2773 981 2814 Con-

30 2833 31 2836 *
109 2838 216 2878 ditio
227 2837 257 2877 θ’

160 2902 311 2952 Pisaea]
338 2902 586 2950 (Emmaus,
605 2899 717 2938 Pisis
738 2911 920 2950 regnans
936 2899 980 2938 in

105 2963 246 3014 Elide,
272 2961 461 3002 habebat
490 2961 622 3001 filiam
653 2961 981 3012 pulcherrimam

107 3025 458 3078 Hippodamiam;
494 3024 569 3063 sed
590 3030 683 3064 erat
704 3024 746 3062 in
766 3022 865 3063 fatis
886 3035 980 3062 eam

103 3099 187 3128 non
207 3087 285 3127 nisi
303 3099 398 3126 cum
418 3093 557 3128 morte
575 3087 719 3126 Patris
735 3092 979 3138 nupturam.
1021 3135 1025 3139 ἡ

104 3150 219 3202 Ergo
237 3150 465 3191 OEnomaus
486 3151 627 3202 procis
660 3151 809 3198 curule
841 3155 980 3195 certa-

33 3238 38 3252 ,
101 3225 201 3253 men
220 3225 363 3254 secum
385 3214 604 3265 proponit,
634 3225 686 3252 ea
705 3213 815 3264 lege,
843 3212 980 3264 utqui

34 3289 39 3330 ;
103 3277 362 3326 vinceretur,
388 3283 539 3327 morte,
566 3279 639 3329 qui
658 3278 865 3327 vinceret,
882 3288 979 3316 con-

97 3338 221 3390 jugio
252 3337 351 3376 filiae
384 3339 628 3379 donaretur.
682 3339 790 3379 Post
821 3340 979 3385 multos

104 3401 166 3440 sic
186 3399 362 3452 occisos,
391 3399 550 3452 Pelops
579 3412 723 3441 amaus
755 3400 980 3441 descendit

1049 2587 1135 2626 lum
1155 2586 1341 2636 aurigam
1375 2585 1584 2634 OEnomai,
1621 2584 1694 2636 qui
1726 2582 1926 2635 fragilem

1050 2661 1173 2689 axem
1209 2649 1332 2699 hujus
1370 2648 1515 2688 currui
1557 2647 1788 2698 imposuit:
1838 2658 1930 2698 quo-

1047 2713 1187 2754 fracto
1206 2713 1307 2753 vicit
1322 2713 1497 2764 Pelops,
1514 2712 1645 2764 periit
1664 2711 1896 2751 OEnomaus
1908 2724 1921 2750 ε

1048 2777 1216 2826 ast,hoc
1235 2781 1438 2828 precante
1453 2782 1497 2815 et
1510 2775 1715 2815 ultionem
1733 2779 1925 2825 petente,

1047 2839 1249 2890 Myrtilus
1268 2838 1314 2877 in
1346 2851 1461 2877 mare
1480 2838 1697 2890 Myrtoum
1729 2847 1924 2887 praeceps

1048 2905 1169 2941 actus
1196 2905 1279 2950 est,
1297 2900 1472 2940 demens
1492 2904 1538 2939 et
1555 2911 1631 2950 spe
1650 2900 1807 2949 elusus,
1823 2909 1923 2937 nam

1048 2963 1170 3014 regni
1186 2968 1351 3013 partem
1365 2961 1583 3001 dimidiam
1603 2964 1867 3011 speraverat.

1129 3029 1207 3065 170
1262 3023 1510 3074 Schoeneida]
1582 3023 1791 3062 Atalanta
1836 3020 1924 3070 filia

1045 3087 1241 3129 Schoenei
1288 3086 1515 3138 proposuit
1552 3086 1682 3126 etiam
1721 3083 1924 3124 currendi

1047 3150 1365 3198 conditionem;
1396 3162 1448 3188 ea
1474 3150 1584 3198 lege,
1609 3153 1658 3187 ut
1687 3147 1759 3199 qui
1778 3147 1918 3186 victus

1046 3218 1178 3263 esset,
1198 3212 1288 3253 vita
1306 3212 1583 3264 spoliaretur-3
1612 3211 1685 3263 qui
1706 3211 1855 3258 victor,
1875 3218 1923 3247 se

1045 3276 1225 3318 duceret
1243 3284 1430 3319 uxorem.
1461 3274 1753 3324 Hippomenes
1774 3279 1918 3309 amore

1045 3344 1199 3391 captus
1230 3336 1455 3378 descendit
1491 3336 1534 3383 in
1571 3339 1805 3381 certamen,
1839 3330 1917 3371 sed

1040 3401 1248 3455 projectis
1274 3412 1354 3453 per
1383 3397 1605 3440 intervalla
1623 3394 1756 3436 tribus
1783 3392 1918 3445 pomis
