2300 3906
334 192 444 248 962
837 238 841 240 ,
872 199 968 238 cn.
1008 193 1364 239 chrannum
1387 191 1618 235 xxxv.

333 322 658 387 Terrigenas
684 317 899 370 imitata
924 314 1102 369 viros:
1142 312 1225 365 sic
1259 313 1455 364 tertius
1483 312 1660 365 haeres

338 407 559 460 Saturni
585 403 861 455 latebrosa
887 397 1044 462 vagis
1068 396 1293 448 rimatur
1325 396 1559 452 habenis

342 491 533 550 Devia,
555 488 851 538 fraternum
877 480 1106 548 cupiens
1133 481 1288 531 exire
1308 481 1411 531 sub
1434 481 1643 533 orbem.

331 572 370 627 J
373 589 517 626 anua
540 571 693 621 nulla
716 571 898 635 patet:
937 564 1309 632 prohibebant
1328 564 1766 633 undique-rupes

331 657 647 724 Oppositae,
674 652 922 719 duraque
949 651 1130 702 Deum
1155 665 1422 717 compage
1447 651 1718 702 tenebant.

331 741 461 792 Non
486 739 607 791 tulit
631 737 720 789 ille
743 751 951 797 moraS,
978 734 1402 801 indignatusque
1439 733 1639 786 trabali

332 824 488 876 Saxa
513 823 642 874 ferit
668 825 912 887 sceptro.
983 818 1188 870 Siculae
1216 822 1440 869 tonuere
1465 834 1748 871 cavernae:

331 910 610 961 Turbatur
635 907 868 972 Lipare:
908 903 1121 970 stupuit
1139 902 1360 954 fornace
1386 902 1583 955 relicta

2057 563 2166 617 170

329 1059 593 1110 triumphator
625 1058 785 1096 imitans
816 1055 988 1095 homines
1013 1053 1215 1104 gigantes,
1233 1053 1361 1093 assilit
1381 1053 1423 1093 in
1456 1057 1588 1094 turres
1618 1055 1796 1100 delusam
1822 1053 1880 1093 ita
1908 1054 2040 1094 Pluto
2046 1052 2168 1107 fitius

328 1113 471 1154 tertius
506 1111 671 1151 Saturni
704 1113 904 1149 scrutatur
938 1111 1055 1147 antra
1086 1107 1287 1147 tenebrosa
1320 1107 1478 1146 habenis
1509 1108 1748 1156 errantibus,
1774 1111 1913 1159 optans
1949 1107 2085 1157 egredi
2120 1108 2166 1146 in

329 1178 494 1217 regnum
514 1165 678 1212 fratris.
731 1164 878 1202 Aditus
896 1163 1024 1201 nultus
1049 1162 1192 1200 datur:
1237 1173 1336 1200 saxa
1366 1160 1512 1210 objecta
1544 1161 1802 1213 impediebant
1832 1162 2094 1212 undequaque,
2124 1164 2165 1200 et

328 1219 549 1260 retinebant
567 1220 695 1258 Deum
710 1216 902 1256 obstaculo
921 1215 1069 1254 acerbo.
1125 1215 1200 1254 Ille
1231 1214 1360 1253 Pluto
1388 1227 1466 1254 non
1492 1227 1630 1265 passus
1648 1220 1703 1254 est
1725 1214 1939 1262 obstacula,
1964 1214 2165 1264 iratusque

329 1273 478 1324 rumpit
505 1285 619 1324 rupes
652 1274 803 1322 sceptro
838 1269 1019 1320 ingenti:
1046 1272 1164 1308 antra
1191 1267 1345 1307 Siciziae
1370 1279 1554 1308 sonuere.-
1580 1269 1727 1320 Lipare
1744 1271 1938 1308 terretur.-
1974 1267 2167 1308 Vulcanus

1090 1386 1392 1408 OOOWOOCO

329 1475 429 1516 Jun.
445 1486 531 1513 sec.
552 1472 700 1513 Ambr.
722 1477 820 1512 tert.
860 1472 987 1512 milite
1004 1473 1072 1510 vel
1093 1472 1219 1510 limite
1237 1471 1380 1510 Oxon.
1400 1473 1624 1509 sem—167
1656 1468 1892 1517 Terrigenas
1921 1467 2065 1506 Oxou.
2099 1480 2164 1519 pr.

330 1529 570 1576 Turi-igenas
598 1527 722 1564 Voss.
754 1529 958 1575 pr.—168
986 1524 1184 1562 tenebrosa
1212 1523 1331 1562 Med.
1360 1529 1502 1574 quart.
1531 1535 1587 1561 m.
1620 1533 1685 1573 pr.
1713 1522 1820 1561 Exc.
1842 1520 1998 1559 PetaV.
2021 1527 2166 1572 quart.

329 1581 519 1619 latebrosa
540 1579 728 1616 Florent.
750 1578 867 1616 Med.
889 1589 953 1627 pr.
975 1581 1020 1614 et
1042 1581 1184 1627 quart.
1207 1577 1292 1614 duo
1313 1576 1465 1615 Heius.
1499 1575 1600 1614 Put.
1635 1576 1743 1625 Reg.
1773 1574 1857 1612 duo
1885 1573 2039 1612 Petav.
2077 1575 2163 1614 Bo-

328 1645 424 1672 non.
443 1632 613 1671 Tholas.
635 1630 734 1668 Vat.
756 1630 896 1668 Livin.
919 1630 1003 1668 duo
1022 1629 1123 1669 Jun.
1144 1629 1323 1668 totidem
1347 1629 1488 1668 Oxou.
1521 1635 1567 1667 et
1593 1629 1717 1667 Voss.
1748 1628 1852 1666 Var.
1874 1626 1962 1667 LL.
1984 1640 2006 1665 e
2027 1640 2163 1680 marg.

328 1686 473 1724 Parm.
489 1684 563 1723 Sil.
584 1684 685 1722 Ital.
706 1682 800 1722 Lib.
820 1694 852 1721 1.
875 1686 968 1722 366.
995 1682 1120 1720 simili
1140 1683 1464 1733 comparatione
1482 1695 1492 1721 ε
1511 1683 1523 1704 ⁴
1546 1681 1768 1722 Subducto
1791 1680 1913 1719 Poeni
1934 1681 2060 1732 vallo,
2079 1693 2163 1721 cae-

329 1750 463 1791 caque
480 1737 659 1786 latebra,
679 1735 886 1775 Pandunt
917 1735 1162 1787 prolapsam
1197 1734 1386 1776 suffossis
1413 1735 1621 1776 moenibus
1654 1734 1834 1775 urbem.'
1860 1738 2062 1775 scrutatur
2085 1744 2165 1786 pro

326 1794 496 1832 rimatur
511 1791 613 1830 Vat.
635 1802 698 1841 pr.
721 1790 826 1830 Cod.
846 1789 1086 1829 Bartholin.
1106 1787 1258 1830 Ambr.
1290 1795 1389 1830 tert.
1411 1791 1511 1830 Vat.
1532 1789 1810 1830 Livin.—-169
1833 1802 1907 1841 per
1929 1788 2058 1828 orbem
2077 1788 2163 1828 duo

326 1847 444 1885 Vatt.
465 1845 658 1884 Florent.
675 1844 843 1882 Tholos.
863 1843 948 1882 duo
967 1843 1093 1883 VosS.
1126 1855 1199 1894 per
1216 1844 1283 1883 vel
1302 1844 1372 1883 sub
1404 1844 1534 1883 orbem
1563 1844 1707 1884 Oxou.
1740 1846 1961 1883 sea-171
1990 1844 2164 1894 duraque

329 1898 436 1939 Cod.
458 1898 694 1937 Bartholin.
721 1896 923 1948 sideraque
942 1897 1110 1936 Bonon.
1140 1897 1350 1948 Siculaque
1367 1903 1453 1937 tres
1472 1899 1594 1937 Vatt.
1615 1903 1660 1936 et
1681 1896 1723 1935 d.
1743 1898 1835 1937 Pal.
1864 1898 2058 1937 Florent.
2076 1896 2163 1935 duo

326 1952 447 1992 Med.
467 1953 551 1990 duo
571 1951 722 1991 Heius.
743 1952 845 1990 Put.
868 1951 976 2001 Reg.
997 1950 1082 1990 dno
1104 1950 1256 1990 Petav.
1282 1952 1453 1992 'tholos
1481 1951 1565 1991 duo
1600 1950 1742 1990 Oxou.
1778 1950 1958 1990 totidem
1986 1951 2087 1990 Jun.
2116 1955 2163 1989 et

325 2006 448 2045 Voss.
469 2007 576 2045 Exc.
598 2005 753 2044 Petav.
784 2010 925 2057 quart.
965 2004 1153 2055 solitaque
1172 2004 1328 2056 Isingr.
1373 2005 1571 2057 solidaque
1599 2006 1684 2056 leg.
1721 2004 2010 2044 Heins.—172
2037 2002 2166 2043 minas

325 2059 425 2099 Vat.
449 2071 536 2099 sec.
564 2058 691 2098 minas
711 2058 778 2097 vel
797 2070 926 2097 moras
939 2059 1062 2097 Voss.
1081 2070 1168 2097 sec.
1210 2058 1336 2097 teneri
1355 2060 1454 2098 Vat.
1473 2058 1610 2109 quint.
1640 2059 1765 2098 teneri
1787 2059 1852 2097 vel.
1871 2057 2015 2097 trabali
2034 2057 2160 2095 Voss.

326 2115 549 2151 sem—173
579 2117 700 2151 caestu
718 2112 873 2151 Petav.
895 2116 994 2151 tert.
1040 2115 1190 2162 sceptro
1218 2113 1285 2150 vel
1320 2111 1434 2161 virga
1467 2113 1595 2152 Voss.
1627 2123 1712 2151 sec.
1758 2116 1917 2150 tonuere
1945 2111 2047 2149 Vat.
2071 2121 2160 2149 sec.

325 2164 429 2204 Put.
450 2164 604 2203 PetaV.
622 2170 724 2204 tert.
745 2171 791 2202 et
821 2177 887 2214 pr.
911 2177 969 2203 m.
1002 2176 1088 2202 sec.
1110 2165 1232 2203 Voss.
1251 2170 1295 2204 et
1316 2164 1458 2204 Oxon.
1475 2176 1561 2203 sec.
1581 2166 1686 2204 Var.
1706 2164 1795 2203 LL.
1816 2177 1838 2202 e
1859 2163 2160 2213 marg.‚Parm.

323 2229 487 2258 sonuere
504 2218 604 2256 Vat.
626 2230 692 2268 pr.
710 2221 754 2255 et
774 2217 910 2267 quint.
931 2222 976 2255 et
997 2216 1035 2255 d.
1055 2216 1160 2256 Cod.
1181 2218 1421 2256 Bartholin.
1442 2217 1510 2257 ed.
1531 2217 1675 2257 Vicet.
1722 2221 1914 2255 tremuere
1935 2217 2036 2254 Vat.
2057 2221 2159 2256 tert.

323 2270 420 2310 Pal.
442 2272 631 2310 Florent.
648 2270 733 2308 duo
756 2269 875 2308 Med.
897 2269 1062 2307 Bonon.
1082 2270 1184 2309 Jun.
1219 2281 1284 2319 pr.
1315 2271 1472 2308 Moret.
1507 2281 1571 2320 pr.
1596 2270 1698 2308 Vat.
1719 2270 1855 2309 Livin.
1883 2269 1988 2308 Exc.
2008 2269 2160 2309 Petav.

323 2328 466 2376 quart.
511 2335 671 2362 sonuere
692 2322 759 2361 vel
795 2326 956 2361 tonuere
990 2322 1071 2360 inc.
1108 2320 1399 2361 Heins.—-174
1427 2323 1573 2371 Lipare
1604 2322 1705 2361 Vat.
1740 2334 1826 2361 sec.
1858 2322 2044 2361 Florent.
2078 2321 2160 2362 inc.

322 2377 476 2417 Heius.
496 2376 596 2415 Pur.
617 2375 770 2414 Petav.
793 2387 857 2426 pr.
879 2387 932 2414 m.
952 2387 1037 2414 see.
1059 2373 1208 2414 Ambr.
1229 2380 1332 2414 tert.
1352 2374 1454 2415 Ald.
1474 2376 1574 2416 Var.
1596 2376 1682 2415 LL.
1703 2387 1726 2414 e
1746 2387 1879 2426 marg.
1899 2375 2042 2414 Parm.
2089 2374 2160 2415 Li·

318 2430 432 2482 paris
448 2430 532 2470 duo
551 2430 672 2469 Vatt.
700 2434 745 2469 et
771 2428 814 2468 d.
836 2428 928 2467 Pal.
958 2428 1063 2468 Cod.
1084 2428 1321 2470 Bartholin.
1349 2429 1434 2469 duo
1465 2429 1610 2470 Oxou.
1644 2430 1746 2471 Jun.
1774 2441 1858 2469 sec.
1904 2428 2059 2480 Dypare
2089 2428 2158 2468 vel

1147 2535 1324 2576 NOTAE

375 2640 455 2676 167
488 2637 743 2688 Terrigenas]
790 2636 884 2676 Hos
919 2647 974 2675 ex
1007 2634 1205 2675 draconis

322 2714 347 2740 a
368 2699 530 2741 Cadmo
551 2702 683 2741 occisi
715 2700 918 2740 dentibus
948 2704 1071 2739 natos
1091 2700 1206 2739 dixe-

319 2769 435 2803 runt.
491 2765 695 2805 Ceterum
723 2763 768 2802 hi
797 2776 914 2803 arma
934 2763 1207 2803 tumultuaria

319 2826 362 2866 in
384 2827 593 2867 Cadmum
627 2832 750 2866 tanta
783 2826 1016 2866 velocitate
1051 2838 1208 2866 sumse-

319 2896 434 2939 runt,
453 2896 501 2930 ut
529 2902 582 2929 ex
614 2896 732 2930 terra
759 2889 903 2930 subito
929 2890 1013 2929 orti
1035 2902 1128 2929 esse
1148 2890 1205 2929 vi-

321 2950 527 2991 derentur
542 2966 554 3002 3
572 2952 671 2991 inde
690 2952 930 3004 Terrigenae
951 2952 1071 2993 dicti.
1104 2953 1206 2993 Huc

318 3015 490 3055 accedit
511 3016 623 3068 quod
654 3018 714 3056 illi
741 3018 786 3057 in
820 3019 1120 3069 expugnandis
1139 3031 1206 3058 ur-

318 3077 445 3118 bibus
466 3079 588 3130 primi
605 3080 810 3119 cuniculis
830 3081 894 3119 usi
913 3087 1027 3131 sunt,
1042 3088 1087 3121 et
1106 3082 1204 3123 ideo

319 3151 376 3181 ex
403 3146 521 3180 terra
551 3142 703 3180 armati
733 3142 822 3180 nati
860 3153 951 3181 esse
986 3142 1204 3197 dicuntur,

319 3204 432 3256 quod
455 3204 535 3243 hoc
566 3204 713 3244 habitu
743 3216 799 3243 ex
819 3205 914 3243 sinu
942 3210 1071 3246 terrae
1091 3219 1203 3248 novo

317 3272 364 3306 et
381 3266 574 3307 inaudito
596 3272 906 3320 strategemate
927 3269 1203 3319 prodiissent.

371 3329 536 3381 Haereo]
564 3331 712 3382 Pluto,·
725 3331 878 3372 tertius
892 3332 1066 3372 Saturni
1091 3333 1202 3375 filius

318 3396 448 3445 atque
467 3392 616 3446 haeres,
631 3394 854 3434 Tartarum
871 3394 1047 3434 sortitus
1067 3400 1146 3436 est.

1328 2640 1407 2676 168
1441 2637 1563 2689 Vagis
1580 2637 1758 2692 habenis]
1784 2638 1914 2692 Equis
1943 2638 2026 2679 huc
2055 2638 2158 2682 illuc

1273 2701 1529 2743 errantibus.

1326 2766 1718 2820 Latebrosa...devio]
1783 2767 1920 2808 Antra
1976 2767 2156 2808 obscura

1273 2834 1319 2869 et
1348 2829 1476 2868 variis
1502 2828 1686 2870 flexibus
1707 2832 1836 2883 plena
1868 2831 2080 2882 explorat,
2108 2835 2158 2870 nt

1272 2890 1464 2931 inveniat
1482 2892 1660 2933 aditum.

1328 2957 1407 2993 169
1436 2954 1673 2995 fraternum
1703 2955 1851 3007 orbem]
1896 2955 1984 2996 Sub
2016 2966 2157 3005 auras,

1273 3017 1346 3057 ubi
1363 3019 1541 3069 Jupiter
1559 3019 1758 3060 Plutonis
1778 3018 1912 3059 frater
1929 3018 2058 3058 babet
2077 3017 2154 3057 im·

1273 3082 1455 3133 perium.

1326 3146 1404 3183 172
1434 3144 1526 3183 Non
1544 3143 1637 3182 tulit
1656 3143 1801 3194 moras]
1840 3144 1940 3183 Non
1962 3145 2059 3184 tulit
2080 3144 2154 3185 ob·

1269 3207 1436 3246 stacula
1455 3218 1621 3245 cursum
1643 3219 1761 3246 snum
1784 3208 2053 3248 remorantia.

1328 3269 1487 3309 Trabali
1520 3270 1689 3322 sceptro]
1732 3270 1864 3311 Vasto
1892 3277 1937 3311 et
1969 3271 2154 3325 ingenti,

1268 3334 1404 3374 instar
1421 3332 1570 3373 trabis.

1321 3398 1399 3435 174
1429 3395 1595 3448 Lipare]
1639 3396 1881 3438 Insularum
1918 3397 2159 3439 AEoliarum·
