2300 3906
780 236 940 275 mus
981 236 1257 278 SERENAE.
1817 227 1925 282 851

110 350 269 403 Unde
293 354 403 420 piae
430 357 728 421 pascuntur
751 369 907 420 apeS,
932 361 985 407 et
1007 362 1165 424 prata
1187 358 1425 423 legentes

106 435 506 487 Transmittunt
532 437 714 488 saeclis
741 437 1036 490 Heliconia
1069 440 1232 491 mella
1256 440 1490 492 futuris?

110 518 348 584 Dignius
374 536 443 569 an
470 522 627 570 vates
656 521 797 572 alios
826 524 1071 574 exercuit
1097 540 1266 574 unum

111 601 410 653 Foemineae
437 604 652 654 virtutis
677 608 852 671 opus?
907 605 1173 658 Consorte
1201 607 1443 658 redemto

111 683 282 736 Casta
304 687 538 737 maritali
571 690 836 741 successit
857 690 1130 742 Thessala
1154 691 1287 753 fat0,

110 769 286 836 Inque
313 785 444 820 suos
468 771 696 835 migrare
723 775 894 825 virum
919 791 1032 826 non
1059 776 1247 827 abnuit
1273 791 1467 827 annos·

112 851 245 903 Hoc
271 850 427 902 Graii
453 861 771 907 memorant.
849 857 1019 909 Latiis
1045 864 1231 910 movet
1261 874 1358 910 ora
1385 858 1666 911 Camoenis

111 935 362 987 Praescia
387 935 628 988 fatorum
652 939 947 1007 Tanaquil,
970 941 1295 1008 rediensque
1320 958 1418 1009 per
1442 942 1617 997 undas

1852 442 1923 495 10

1860 814 1953 910 15⁵

107 1074 300 1110 rascentes
313 1075 502 1122 perpetua
532 1073 821 1121 pulchritudine
846 1076 981 1116 Veris.-
1009 1078 1144 1128 quibus
1164 1077 1336 1117 floribus
1354 1090 1444 1129 apes
1477 1082 1594 1117 oastae
1626 1078 1870 1128 nutriantur,
1891 1082 1930 1118 et

108 1128 308 1185 carpente-s
330 1129 461 1174 prata,
483 1124 725 1172 transferunt
747 1128 952 1168 Heliconia
971 1133 1083 1169 mella
1111 1132 1262 1170 soeculis
1280 1129 1485 1170 venturis?
1540 1132 1605 1170 An
1621 1132 1737 1178 facta
1769 1131 1929 1171 virtutis

109 1177 309 1239 muliebris
350 1184 629 1228 occupaverunt
672 1180 881 1228 gloriosius
924 1188 1070 1222 ceteros
1112 1185 1245 1233 poetas
1262 1182 1282 1223 ζ)
1346 1184 1527 1223 Thessala
1550 1185 1691 1234 pudica
1729 1183 1948 1233 Alcestis,·

109 1235 251 1269 manto
284 1243 360 1269 suo
376 1232 560 1281 redemta,
588 1233 764 1271 oneravit
795 1246 835 1272 se
867 1239 990 1274 morte
1026 1236 1232 1286 conjugali,
1269 1240 1307 1275 et
1337 1249 1413 1275 non
1446 1237 1637 1276 recusavit
1669 1237 1791 1276 vitam
1822 1249 1931 1276 suam

108 1282 320 1332 transferri
353 1284 507 1334 conjugi
535 1296 625 1325 suo.
683 1286 816 1325 Groeci
842 1288 1004 1327 laudant
1039 1289 1108 1327 hoc
1144 1287 1317 1328 factum.
1378 1289 1566 1340 Tanaquil
1594 1290 1808 1340 pras-dicens
1825 1285 1935 1341 fata,

882 1415 1175 1431 OOOOOOOOOOOO

110 1497 371 1550 conjiciebat
404 1497 640 1537 Heins.-9
668 1510 759 1549 apes
790 1498 874 1537 duo
906 1499 1025 1538 Med.
1060 1499 1140 1539 inc.
1173 1495 1322 1539 Heins.
1352 1500 1453 1539 Pur.
1485 1499 1650 1538 Thuan.
1688 1500 1839 1538 Petav.
1870 1510 1936 1550 pr.

111 1552 217 1591 Exc.
238 1552 422 1590 Lucens.
441 1563 505 1601 pr.
529 1551 596 1590 cd.
629 1551 771 1590 Parm.
799 1556 1011 1602 pascantur
1030 1553 1126 1590 Vat.
1159 1558 1261 1591 tert.
1284 1554 1436 1591 Petav.
1471 1565 1555 1592 sec.
1588 1564 1676 1591 aves
1697 1553 1851 1591 Movet.
1872 1564 1939 1603 pr.

110 1605 265 1644 Petav.
287 1608 481 1643 secu—1⁰
506 1605 705 1643 Emittunt
723 1605 805 1643 inc.
829 1603 1132 1656 Heins.figaris
1146 1604 1388 1656 profuturis
1403 1605 1561 1644 Moret.
1583 1608 1752 1655 pta—11
1779 1605 1938 1654 Dignus

109 1657 177 1696 ani
198 1659 297 1696 Vat.
333 1669 397 1708 pr.
425 1657 526 1696 haud
556 1661 663 1696 vates
691 1662 776 1697 vet.
798 1657 906 1708 Gyr.
939 1669 990 1695 an
1017 1661 1124 1696 vates
1157 1658 1349 1697 Florent.
1386 1664 1471 1697 tres
1505 1658 1622 1697 Med.
1660 1658 1743 1696 inc.
1781 1657 1935 1698 Heius.
1961 1671 1966 1676 ·

111 1710 212 1750 Put.
231 1711 396 1760 Thuan.
417 1711 580 1749 Bonou.
601 1710 684 1749 duo
705 1711 856 1749 Petav.
878 1709 962 1749 duo
980 1710 1130 1750 Ambr.
1161 1711 1267 1750 Cod.
1288 1711 1433 1762 Epigr.
1456 1710 1603 1750 Ambr.
1634 1712 1736 1749 Exc.
1757 1711 1938 1751 Lucens.

113 1776 179 1815 pr.
203 1763 299 1802 Pat.
318 1775 405 1803 rec.
424 1763 580 1802 Sched.
596 1763 707 1802 Gud.
728 1763 796 1803 ed.
817 1764 959 1803 Parm.
990 1765 1090 1802 alius
1109 1765 1209 1803 Vat.
1244 1776 1311 1814 pr.
1341 1765 1447 1804 Exe.
1476 1765 1571 1803 Pat.
1606 1775 1687 1801 rec.
1723 1763 1820 1801 alias
1840 1763 1949 1811 Vat.x

113 1829 200 1856 sec.
217 1819 317 1855 unde
336 1828 412 1867 pro
430 1829 549 1855 unum
567 1818 676 1855 Exc.
697 1816 796 1855 Pat.
815 1828 903 1856 rec.
925 1828 979 1854 m.
999 1820 1173 1867 piu—12
1201 1821 1371 1856 consorte
1397 1816 1546 1855 Ambr.
1569 1823 1670 1855 tert.
1690 1818 1786 1866 quod
1806 1819 1939 1866 sponte

112 1875 199 1909 tres
215 1870 335 1908 Vatt.
376 1870 472 1907 Pal.
493 1870 615 1908 Rott.
652 1870 793 1908 marito
830 1881 907 1920 pro
944 1871 1113 1908 redemta
1149 1874 1233 1909 vet.
1268 1870 1372 1921 Gyr.
1412 1870 1479 1909 ed.
1512 1869 1763 1908 Parm.—13
1796 1870 1939 1908 Castra

113 1934 193 1973 pro
234 1923 355 1961 Casta
391 1923 550 1961 Moret.
588 1933 656 1971 pr.
692 1923 797 1961 Cara
832 1922 1031 1961 maritalis
1047 1922 1146 1961 Vat.
1180 1935 1242 1972 pr.
1273 1923 1441 1961 succedit
1463 1923 1564 1961 Put.
1601 1922 1708 1960 busto
1743 1934 1819 1970 pro
1846 1920 1938 1967 fato

32 1982 54 1998 ⁴·
112 1974 386 2015 Buslid.—14
413 1975 564 2024 mugire
581 1975 685 2013 vat.
706 1987 791 2014 sec.
815 1976 919 2014 viros
939 1980 984 2014 et
1010 1987 1061 2013 ex
1082 1976 1382 2014 emendatione
1400 1977 1483 2013 viro
1503 1975 1667 2014 Buslid.
1688 1973 1822 2012 abnuit
1837 1974 1940 2012 Vat.

115 2041 180 2079 pr.
197 2029 362 2067 'rhuan.
382 2029 489 2066 Exc.
513 2028 694 2067 Lucens.
716 2040 781 2077 pr.
802 2028 969 2077 abnegat
987 2027 1070 2066 duo
1089 2029 1211 2067 Vatt.
1231 2029 1326 2069 Pal.
1345 2030 1464 2067 Rott.
1484 2027 1618 2066 Oisel.
1641 2028 1826 2065 Florent.
1854 2031 1940 2065 tres

114 2082 234 2121 Med.
255 2081 339 2120 inc.
367 2081 517 2120 Heius.
536 2080 638 2119 Put.
657 2080 741 2119 duo
762 2081 913 2120 Petav.
941 2081 1109 2119 Bonon.
1130 2080 1214 2119 duo
1233 2080 1383 2120 Ambr.
1412 2081 1571 2119 Moret.
1595 2092 1660 2130 pr.
1693 2079 1833 2118 Oxon.
1854 2090 1940 2117 sec.

116 2134 223 2174 Cod.
245 2135 390 2186 Epigr.
411 2133 559 2173 Ambr.
579 2134 746 2173 Buslid.
765 2133 919 2172 Vienn.
939 2134 1047 2172 Exc.
1077 2133 1174 2172 Pat.
1193 2145 1282 2172 rec.
1309 2146 1363 2173 m.
1394 2146 1459 2184 pr.
1482 2132 1631 2172 Sched.
1659 2132 1768 2170 Gud.
1798 2144 1942 2170 annum

114 2189 423 2229 Vat.sec.—15
456 2187 556 2227 Hoec
577 2186 739 2228 Buslid.
759 2187 917 2226 Moret.
948 2198 1013 2238 pr.
1044 2185 1192 2225 Ambr.
1225 2190 1328 2227 tert.
1360 2190 1487 2226 monet
1520 2199 1585 2226 ore
1617 2187 1702 2226 inc.
1737 2185 1943 2225 Heius.—

946 2294 1122 2335 NOTAE

171 2392 198 2428 9
226 2389 316 2428 Piae
346 2389 456 2440 apes]
514 2390 672 2438 Castoe,
714 2400 851 2440 purae,
904 2401 999 2439 quae

117 2451 278 2490 nullam
320 2451 517 2502 cuiquam
563 2451 761 2502 injuriam
795 2449 998 2490 inferunt.

116 2514 244 2553 Unde
279 2526 304 2553 a
341 2513 561 2553 Nicandro
590 2519 799 2554 vocantur
826 2511 1000 2563 εὐαγέες,

116 2580 275 2627 sanctoe,
324 2577 417 2628 pice,
456 2576 549 2615 bene
585 2580 768 2625 agentes:
816 2583 859 2614 et
897 2576 997 2615 hinc

117 2637 232 2679 forte
264 2641 275 2660 ‘
298 2640 491 2679 Deorum
512 2639 743 2690 posteritas
761 2640 837 2678 has
857 2639 998 2690 regnis

120 2703 207 2742 suis
245 2702 443 2753 excepit!
507 2703 796 2744 Quintilianus
833 2702 872 2740 in
913 2700 997 2740 De-

119 2767 245 2807 clam.
303 2767 386 2805 Sed
420 2771 465 2805 et
502 2767 651 2806 melius
686 2767 765 2816 pioe
785 2766 998 2816 dicuntur,

120 2831 218 2882 quia
237 2831 390 2871 Jovem
412 2831 624 2869 aluerunt.
682 2830 770 2868 Per
797 2841 898 2880 apes
930 2840 999 2867 au-

120 2898 207 2933 tem
236 2893 422 2944 optimos
446 2893 591 2943 poetas
612 2892 822 2942 intellige,
843 2891 917 2942 qui
936 2902 1000 2929 se-

118 2955 244 2995 lectis
277 2954 451 2995 floribus
472 2968 578 3006 opus
604 2955 856 2994 admirabile
873 2953 1002 2994 confi-

123 3018 252 3058 ciunt.

190 3082 317 3120 Prata
362 3081 550 3132 legentes]
635 3082 745 3122 Quae
793 3073 1002 3130 colli‘gunt

121 3141 246 3184 flores
283 3150 515 3195 pratorum.
591 3142 734 3194 Apum
771 3141 1000 3181 ‘innoxius

122 3218 200 3258 per
230 3213 354 3258 prata
389 3209 614 3260 sylvasque
635 3206 838 3247 discurrit
856 3205 1004 3245 labor.'

123 3268 447 3312 Idem-Quintil.

178 3336 230 3373 10
260 3334 466 3375 Heliconia
500 3336 630 3386 mella]
679 3335 828 3375 Poe'tae
867 3340 1004 3375 trans-

42 3414 43 3419 *
122 3396 302 3438 mittunt
329 3392 577 3449 posteritati
597 3409 675 3438 sua
694 3396 886 3439 carmina
903 3407 1004 3451 quo-

1067 2389 1128 2428 vis
1150 2389 1276 2428 melle
1292 2388 1495 2427 dulciora.

1120 2455 1167 2491 11
1190 2450 1384 2500 Dignius]
1405 2449 1475 2489 An
1496 2461 1601 2500 opus
1623 2447 1795 2487 virtutis
1810 2446 1943 2486 foemi-

1065 2525 1212 2553 narum
1243 2513 1434 2552 exercuit
1452 2511 1621 2563 dignius
1647 2512 1750 2549 alios
1781 2510 1944 2562 poetas,

1066 2589 1190 2629 quam
1208 2588 1320 2615 nunc
1341 2575 1475 2614 virtus
1490 2575 1662 2613 Serenae
1681 2573 1928 2612 exerceret?

1121 2643 1170 2679 13
1204 2638 1402 2690 Thessala]
1433 2636 1620 2676 Alcestis
1647 2636 1943 2675 Thessalorum

1066 2704 1195 2755 Regis
1229 2702 1339 2742 filia:
1371 2714 1500 2753 supra
1534 2701 1588 2741 de
1622 2700 1693 2740 illa
1725 2700 1857 2740 locuti
1877 2711 1945 2739 su·

1066 2780 1170 2807 muS.
1920 2764 1929 2773 ‘

1120 2835 1171 2871 14
1200 2831 1382 2881 Migrare
1417 2829 1556 2881 annos]
1606 2828 1677 2867 Sic
1714 2826 1957 2875 vovebant‚'

1065 2895 1126 2934 sic
1145 2894 1372 2945 putabant,
1388 2905 1440 2931 ex
1457 2892 1542 2931 suis
1562 2892 1681 2930 annis
1702 2890 1801 2929 addi
1820 2901 1946 2941 posse

1068 2957 1229 3008 aliquid
1247 2956 1300 2995 ad
1323 2956 1450 2995 vitam
1470 2967 1545 2994 seu
1563 2966 1694 2993 annos
1716 2953 1905 2992 aliorum.
1954 2952 1956 2954 ’

1124 3025 1175 3060 16
1205 3019 1411 3070 Tanaquil]
1439 3019 1560 3058 Uxor
1578 3017 1755 3056 fatidica
1771 3015 1948 3068 Tarqui·

1069 3084 1129 3123 nii
1149 3083 1305 3132 Prisci,
1336 3082 1452 3122 dicta
1484 3082 1608 3120 aliter
1637 3079 1736 3119 Gaia
1769 3078 1955 3129 Caecilia,

1068 3147 1339 3198 auguriorum
1402 3142 1671 3195 peritissima.
1754 3140 1946 3180 Servium

1066 3208 1249 3247 Tullium
1268 3211 1544 3257 regnaturum
1566 3216 1670 3252 esse,
1689 3205 1702 3225 ⁴
1724 3203 1811 3242 visa
1828 3201 1946 3240 circa

1011 3288 1013 3291 ·
1069 3268 1375 3322 caputflamma
1387 3267 1614 3319 praedixit.’
1628 3267 1792 3304 Florus.
1811 3264 1945 3302 Immo

1069 3339 1114 3374 et
1130 3333 1203 3373 ubi
1219 3333 1231 3355 ‘
1250 3344 1346 3374 cum
1361 3343 1516 3382 magno
1532 3330 1731 3380 clangore
1747 3322 1955 3366 volitans’-

1069 3395 1207 3450 aquila
1235 3395 1247 3417 ‘
1269 3405 1430 3446 rursus,
1448 3392 1566 3433 velut
1584 3387 1817 3430 ministerio
1838 3385 1943 3428 divi-
