2300 3906
290 176 400 239 762

297 311 464 378 Fregi
489 309 682 378 Alpes,
709 307 991 376 galeisque
1018 303 1236 356 Padum
1260 304 1577 356 victricibus
1603 301 1764 355 hausi
1787 321 1799 354 :

297 394 449 459 Quid
475 400 668 456 restat,
690 393 796 444 nisi
824 391 1025 451 Roma,
1050 389 1224 439 mihi?
1265 387 1415 439 Gens
1440 390 1639 440 robore
1662 391 1850 439 nostra

294 480 451 533 Tunc
479 495 699 547 quoque
724 476 986 545 pollebat,
1015 473 1179 524 nullis
1200 489 1328 523 cum
1353 471 1546 524 fideret
1569 472 1756 524 armis·

295 564 374 617 At
391 580 532 617 nunc
560 562 766 630 Illyrici
793 564 1093 627 postquam
1117 556 1250 608 mihi
1275 555 1474 607 tradita
1489 556 1634 623 jura,

298 648 504 716 Meque
529 663 686 698 suum
712 646 894 697 fecere
921 644 1145 707 ducem3
1184 645 1263 692 tot
1285 640 1413 702 tela,
1442 644 1526 691 tot
1549 655 1726 703 enseS‚

294 732 406 783 Tot
430 732 617 797 galeas
641 731 812 782 multo
837 729 1115 781 Thracum
1135 727 1335 778 sudore
1362 725 1586 793 paravi3

296 815 472 883 Inque
496 832 652 867 meos
677 831 811 867 usus
835 813 1074 879 vectigal
1099 818 1313 863 vertere
1340 810 1467 862 ferri

297 899 527 967 Oppida
549 900 795 965 legitimo
815 898 983 965 jussu
1008 897 1264 948 Romana
1287 892 1476 960 coegi3

298 984 392 1035 Sic
416 1000 502 1034 me
526 984 644 1035 fata
664 983 878 1034 fovent!
916 981 1059 1049 Ipsi,
1085 996 1223 1048 quos
1251 980 1505 1031 omnibus
1531 977 1690 1029 annis

296 1066 628 1129 Vastabam‚
651 1066 855 1118 servire
881 1065 1018 1117 dati.
1095 1063 1368 1117 Nocitura
1392 1066 1661 1130 gementes

846 198 940 237 cl„
980 189 1336 234 GLAUDIANI
1380 188 1579 231 XXVI-⁷

2018 975 2125 1028 540

299 1279 429 1320 aquas
449 1268 621 1307 Eridani
639 1267 786 1307 casside
818 1267 1049 1318 triumphali
1061 1280 1075 1306 .-
1102 1267 1194 1318 quid
1213 1270 1387 1319 superest
1407 1266 1520 1315 mihi,
1539 1266 1618 1306 nisi
1638 1261 1794 1306 Roma?
1851 1263 1976 1303 Natio
1999 1264 2131 1302 nostra

297 1326 390 1362 tunc
409 1323 528 1361 etiam
546 1321 697 1360 valebat
716 1320 878 1370 viribus,
898 1334 983 1360 cum
1001 1321 1120 1359 nullis
1134 1321 1328 1360 niteretur
1346 1321 1468 1359 armis
1486 1319 1777 1359 auxiliaribus,
1813 1317 1893 1357 Sed
1911 1328 2011 1356 nunc
2024 1317 2130 1366 post-

298 1386 459 1426 eaquam
486 1387 660 1414 concessa
676 1378 733 1413 est
751 1375 847 1413 mihi
862 1378 1037 1424 potestas
1059 1374 1225 1425 lllyrhe,
1245 1379 1281 1412 et
1296 1374 1337 1412 hi
1358 1374 1505 1425 populi
1525 1373 1806 1412 constituerunt
1825 1383 1886 1410 me
1905 1371 2104 1409 ductorem
2116 1380 2132 1413 ‚⁰

300 1427 518 1479 comparavi
537 1441 678 1477 magno
696 1427 824 1467 labore
848 1428 1052 1477 Thracum,
1081 1431 1139 1466 tot
1160 1427 1313 1477 jacula,
1346 1431 1404 1465 tot
1433 1427 1605 1476 gladios,
1625 1430 1686 1464 tot
1709 1426 1857 1474 galeas,
1875 1427 1913 1463 et
1931 1422 2039 1471 co'e'gi
2057 1421 2129 1459 im-

301 1484 409 1531 perio
419 1481 527 1529 justo
545 1483 659 1520 urbes
675 1482 873 1520 Romanas
887 1481 1106 1531 impendere
1124 1483 1175 1518 ad
1193 1493 1295 1519 meos
1308 1492 1398 1518 usus
1412 1492 1521 1518 arma
1537 1479 1763 1518 tributaria.
1809 1476 1877 1515 Sic
1885 1476 1980 1524 fata
1988 1475 2130 1521 favent

303 1535 400 1573 mihi
411 1547 426 1580 ;
453 1535 530 1585 ipsi
552 1534 742 1584 Romani,
762 1547 854 1585 quos
877 1533 1095 1584 populabar
1112 1533 1280 1582 singulis
1307 1533 1433 1582 annis,
1459 1532 1549 1583 jam
1566 1531 1736 1571 concessi
1757 1535 1858 1569 sunt
1875 1528 1972 1568 milei
1995 1529 2039 1567 in
2055 1538 2133 1566 ser-

1067 1646 1363 1661 OOOOOOOOOOO

300 1733 472 1773 cucurrit
494 1732 647 1771 Petav.
670 1734 887 1772 see-:533
916 1734 1046 1769 nostro
1064 1730 1166 1771 Jun.
1187 1741 1254 1781 pr.
1275 1729 1416 1770 Oxon.
1436 1734 1657 1771 sem—534
1689 1730 1786 1769 Tum
1805 1728 1927 1769 Leid.
1949 1740 2015 1780 pr.
2036 1740 2134 1768 cum

302 1787 394 1826 aliis
414 1786 673 1837 quindecim,
694 1791 739 1825 et
759 1786 864 1824 Exc.
886 1785 1069 1824 Lucens.
1096 1795 1159 1834 pr.
1189 1784 1359 1834 pallebat
1387 1784 1549 1823 Moret.
1583 1796 1648 1836 pr.
1670 1784 1770 1823 Var.
1790 1784 1875 1823 LL.
1912 1782 1979 1823 ed.
2001 1782 2134 1822 Antv.

301 1853 358 1879 m.
378 1852 442 1892 pr.
462 1852 575 1891 quum
593 1839 711 1879 nullis
728 1839 896 1878 Tholos.
917 1839 1060 1877 nostris
1087 1837 1191 1878 Jun.
1211 1848 1276 1888 pr.
1304 1836 1446 1878 Oxon.
1468 1850 1553 1877 sec.
1587 1838 1688 1877 Pat.
1708 1836 1915 1890 confideret
1933 1836 2029 1876 Pal.
2050 1835 2134 1875 duo

303 1893 424 1934 Med.
442 1894 546 1933 Put.
567 1894 862 1932 Mamm—535
891 1892 949 1931 At
981 1904 1056 1930 non
1085 1891 1243 1931 Moret.
1276 1903 1343 1942 pr.
1364 1891 1504 1931 [turici
1534 1892 1642 1931 Exc.
1679 1892 1805 1931 Laeti.
1835 1902 1927 1929 cura
1945 1889 2047 1930 Jun.
2068 1901 2134 1940 pr.

303 1959 426 1997 regna
445 1947 563 1986 Med.
584 1946 772 1994 sec.jura
792 1946 858 1984 vel
874 1958 968 1984 cura
987 1947 1138 1984 Petav.
1162 1956 1228 1995 pr.
1244 1956 1339 1989 rura
1356 1945 1604 1997 conjecerat
1626 1945 1916 1984 Heins.—-536
1934 1947 1991 1981 tot
2009 1943 2138 1983 hostes

303 2001 538 2040 Pan—53⁷
566 2000 706 2050 paravi
727 2007 908 2051 quatuor
922 1999 1042 2038 Vatt.
1062 1999 1184 2037 Fam.
1207 1998 1342 2040 Oisel.
1359 1999 1497 2050 parari
1517 1999 1612 2038 Pal.
1630 1999 1749 2038 Med.
1769 1999 1971 2050 pr.—538
1999 1998 2140 2037 ducere

306 2065 384 2104 pro
404 2057 553 2092 vertere
574 2053 722 2093 Ambr.
744 2065 806 2103 pr.
823 2052 981 2092 Sched.
1010 2051 1123 2091 Gud.
1144 2050 1248 2099 faem‘
1267 2052 1367 2090 Vat.
1386 2065 1450 2102 pr.
1472 2051 1558 2100 feci
1581 2053 1681 2091 Lov.
1700 2065 1756 2091 m.
1776 2063 1862 2091 sec.
1891 2051 1998 2090 Exc.
2020 2049 2136 2088 Laeti

306 2119 365 2145 m.
383 2109 604 2145 sem—540
636 2108 749 2151 Quod
769 2118 846 2157 pro
868 2105 938 2144 Sic
955 2104 1106 2144 Ambr.
1128 2116 1193 2155 pr.
1224 2103 1271 2142 Si
1290 2105 1410 2144 Leid.
1431 2117 1496 2156 pr.
1530 2106 1670 2145 Oxou.
1690 2117 1755 2156 pr.
1788 2104 1906 2144 Med.
1927 2116 2014 2143 sec.
2036 2103 2137 2142 Put.

307 2160 419 2210 Reg.
439 2159 523 2198 duo
543 2160 698 2200 Petav.
721 2160 883 2198 Bonon.
902 2159 1075 2197 Tholos.
1105 2158 1210 2196 Lov.
1231 2156 1330 2197 Ald.
1350 2158 1453 2196 Var.
1484 2159 1570 2197 LL.
1600 2171 1625 2197 e
1653 2170 1785 2209 marg.
1809 2159 1951 2197 Parm.
1979 2156 2049 2195 Sic
2068 2156 2137 2195 vel

308 2212 357 2252 Si
375 2213 529 2253 Petav.
550 2218 648 2252 tert.
670 2214 775 2252 Exc.
797 2212 920 2252 Laeti.
957 2215 1109 2251 movent
1123 2210 1273 2250 Ambr.
1293 2223 1360 2262 pr.
1379 2211 1486 2250 arvis
1504 2223 1583 2263 pro
1601 2211 1715 2251 annis
1732 2210 1982 2262 conjecerat
2000 2209 2138 2249 Hein-

1133 2349 1315 2392 NOTAE

363 2455 443 2491 532
462 2449 615 2500 Hau-si]
644 2449 812 2502 Aquam
833 2450 877 2491 in
894 2450 1013 2502 galea
1034 2448 1196 2500 bibere,

306 2517 501 2557 militaris
522 2521 587 2555 est
616 2514 875 2556 ferocitatis.
933 2515 1004 2554 Sic
1032 2514 1194 2554 Caesari

307 2586 458 2633 potum
478 2580 521 2619 in
540 2581 665 2630 galea
679 2579 802 2619 miles
823 2577 935 2618 tulit.

362 2642 441 2682 534
472 2643 606 2682 Nullis
637 2655 724 2682 cum
743 2642 894 2695 fideret
919 2641 1057 2694 armis]
1084 2642 1192 2682 Cum

307 2706 434 2745 nullis
451 2705 610 2745 fideret
630 2705 753 2745 armis
773 2705 992 2756 copiarum
1020 2705 1195 2745 auxilia-

303 2768 430 2808 rium.

364 2835 442 2870 535
480 2831 652 2884 Illyrici]
698 2831 849 2871 Primo
879 2832 1076 2871 Alaricus
1106 2832 1194 2872 Ho-

310 2894 475 2934 norinm
511 2895 737 2946 adiuvenit
765 2903 918 2934 contra
938 2893 1191 2935 Arcadium:

311 2957 409 2996 ideo
443 2958 527 3009 ipsi
560 2957 663 2998 data
697 2964 765 2998 est
797 2956 959 3010 Illyria,
988 2971 1112 3011 quam
1142 2958 1194 2998 ab

312 3019 496 3072 imperio
527 3020 721 3060 Orientis
740 3021 792 3060 ad
816 3027 961 3070 partes
983 3022 1197 3062 Occiden-

312 3080 422 3122 tales
444 3083 698 3122 traduxerat
717 3083 901 3123 consiliis
931 3085 1195 3134 stilichonis,

311 3147 509 3200 quicum
552 3145 726 3186 Alarico
764 3159 912 3198 pacem
954 3147 1198 3188 faciendam

313 3221 406 3250 esse
434 3208 659 3258 suadebat,
688 3209 814 3248 immo
843 3216 889 3249 et
915 3209 1100 3251 dandum
1126 3223 1198 3251 au-

316 3284 431 3312 rum:
473 3277 520 3311 at
554 3271 827 3322 Lampadius‚
868 3272 880 3293 ‘
900 3284 984 3311 non
1017 3280 1084 3312 est
1113 3274 1198 3313 ista

314 3334 429 3388 pax,'
450 3334 605 3387 inquit,
635 3335 646 3355 ‘
668 3333 743 3374 sed
773 3335 916 3385 pactio
948 3335 1197 3375 servitutis!

314 3398 361 3439 Si
389 3404 530 3438 tamen
557 3397 772 3438 Honorius
800 3397 1027 3437 Stilichoni
1054 3398 1196 3450 potius

1262 2449 1530 2500 credidisset,
1564 2464 1688 2503 quam
1709 2452 1912 2492 nebuloni
1934 2451 2139 2504 Olympio

1263 2517 1307 2551 et
1336 2512 1429 2552 aliis
1456 2513 1627 2564 invidis,
1655 2513 1799 2554 forsan
1837 2516 1973 2555 Roma
2010 2521 2142 2568 capta

1262 2578 1346 2617 nen
1382 2575 1551 2627 fuisset,
1582 2590 1723 2631 neque
1757 2577 1906 2619 Africa
1941 2579 2141 2631 spoliata,

1261 2652 1401 2692 neque
1436 2640 1656 2682 Occidens
1688 2649 1756 2683 tot
1787 2642 1976 2684 cladibus
2007 2655 2140 2683 exun-

1260 2703 1419 2745 dasset.

1315 2772 1395 2808 538
1441 2769 1639 2820 Vectigal]
1668 2769 1803 2821 Coegi
1828 2769 2143 2823 ‘urbesRoma-

1259 2844 1335 2871 nas
1365 2832 1468 2871 dare
1496 2832 1673 2885 ferrum,
1699 2834 1778 2873 hoc
1798 2838 1879 2884 est,
1902 2823 2058 2890 milites
2078 2843 2142 2871 ar·

1261 2901 1410 2945 matos,
1429 2898 1549 2936 velut
1563 2897 1606 2936 in
1627 2897 1822 2956 speciein·
1833 2882 1964 2966 veris⁴
1978 2887 2071 2953 dlis.

1316 2962 1392 2998 541
1413 2959 1569 3000 Servire
1583 2959 1688 3010 dati]
1714 2959 1814 2999 Jam
1832 2969 1910 3013 spe
1926 2908 2140 3021 {grimmo

1261 3022 1503 3062 victoriam:
1527 3022 1620 3074 jam
1648 3021 1751 3060 mihi
1769 3033 1795 3059 a
1820 3006 2026 3062 Dii's‘dii't'i
2045 3032 2140 3061 esse

1264 3083 1464 3124 videntur
1482 3084 1524 3122 in
1546 3084 1798 3123 servitutem
1819 3074 2017 3123 Romani.

1319 3146 1543 3199 Gementee]
1584 3146 1691 3186 Cum
1720 3145 1857 3187 forem
1889 3147 2071 3188 Honorii
2098 3159 2142 3188 a·

1261 3210 1410 3259 micus,
1452 3209 1545 3262 ejus
1587 3209 1733 3262 populi
1771 3210 1914 3250 tristes
1942 3224 1991 3251 ac
2019 3212 2144 3251 velut

1263 3273 1373 3311 mala
1401 3272 1480 3312 sibi
1506 3286 1531 3312 a
1549 3286 1617 3313 me
1636 3273 1856 3313 inferenda
1885 3274 2142 3327 praesagien-

1264 3340 1344 3386 tes,
1370 3336 1531 3378 dabant
1559 3337 1663 3378 mihi
1695 3338 1799 3389 tela,
1826 3338 1908 3378 sibi
1930 3337 2141 3392 quondam

1262 3398 1471 3439 nocitura.
2131 3403 2133 3406 ’
