2300 3906
390 234 497 288 526
973 244 1066 282 cr..
1106 237 1458 280 omum-Am
1499 237 1618 277 xx.

391 365 458 419 In
481 365 677 427 lucem,
706 363 893 416 foetere
918 376 1083 423 mem,
1108 358 1416 425 dispergere
1441 356 1698 423 plausum
2145 352 2216 405 85

391 449 646 502 Emturas
669 450 723 500 in
748 447 942 513 vulgus
968 458 1127 510 opeS,
1155 445 1416 507 totosque
1443 440 1670 492 theatris

392 533 677 600 Indulgere
703 532 841 594 dies,
868 529 1029 582 alieni
1057 526 1320 595 prodigus
1349 526 1484 576 auri.

465 616 542 670 At
566 634 739 679 soror,
763 621 835 678 et,
863 616 912 666 si
938 614 1070 683 quid
1095 611 1360 680 portentis
1387 608 1636 672 creditur,
1659 622 1823 670 uxor,

395 705 679 757 Mulcebat
704 707 906 755 matres
932 702 1130 770 epulis,
1157 703 1209 750 et
1233 714 1385 750 more
1410 696 1630 764 pudicae

394 787 660 858 Conjugis
687 787 922 839 eunuchi
949 786 1261 839 celebrabat
1283 788 1416 835 vota
1440 782 1637 833 mariti.
2149 777 2221 830 90

394 872 558 925 Hanc
586 877 751 935 amat,
777 871 921 924 hanc
947 886 1161 924 summa
1184 870 1253 921 de
1279 885 1355 932 re,
1381 868 1471 923 vel
1497 883 1639 935 pace
1665 866 1754 918 vel
1779 863 1968 926 armiS,

394 955 673 1021 Consulit3
699 957 831 1007 huic
859 971 1018 1007 curas
1044 959 1097 1006 et
1122 955 1315 1006 clausa
1339 953 1550 1020 palatia
1573 949 1815 1012 mandat,

394 1040 513 1093 Ceu
541 1040 835 1091 stabulum'
850 1054 1195 1106 vacuamque
1221 1037 1462 1088 domum.
1537 1034 1632 1086 Sic
1659 1049 1858 1100 magna
1880 1032 2017 1086 tueri

394 1124 591 1191 Regna
616 1124 791 1176 nihil?
831 1123 1172 1191 patiensque.
1177 1121 1300 1189 jugi
1326 1119 1599 1171 deluditur
1624 1118 1817 1170 orbis?

465 1207 656 1261 Mitior
683 1210 950 1261 alternum
977 1207 1219 1276 Zephyri
1235 1207 1353 1276 jam
1375 1206 1571 1257 bruma
1595 1207 1839 1272 teporem
2151 1203 2223 1255 95

395 1293 671 1355 Senserat,
699 1296 752 1344 et
775 1292 935 1361 primi
962 1293 1230 1343 laxabant
1254 1291 1494 1357 germina
1517 1289 1700 1341 flores,
2251 1292 2260 1296 “

392 1453 490 1491 male
510 1451 609 1491 olere
628 1453 729 1498 vino,
746 1463 929 1502 spargere
947 1451 988 1490 in
1008 1451 1188 1501 populum
1207 1448 1385 1499 divitias,
1403 1452 1573 1488 emturas
1583 1446 1764 1497 favorem
1793 1447 2059 1499 popularem,
2085 1451 2123 1486 et
2137 1459 2227 1497 pro-

385 1505 557 1554 fundens
572 1518 661 1555 opes
675 1506 836 1551 alienae,
858 1505 966 1544 solet
985 1516 1119 1543 vacare
1140 1503 1306 1543 theatris
1326 1515 1403 1555 per
1427 1503 1511 1542 dies
1530 1506 1645 1541 totos.
1702 1501 1780 1541 Sed
1793 1514 1916 1551 soror,
1931 1506 1969 1541 et
1981 1502 2018 1541 si
2036 1514 2111 1552 qua
2119 1500 2227 1553 fides

393 1559 640 1598 adhiberetur
652 1558 849 1609 monstris,
869 1558 1019 1597 eadem
1039 1557 1181 1607 conjux
1198 1556 1412 1608 Eutropii,
1426 1556 1637 1595 deliniebat
1651 1560 1796 1595 matres
1812 1555 2013 1605 conviviis,
2044 1559 2083 1594 et
2103 1555 2230 1594 instar

395 1613 531 1652 uxoris
555 1617 671 1651 castoe
695 1612 905 1663 peragebat
924 1613 1106 1650 honores
1140 1610 1289 1650 votivos
1306 1610 1470 1650 eunuchi
1485 1609 1673 1659 conjugis.
1730 1609 1883 1657 Diligit
1903 1609 2016 1659 hanc,
2035 1608 2230 1649 consultat

393 1665 492 1704 hanc
524 1667 571 1704 de
602 1666 770 1714 negotiis
802 1665 969 1714 magnis,
1007 1666 1067 1703 vel
1099 1665 1143 1703 in
1161 1677 1270 1714 pace,
1288 1665 1346 1703 vel
1366 1664 1406 1702 in
1424 1663 1521 1702 bello
1540 1675 1555 1709 ;
1575 1662 1787 1701 committit
1806 1662 1896 1701 huic
1913 1675 2028 1701 curas
2058 1674 2171 1709 suaS,
2189 1666 2229 1700 et

393 1718 564 1768 Regiam
577 1720 761 1766 clausam,
779 1720 881 1757 sicut
893 1718 1098 1768 praesepia,
1117 1722 1157 1756 et
1170 1717 1315 1756 Aulam
1330 1717 1498 1755 inanem.
1554 1716 1669 1755 Itane
1683 1715 1784 1754 nihil
1798 1721 1865 1754 est
1878 1728 2014 1765 regere
2032 1713 2231 1766 imperia?

393 1771 508 1813 Itane
525 1773 690 1811 mundus
715 1773 884 1810 tolerans
901 1770 1101 1810 servitutis
1118 1770 1300 1810 illuditur
1318 1767 1338 1810 ,⁹
1365 1771 1460 1808 Jam
1479 1769 1610 1820 hyems
1640 1768 1763 1808 lenior
1782 1773 1945 1820 experta
1964 1772 2048 1809 erat
2063 1770 2230 1809 calorem

1162 1875 1461 1891 “O“‘OOOOOO

393 1944 514 1984 Med.
549 1945 713 1983 Thuan.
749 1943 916 1985 Mazar.
952 1943 1101 1983 Ambr.
1137 1956 1223 1983 sec.
1260 1944 1422 1982 Mox-et.
1459 1955 1547 1982 sec.
1593 1955 1677 1993 quoe
1707 1944 1772 1982 vel
1792 1956 1884 1994 quos
1902 1943 2016 1984 Pri-c.
2039 1944 2230 1983 Florent.

395 1998 568 2037 tumidus
581 1999 664 2036 leno
681 1997 840 2036 Moret.
859 2009 922 2047 pr.
940 1997 1038 2036 Ald.
1085 1998 1169 2036 leno
1187 1997 1362 2036 tumidus
1390 1996 1499 2047 Reg.
1544 2009 1691 2042 cernas.
1707 2008 1804 2036 cum
1820 1996 1954 2050 τελείᾳ
1970 1999 2118 2049 στιγμῇ
2137 1997 2232 2036 Μο-

396 2057 476 2090 ret.
497 2062 560 2101 pr.
583 2050 784 2089 Heinsius
804 2050 1079 2100 ascripserat,
1110 2049 1170 2089 sic
1203 2052 1215 2072 ‘
1233 2051 1276 2088 in
1297 2051 1437 2089 lucem
1461 2048 1625 2100 potare’
1646 2050 1813 2090 Histor.
1837 2050 1947 2102 Aug.
1970 2064 2010 2102 p.
2032 2054 2097 2090 46.
2114 2051 2139 2090 1.
2157 2061 2229 2091 XL.

400 2109 446 2144 et
460 2104 472 2125 ‘
490 2103 657 2143 trahere
671 2115 832 2142 coenam
849 2103 892 2141 in
909 2103 1092 2142 noctem’
1117 2116 1161 2155 p.
1177 2107 1242 2143 36.
1262 2104 1292 2142 l.
1306 2107 1575 2143 xxxix—85
1586 2102 1720 2151 secere
1731 2104 1834 2143 Var.
1851 2105 1935 2144 LL.
1954 2104 2082 2144 Antv.
2095 2117 2149 2143 m.
2164 2115 2230 2155 pr.

392 2159 611 2208 plaustrum
630 2156 749 2197 Leid.
784 2168 849 2205 pr.
872 2169 924 2197 m.
946 2169 1008 2207 pr.
1028 2157 1055 2197 J
1063 2170 1130 2199 un.
1148 2169 1211 2208 pr.
1229 2158 1373 2197 Oxou.
1394 2168 1477 2196 sec.
1498 2157 1617 2196 Rott.
1639 2157 1771 2197 Oisel.
1802 2170 1859 2197 m.
1881 2170 1968 2198 sec.
1989 2157 2114 2197 Med.-
2124 2162 2229 2197 tert.

397 2211 501 2250 Put.
523 2222 579 2248 m.
597 2222 658 2260 pr.
679 2209 762 2249 duo
776 2210 929 2250 Petav.
949 2211 1116 2251 Bonon.
1138 2211 1237 2250 Pat.
1256 2223 1313 2249 m.
1335 2222 1398 2260 pr.
1419 2210 1521 2250 Lov.
1542 2222 1596 2250 m.
1617 2223 1681 2261 pr.
1703 2217 1749 2250 et
1769 2211 2039 2251 emendatum
2053 2213 2231 2262 plapsum

397 2265 506 2303 Exc.
524 2263 703 2304 Gevart.
733 2265 872 2314 plausu
893 2263 1046 2303 Petav.
1063 2276 1130 2316 pr.
1149 2263 1298 2304 Ambr.
1313 2275 1399 2303 sec.
1420 2263 1488 2303 ed.
1507 2264 1651 2303 Vicet.
1674 2266 1773 2304 Var.
1792 2266 1877 2305 LL.
1899 2277 1922 2304 e
1938 2277 2067 2316 marg.
2084 2265 2231 2304 Parm.

391 2318 574 2368 plausum
605 2318 673 2355 vel
701 2319 917 2367 plaustrum
950 2318 1165 2368 Reg.—-86
1198 2317 1329 2356 lturas
1363 2318 1464 2357 Vat.
1502 2322 1602 2356 tert.
1661 2318 1827 2370 totisque
1873 2319 2027 2358 Petav.
2075 2324 2226 2358 tert.—

397 2373 449 2410 88
476 2371 650 2420 portenti
678 2370 830 2409 Petav.
867 2382 951 2410 sec.
995 2371 1167 2420 portenti
1198 2371 1264 2409 vel
1294 2370 1489 2422 portentis
1519 2371 1735 2422 Reg.—89
1766 2372 1990 2412 Mulcebant
2009 2373 2110 2412 Vat.
2131 2377 2231 2411 tert.

396 2424 515 2463 coenis
529 2423 555 2464 J
562 2435 630 2463 un.
647 2435 711 2473 pr.
758 2424 898 2462 matris
915 2425 1045 2475 epulas
1061 2424 1207 2464 Oxou.
1226 2436 1312 2464 sec.
1356 2428 1394 2463 et
1409 2424 1453 2463 in
1472 2436 1537 2463 ore
1555 2425 1658 2464 Lov.
1680 2438 1732 2465 m.
1753 2429 1923 2477 pr.—91
1954 2429 2002 2466 de
2020 2437 2063 2464 re
2080 2436 2230 2464 summa

397 2477 495 2517 Jun.
513 2479 684 2527 pr.—92
712 2477 795 2514 hoec
825 2489 938 2515 curas
969 2478 1068 2517 Put.
1093 2491 1146 2518 m.
1169 2490 1231 2528 pr.
1277 2490 1392 2516 curas
1410 2477 1477 2516 vel
1497 2490 1606 2517 ceras
1622 2479 1724 2518 Vat.
1742 2491 1808 2530 pr.
1858 2491 1971 2519 curas
1991 2480 2056 2518 vel
2078 2489 2234 2518 mussas

397 2529 518 2568 Med.
539 2541 623 2569 see.
661 2529 767 2568 clusa
785 2530 890 2569 Exc.
911 2531 1138 2570 Laeti.—93
1170 2532 1399 2581 viduamque
1429 2531 1513 2570 duo
1530 2532 1648 2571 Vatt.
1683 2533 1799 2572 Prie.
1831 2533 1985 2572 Petav.
2021 2545 2086 2582 pr.
2125 2533 2231 2572 Exc.

397 2583 497 2622 Pat.
516 2594 603 2621 ree.
648 2595 878 2633 vacuamque
912 2585 978 2622 vel
1013 2585 1243 2635 viduamque
1263 2585 1370 2633 Reg.
1392 2584 1533 2624 Oxou.
1562 2588 1736 2636 p1·.-94
1756 2586 1833 2625 niti
1854 2598 1931 2635 pro
1951 2586 2050 2625 nihil
2069 2585 2137 2625 ed.
2158 2586 2235 2624 Vi-

399 2641 484 2674 cet.
530 2635 632 2673 nihil
648 2636 716 2674 vel
728 2639 841 2685 putat
861 2637 965 2675 Exc.
987 2637 1217 2677 Laeti.—95
1247 2637 1440 2688 Zephyris
1456 2638 1557 2678 vat.
1577 2650 1664 2678 see.
1693 2639 1787 2677 Pal.
1822 2639 1940 2679 Med.
1974 2651 2038 2690 pr.
2071 2639 2233 2678 Mazar.

400 2689 614 2729 Low-96
638 2687 818 2737 germina
848 2689 946 2727 vat.
975 2701 1038 2740 pr.
1070 2689 1155 2730 inc.
1183 2690 1336 2730 Heius.
1365 2692 1472 2730 Exc.
1502 2691 1615 2730 Laeti
1651 2697 1698 2730 et
1724 2692 1907 2733 Lucens.
1941 2705 2005 2743 pr.
2048 2691 2234 2742 gramina

1228 2785 1270 2826 N
1276 2785 1410 2825 0⁷1·AE

400 2879 615 2932 Byzantii,
635 2879 749 2932 quod
770 2885 869 2920 ante
890 2880 1014 2930 Ligos
1033 2880 1282 2920 vocabatur.
1349 2891 1438 2919 rem
1457 2880 1649 2918 Deorum
1671 2891 1724 2918 ex
1744 2886 1845 2920 voto
1869 2881 2071 2932 peractis.

401 2941 711 2981 Constantinus
725 2942 970 2993 Imperator
982 2942 1127 2982 sedem
1141 2942 1286 2994 posuit
1403 2945 1456 2981 93
1489 2944 1570 2982 Ceu
1614 2943 1823 2994 stabulum]
1891 2946 1977 2984 Pro
2019 2944 2206 2986 dedecus
2223 2947 2232 2986 Ξ

399 3003 616 3055 Byzantii,
635 3009 681 3043 et
701 3017 776 3044 suo
796 3005 965 3045 nomine
991 3006 1288 3046 Constantino·
1351 3005 1595 3047 Committit
1631 3006 1788 3065 Aulam
1822 3010 1956 3059 uxori,
1985 3010 2104 3061 quasi
2124 3022 2236 3051 eom-

403 3067 521 3119 polin
540 3069 787 3119 appellavit.
1351 3069 1545 3109 mitteret
1565 3082 1709 3109 curam
1731 3071 1904 3123 stabuli,
1921 3078 1995 3112 aut
2010 3073 2176 3123 domus,
2190 3074 2235 3113 in

454 3134 507 3171 85
537 3132 690 3172 Foetere
733 3146 852 3183 mero,
890 3133 977 3184 &tt-l
1030 3134 1279 3174 Martialis:
1353 3145 1436 3183 qna
1472 3145 1597 3172 nemo
1629 3133 1835 3184 degeret:
1894 3137 1964 3175 vel
2002 3135 2237 3176 committit

400 3195 413 3216 ‘
434 3193 662 3234 Nocturno
700 3194 853 3234 foetere
886 3208 1003 3235 mero
1031 3196 1102 3247 qui
1137 3197 1278 3237 credit
1351 3197 1515 3247 palatia
1553 3207 1627 3235 seu
1665 3197 1909 3247 magnificas
1943 3211 2040 3238 suas
2072 3198 2237 3250 domos,

402 3254 626 3307 Acerram,
643 3258 850 3307 Fallitur;
877 3258 920 3297 in
948 3259 1088 3299 lucem
1116 3272 1285 3313 semper
1352 3271 1446 3310 quae
1467 3271 1613 3299 vacuae
1635 3267 1735 3300 sunt
1753 3260 1852 3301 filiis
1884 3274 1958 3302 seu
1978 3261 2233 3302 haeredibus.

402 3318 569 3360 Acerra
589 3321 728 3360 bibit!
1404 3325 1455 3360 95
1497 3321 1722 3374 Alternum]
1787 3325 1997 3375 Teporem
2046 3324 2234 3377 Zephyri

456 3385 510 3421 89
539 3382 712 3433 Matres]
751 3382 961 3423 Foeminas
1000 3384 1187 3424 illustres
1213 3385 1286 3424 de·
1351 3384 1608 3425 redeuntem
1626 3386 1804 3426 alternis
1826 3386 2002 3429 vicibus.

403 3443 620 3486 mulcebat
634 3446 773 3497 epulis
790 3459 815 3486 a
832 3446 985 3487 marito
1005 3460 1081 3488 sno
1096 3449 1140 3488 in
1157 3448 1285 3488 hono-
