2300 3906
644 229 884 271 RAPTUS
925 203 1216 277 Pnosifflr’.
1262 241 1379 280 [AB.
1420 245 1485 283 11.

1849 237 1959 290 9823

163 338 373 393 Navita
396 359 501 394 non
525 346 749 398 moritur
769 348 960 414 fluctu,
981 368 1088 405 non
1112 357 1340 424 cuspide
1365 360 1539 425 mike,

163 422 392 492 Oppida
416 426 622 479 funerei
647 430 854 496 pollent
876 433 1132 493 immunia
1154 439 1250 491 leti
1273 459 1286 493 ε

163 505 561 578 Impexamque
587 526 755 564 senex
780 514 990 568 velavit
1013 521 1273 574 arundine
1297 524 1526 579 frontem

162 590 421 656 Portitor,
448 600 503 646 et
524 611 731 648 vacuos
757 599 870 665 egit
894 615 1019 651 cum
1044 607 1278 658 carmine
1301 624 1496 662 remos.
1855 612 1961 666 360

233 676 270 728 J
275 692 364 728 am
389 693 519 729 suus
543 679 752 732 inferno
774 690 1116 749 processerat
1139 686 1423 756 Hesperus
1447 694 1578 746 orbi.

163 759 396 813 Ducitur
419 763 475 813 in
497 763 793 816 thalamum
817 768 990 834 virgo.
1063 769 1190 823 Stat
1214 776 1465 839 pronuba
1479 776 1645 843 juxta

165 845 458 898 Stellantes
484 846 622 898 Nox
646 849 797 916 picta
818 851 990 915 sinuS,
1014 857 1351 923 tangensque
1377 859 1558 911 cubile

167 927 368 981 Omina
392 935 660 998 perpetuo
688 934 946 999 genitalia
973 936 1180 990 foedere
1208 941 1405 995 sancit.

165 1106 309 1142 vtutres
325 1103 513 1166 deflevere
534 1116 691 1155 pyram.
748 1105 886 1147 Naut·
901 1120 976 1147 non
997 1110 1103 1160 perit
1120 1112 1243 1161 aquis,
1258 1111 1366 1151 miles
1392 1124 1468 1152 aon
1485 1124 1595 1160 eme;
1621 1113 1887 1167 urbesfloem
1903 1126 1972 1155 ex·

160 1159 291 1207 per-tes
308 1162 444 1196 mom-3
464 1157 653 1208 funestae,
681 1162 718 1198 et
752 1159 919 1200 Charon
936 1173 1051 1202 senex
1068 1167 1197 1202 vector
1216 1163 1459 1205 umbrarum
1479 1168 1604 1206 cinxit
1626 1179 1749 1208 canna
1764 1172 1878 1219 caput
1895 1167 1974 1207 kir-

164 1213 311 1261 mum,
341 1214 456 1262 atque
482 1211 618 1251 habuit
635 1212 774 1251 otiosos
800 1226 924 1253 rennos
949 1227 1034 1254 cum
1051 1220 1183 1257 cantu.
1237 1217 1332 1256 Jam
1349 1230 1480 1270 vesper
1497 1231 1589 1259 auus
1604 1220 1810 1272 apparebat
1836 1222 1975 1260 mando

164 1261 385 1309 Inferorum
397 1278 411 1304 .·
447 1265 575 1316 puella
594 1266 854 1317 Proserpina
870 1269 1094 1308 conducitur
1123 1269 1168 1308 in
1198 1269 1411 1310 cubiculum
1443 1272 1629 1323 nuptiale.
1685 1273 1778 1312 Nox
1804 1273 1977 1324 pronuba

169 1317 274 1354 astat
291 1328 424 1366 prope,
443 1317 603 1357 habens
622 1323 746 1358 testes
769 1324 925 1360 ornatas
943 1321 1078 1372 stellis,
1108 1335 1152 1361 ac
1170 1323 1395 1372 contingens
1421 1325 1558 1364 lectum
1573 1325 1772 1378 confirmat
1783 1326 1979 1376 presagia

933 1443 956 1457 O
961 1444 981 1457 Ι
985 1443 1080 1458 ‘OOC
1084 1444 1104 1458 O
1110 1443 1128 1458 O
1132 1443 1230 1459 0000

164 1528 384 1580 nullumque
416 1528 519 1568 Vat.
549 1540 636 1568 sec.
680 1528 868 1581 nullisque
900 1530 1007 1568 Exc.
1038 1528 1194 1570 Petam
1227 1535 1365 1583 quart.
1402 1535 1582 1582 parentes
1597 1533 1664 1571 vel
1694 1545 1840 1573 sorores
1870 1533 1980 1586 Reg.

167 1582 311 1622 Oxou.
333 1585 532 1632 pr.-—357
573 1594 642 1622 nec
659 1583 827 1622 moritur
856 1582 1004 1622 Ambr.
1035 1588 1137 1623 tert.
1178 1595 1247 1622 nec
1275 1584 1432 1635 cuspide
1458 1586 1618 1626 Tholos.
1647 1584 1794 1626 Ambr.
1823 1591 1981 1627 tert.—

167 1638 248 1675 358
286 1636 433 1686 pallent
455 1636 556 1677 Jun.
578 1648 642 1688 pr.
681 1637 857 1686 gaudent
877 1637 976 1676 Vat.
999 1636 1136 1688 quint.
1183 1636 1356 1677 inmania
1372 1639 1545 1688 Vat.-pr.
1565 1638 1668 1678 Cod.
1692 1639 1983 1679 Barthoiin.—

168 1691 249 1728 359
291 1688 566 1744 Impexamque
583 1717 616 1729 ..
634 1719 644 1730 .
651 1688 826 1738 frontem
859 1689 958 1729 Vat.
993 1701 1081 1729 sec.
1117 1693 1162 1729 et
1182 1691 1221 1729 d.
1253 1692 1441 1731 Florent.
1471 1691 1554 1731 duo
1574 1691 1692 1731 Med.
1725 1692 1808 1732 duo
1830 1692 1979 1733 Heius.

168 1741 323 1782 Petav.
343 1754 429 1782 sec.
447 1743 617 1783 Bonon.
645 1743 811 1787 Tholos.
845 1741 997 1784 Ambr.
1030 1748 1131 1784 tert.
1153 1743 1312 1784 Moret.
1335 1757 1397 1796 pr.
1418 1744 1501 1784 duo
1518 1745 1616 1786 Jun.
1636 1745 1775 1784 Oxon.
1793 1757 1876 1785 sec.
1896 1745 1981 1787 duo

167 1796 292 1836 Voss.
326 1796 430 1835 Exc.
453 1796 608 1836 Petav.
638 1802 780 1849 quart.
803 1796 908 1836 Var.
931 1797 1016 1835 LL.
1052 1809 1076 1836 e
1095 1809 1227 1848 marg.
1264 1798 1408 1837 Parm.
1450 1799 1733 1850 Implexamque
1749 1826 1780 1838 ..
1796 1797 1986 1846 ,frontem

171 1849 278 1900 Reg.
300 1850 450 1889 Petav.
471 1862 536 1900 pr.
558 1850 701 1890 Oxon.
726 1861 811 1890 sec.
842 1850 1134 1902 Implexamque
1152 1880 1160 1890 .
1176 1878 1205 1889 ..
1220 1850 1361 1890 crinem
1381 1852 1480 1892 Put.
1519 1852 1779 1903 Implexosque
1858 1852 1983 1891 crines

171 1902 275 1942 Vat.
297 1915 361 1952 pr.
383 1903 489 1943 (lod.
510 1903 751 1943 Bartholin.
772 1904 875 1943 Vat.
895 1903 1031 1943 Livin.
1062 1904 1347 1996 Implexamgue
1361 1905 1460 1944 Vat.
1474 1910 1573 1944 tert.
1588 1904 1821 1944 Alth-360
1848 1916 1985 1943 vacuos

168 1957 278 1995 vexit
291 1957 417 1995 Voss.
433 1960 630 2008 piu-361
648 1961 900 2008 praecesserat
912 1957 940 1998 J
943 1969 1013 1996 un.
1028 1956 1257 1997 dum—362
1303 1958 1452 1997 tenatos
1465 1958 1490 1999 J
1495 1970 1564 1997 un.
1580 1970 1644 2008 pr.
1660 1961 1771 2009 pecta
1783 1957 1904 1998 Voss.
1920 1969 1984 2009 pr.

167 2011 302 2049 -364
335 2010 479 2050 Omnia
495 2011 596 2052 Jun.
617 2022 706 2050 sec.
748 2011 890 2050 Omina
906 2010 1007 2049 Var.
1029 2011 1112 2050 LL.
1133 2022 1155 2050 e
1175 2022 1306 2061 marg.
1322 2011 1463 2051 Parm.
1506 2012 1678 2060 genialia
1698 2012 1803 2061 Reg.
1821 2011 1986 2050 Bonon.

167 2061 362 2110 genitalia
380 2064 506 2103 Voss.
537 2077 624 2104 sec.
664 2064 791 2104 sancit
808 2065 909 2103 Vat.
932 2068 1034 2103 tert.
1055 2069 1101 2102 et
1120 2063 1253 2116 quint.
1273 2064 1462 2104 Florent.
1494 2065 1578 2103 duo
1606 2064 1722 2103 Med.
1745 2063 1894 2103 Heius.
1927 2062 1985 2102 H.

170 2120 217 2154 et
230 2115 311 2156 inc.
329 2116 465 2168 ejusd,
488 2117 589 2158 Put.
609 2118 716 2169 Reg.
737 2117 821 2158 duo
837 2117 987 2156 Petav.
1007 2117 1171 2156 Bonon.
1190 2117 1332 2158 Oxon.
1354 2129 1436 2156 see.
1450 2118 1548 2157 Vat.
1564 2118 1697 2157 Livin.
1715 2117 1819 2156 Exc.
1836 2116 1989 2155 PetaV.

169 2174 311 2220 quart.
350 2171 486 2209 sanxit
515 2176 601 2211 tres
637 2172 758 2211 Vatt.
794 2170 901 2211 Cod.
934 2170 1173 2211 Bartholin.
1224 2169 1364 2210 Omine
1396 2182 1437 2219 p.
1464 2169 1635 2217 genialia
1649 2168 1801 2215 foedera
1827 2180 1860 2207 ε.
1882 2167 1989 2207 Exc.

993 2276 1178 2317 NOTAE

225 2379 304 2416 357
341 2377 512 2429 Flac-tu]
563 2377 697 2417 Maris
735 2376 915 2417 adversa
946 2382 1052 2417 tem·

172 2445 340 2491 pestate
359 2452 482 2479 nemo
506 2445 638 2480 nauta
657 2440 784 2492 perit.

1118 2377 1248 2417 sideri
1276 2389 1430 2417 nomen
1462 2376 1593 2424 dedit,
1627 2387 1702 2415 seu
1733 2376 1868 2415 stellae
1897 2388 1987 2416 ves-

1119 2442 1319 2494 pertinae,
1351 2453 1443 2494 quae
1462 2440 1679 2480 matutinis
1698 2439 1811 2479 horis
1832 2439 1987 2480 dicitur

232 2503 422 2555 Cuspide]
468 2504 596 2555 Ense,
627 2504 765 2554 hasta,
798 2508 872 2544 aut
905 2503 1053 2557 quovis

176 2566 264 2606 telo
285 2578 408 2605 nemo
425 2566 549 2606 homo
570 2565 794 2607 occiditur.

231 2631 309 2668 359
339 2628 560 2680 Impexam]
580 2629 808 2681 Virgilius:
838 2629 849 2650 ‘
868 2628 948 2669 Cui
964 2629 1054 2680 plu-

175 2692 284 2732 rima
304 2698 448 2732 mento
469 2693 658 2732 Canities
678 2693 838 2732 inculta
849 2691 998 2744 jacet!

231 2757 310 2794 360
342 2754 540 2805 Portitor]
569 2754 647 2801 Ine
670 2759 753 2805 est,
773 2754 903 2807 quiin
925 2759 1055 2805 portu

177 2817 363 2869 vectigal
396 2829 472 2856 seu
508 2817 746 2868 portorium
789 2816 964 2867 recipit,
1010 2821 1056 2855 et

177 2880 274 2921 ideo
294 2882 478 2932 portitor
497 2881 658 2921 dicitur
678 2881 863 2931 Charon,
883 2881 982 2934 quia
1003 2880 1055 2919 ab

179 2943 338 2982 umbris
367 2943 611 2982 transituris
634 2942 817 2992 obolum,
850 2954 925 2982 seu
958 2954 1057 2981 nau-

180 3006 285 3057 lum,
303 3006 423 3058 quasi
444 3005 676 3057 portorium
697 3005 845 3057 exigit.
875 3004 1060 3056 Proper·

180 3068 289 3108 tius:
319 3069 331 3089 ‘
351 3070 466 3108 Vota
487 3073 658 3108 movent
675 3080 850 3119 superos
870 3067 943 3107 ubi
962 3079 1058 3119 por-

181 3130 286 3171 titor
306 3143 390 3170 aera
409 3131 605 3182 recepit!

237 3198 315 3234 361
347 3195 564 3246 Hesper-as]
603 3196 723 3235 Namv
745 3194 871 3234 inferi
903 3194 1062 3234 habent

181 3269 257 3298 sua
267 3258 420 3296 sidera.
451 3258 671 3309 Hesperus
688 3259 730 3297 in
747 3258 903 3298 vertice
913 3257 1064 3297 Atlan-

187 3320 244 3360 tis
265 3320 409 3360 Patris
431 3321 574 3360 sidera
590 3322 820 3361 observans
841 3321 963 3372 obiit,
981 3325 1026 3358 et
1041 3332 1066 3358 a

187 3383 272 3423 suis
305 3383 358 3424 ob
394 3383 601 3436 pietatem
635 3384 678 3424 iu
713 3384 866 3425 coelum
896 3384 1069 3435 relatus,

1119 2504 1396 2556 Phosphorus
1415 2516 1488 2543 seu
1508 2501 1695 2542 Lucifer.

1174 2571 1252 2607 362
1286 2566 1486 2617 Pronuba]
1514 2568 1576 2606 Ea
1590 2570 1670 2616 est,
1689 2577 1783 2617 quae
1799 2577 1852 2605 ex
1866 2570 1991 2617 parte

1121 2631 1266 2670 uxoris
1301 2630 1462 2682 nuptiis
1510 2628 1774 2669 celebrandis
1823 2633 1991 2680 praeest,

1122 2701 1171 2735 ut
1189 2707 1346 2747 auspex
1365 2707 1419 2734 ex
1439 2699 1560 2746 parte
1579 2693 1673 2733 viri.

1175 2761 1252 2798 363
1286 2756 1479 2807 Tangens]
1492 2758 1614 2796 More
1629 2754 1907 2808 precantium,
1918 2753 1990 2807 qui

1122 2819 1326 2860 tenebant
1348 2822 1451 2859 uras.

1176 2886 1254 2922 364
1286 2882 1428 2921 Omina
1444 2879 1584 2930 sancit]
1605 2877 1836 2918 Confirmat
1850 2876 1992 2917 matri·

1123 2945 1321 2995 monium,
1350 2945 1418 2983 vel
1454 2950 1575 2993 optat
1609 2952 1870 2981 numerosam
1902 2939 1994 2978 feli-

1123 3021 1298 3061 cemque
1330 3008 1526 3055 sobolem,
1554 3011 1599 3046 et
1626 3005 1675 3044 iis
1702 3004 1809 3044 bene
1837 3003 1992 3043 omina-

1124 3077 1207 3112 tur.
1264 3072 1454 3121 Perpetuo
1482 3068 1646 3117 foedere,
1681 3066 1724 3106 id
1761 3070 1839 3115 est,
1878 3062 1990 3102 nodo

1126 3133 1311 3185 conjugii
1336 3129 1649 3171 indissolubilis.
1703 3128 1769 3167 Ex
1786 3124 1990 3167 Justinia-

1127 3197 1171 3235 ni
1191 3194 1414 3243 institutis,
1442 3193 1455 3215 ‘
1472 3191 1646 3243 Nuptiae
1666 3189 1753 3229 sive
1779 3187 1991 3226 matrimo-

1128 3259 1244 3298 nium
1261 3261 1325 3297 est
1352 3256 1430 3295 viri
1463 3259 1508 3294 et
1531 3251 1715 3293 mulieris
1747 3247 1991 3300 conjunctio

1131 3318 1392 3359 individuam
1412 3317 1512 3357 vitae
1537 3310 1881 3354 cousuetudinem
1899 3319 1995 3350 con·

1131 3379 1296 3421 tineus!
