2300 3906
19 2594 29 2861 ἱ

24 2864 32 3177 ξ

622 196 862 239 RAPTUs
904 201 1199 244 Pnosssnr.
1242 206 1360 248 Lm.
1402 209 1467 250 11.
1839 205 1942 259 961

135 308 254 361 Sub
281 309 438 362 terris
462 316 742 379 quaerebat
767 318 882 381 iter,
909 322 1282 391 gravibusque
1319 332 1615 394 gementem

136 391 479 446 Enceladum
505 398 758 452 calcabat
782 404 963 469 equis:
1003 407 1266 461 immania
1289 410 1499 464 findunt

138 475 395 528 Membra
417 484 573 544 rotae,
599 498 901 553 pressaque
926 489 1079 555 gigas
1103 493 1318 544 cervice
1342 494 1553 548 laborat

136 558 422 612 Sicaniam
448 580 569 615 cum
599 566 728 619 Dite
752 570 945 634 ferenS,
982 577 1258 642 tentatque
1282 579 1485 630 moveri
1841 583 1946 637 160

137 641 375 706 Debilis‚
404 652 459 698 et
483 647 642 699 fessis
670 656 1013 718 serpentibus
1038 657 1264 723 impedit
1295 674 1481 714 axemz

138 724 377 779 Fumida
402 729 637 783 sulfureo
663 737 978 800 praelabitur
1001 740 1179 791 orbita
1199 740 1381 794 dorso,

135 805 225 860 Ac
248 811 401 862 velut
428 816 673 867 occultus
700 835 944 872 securum
971 823 1158 889 prodit
1184 824 1239 873 in
1262 825 1471 878 hostem

140 890 329 956 Miles,
354 900 405 945 et
423 896 607 949 effossi
635 902 820 954 subter
844 904 1158 959 fundamina
1194 910 1375 976 campi

138 974 402 1028 Transilit
426 978 608 1030 elusos
635 998 832 1036 arcano
858 987 1029 1039 limite
1054 1005 1260 1054 muroS‚
1844 996 1950 1051 165

136 1056 432 1128 Turbaque
460 1061 723 1132 deceptas
751 1069 954 1122 victrix
979 1075 1210 1141 erumpit
1236 1074 1293 1126 in
1317 1091 1494 1139 arceS‚

136 1221 327 1272 Princeps
353 1223 574 1289 umbrarum
601 1229 794 1278 quoerehat
813 1232 914 1270 viam
946 1233 1013 1276 sub
1038 1234 1156 1273 terris
1182 1247 1251 1284 per
1257 1236 1391 1286 flexus
1409 1234 1598 1286 obscuros,
1616 1239 1653 1275 et
1671 1237 1778 1288 equis
1794 1239 1948 1287 magnis

132 1275 356 1324 proterebat
392 1277 625 1317 Enceladum
659 1281 897 1323 laborantem
911 1299 923 1323 .-
952 1290 1049 1325 rotoe
1080 1287 1260 1326 scindunt
1296 1300 1463 1327 enormes
1489 1292 1613 1337 artus,
1632 1293 1670 1327 et
1685 1290 1804 1339 gigas
1826 1291 1951 1340 gemit

135 1338 312 1388 oppresso
343 1329 451 1377 collo,
476 1332 841 1392 portans-Siciliam
866 1349 953 1375 cum
984 1340 1164 1386 Plutone,
1184 1344 1298 1390 atque
1326 1340 1536 1379 imbecillus
1553 1345 1709 1380 conatur
1729 1354 1773 1380 se
1792 1355 1954 1393 movere,

137 1383 175 1417 et
190 1380 381 1429 anguzbus
399 1381 612 1421 debzlztatzs
640 1387 800 1434 impedit
827 1400 1004 1428 merram.-
1032 1392 1259 1441 vestigium
1272 1397 1369 1430 rotae
1378 1392 1572 1438 fumantis
1590 1394 1826 1442 imprimitur
1844 1399 1954 1444 tergo

64 1456 84 1464 ω
136 1431 320 1480 sulfureo.
378 1433 436 1472 Et
452 1437 762 1484 quemadmodum
789 1439 902 1478 miles
929 1441 1086 1481 abditus
1110 1444 1236 1489 ,irruit
1268 1444 1309 1482 in
1341 1444 1483 1484 hostem
1510 1446 1722 1492 incautum,
1758 1450 1796 1485 et
1826 1446 1955 1486 subter

128 1485 390 1535 fundamenta
424 1487 515 1542 agri
549 1490 679 1529 cavati
711 1490 897 1547 irrumpit
933 1493 1072 1533 moenia
1102 1496 1260 1546 decepta
1293 1496 1466 1540 cuniculo
1493 1501 1652 1547 secreto,
1688 1502 1726 1536 et
1762 1499 1955 1539 exercilus

903 1619 1195 1638 aeaeaeaeaeaeaeaeaeaeaeae

139 1701 204 1738 tor
223 1698 458 1754 Pup—15⁷
487 1700 556 1740 sub
576 1705 701 1741 terras
720 1703 826 1743 Exc‘.
846 1703 998 1745 Petav.
1014 1709 1149 1756 quart.
1184 1709 1409 1747 trementem
1427 1706 1455 1746 J
1462 1718 1527 1745 un.
1548 1718 1632 1745 sec.
1654 1705 1804 1746 Petax‘.
1832 1718 1953 1757 pr.—

141 1755 222 1793 158
249 1753 411 1792 calcavit
427 1755 526 1793 Vat.
549 1766 612 1804 pr.
646 1756 810 1807 findunt
830 1757 984 1797 Petav.
1004 1763 1103 1797 tert.
1121 1759 1226 1799 Exc.
1245 1760 1397 1798 Petav.
1417 1764 1555 1810 quart.
1586 1759 1762 1807 fundunt
1781 1760 1880 1799 Vat.
1908 1759 1953 1800 d.

142 1804 240 1845 Pal.
259 1804 343 1845 duo
371 1806 487 1847 Med.
508 1807 657 1847 Heius.
687 1809 745 1848 H.
776 1811 875 1851 Put.
897 1810 1004 1861 Reg.
1023 1811 1172 1856 Petav.
1200 1825 1263 1863 pr.
1290 1813 1457 1851 Bonon.
1484 1825 1537 1852 m.
1558 1824 1622 1862 pr.
1641 1812 1806 1851 Thalos.
1826 1813 1951 1852 Voss.

141 1869 207 1909 pr.
229 1858 369 1898 Oxon.
386 1872 468 1900 sec.
487 1859 663 1908 fundunt
682 1863 749 1900 vel
757 1862 896 1914 figunt
915 1865 1014 1902 Vat.
1036 1876 1098 1914 pr.
1118 1865 1239 1904 Voss.
1261 1868 1479 1904 sea—159
1504 1877 1706 1916 pressaque
1720 1865 1836 1914 gravi
1850 1865 1953 1905 Vat.

141 1922 208 1962 pr.
227 1912 416 1952 chartac.
436 1914 586 1953 Heins.
606 1914 674 1955 ed.
692 1916 832 1954 Vicet.
869 1917 986 1966 gigas
1003 1917 1104 1956 Vat.
1126 1922 1226 1957 tert.
1246 1919 1434 1957 Florent.
1463 1919 1546 1956 duo
1563 1917 1680 1956 Med.
1702 1917 1785 1957 duo
1803 1916 1952 1961 Heius.

142 1963 244 2003 Put.
278 1965 385 2017 Reg.
407 1966 489 2004 duo
519 1967 669 2007 Petav.
704 1969 867 2008 Bonon.
892 1970 1059 2009 Thalos.
1090 1971 1197 2010 Exc.
1228 1971 1380 2010 Petav.
1410 1978 1547 2022 quart.
1588 1970 1682 2009 Ald.
1703 1971 1805 2008 Var.
1825 1970 1910 2009 LL.
1929 1981 1954 2009 e

141 2029 278 2067 marg.
314 2019 590 2060 parm—161
624 2033 717 2059 axes
745 2022 840 2063 Pal.
869 2022 950 2060 duo
986 2022 1104 2062 Med.
1125 2023 1274 2063 Heius.
1298 2024 1490 2063 H.—162
1520 2023 1693 2061 Humida
1721 2023 1822 2061 Vat.
1854 2026 1956 2061 tert.

132 2069 320 2120 furfureo
340 2072 457 2110 Med.
479 2078 618 2123 quart.
642 2074 860 2123 perlabitur
877 2075 1036 2114 Moret.
1058 2087 1122 2125 pr.
1162 2076 1391 2126 praelabitur
1409 2076 1492 2114 duo
1515 2076 1628 2114 Med.
1665 2076 1765 2122 Reg.
1786 2075 1885 2114 Jun.
1911 2078 1957 2113 et

145 2123 287 2164 oxon.
310 2135 372 2172 pr.
394 2124 478 2162 duo
513 2125 663 2164 Heins.
698 2126 782 2165 duo
816 2127 970 2167 Petav.
1000 2128 1167 2166 Tholos.
1204 2129 1307 2167 Exc.
1336 2129 1499 2168 Schott.
1546 2127 1736 2165 delabitur
1755 2127 1852 2164 Vat.
1871 2137 1958 2167 sec.

144 2176 238 2218 Pal.
270 2176 458 2216 Florent.
491 2178 590 2217 Put.
619 2179 782 2219 Bonon.
810 2179 909 2220 Jun.
938 2192 1022 2218 sec.
1044 2180 1186 2220 Oxon.
1213 2193 1297 2220 sec.
1331 2193 1386 2220 m.
1416 2192 1500 2218 sec.
1543 2179 1759 2229 prolabitur
1778 2179 1875 2218 Vat.
1894 2189 1960 2228 pr.

145 2229 333 2268 chartac.
357 2229 507 2268 Heius.
528 2230 632 2269 Cod.
661 2232 896 2271 Bartholin.
927 2234 1035 2271 Exc.
1066 2233 1220 2272 Petav.
1253 2238 1392 2283 quart.
1433 2232 1625 2271 delabitur
1649 2232 1716 2269 vel
1732 2230 1960 2281 praelabitur

145 2282 273 2320 Voss.
292 2285 512 2320 sea—163
543 2282 600 2321 At
628 2284 727 2322 Vat.
763 2295 844 2322 sec.
892 2284 949 2322 Et
979 2284 1079 2322 Vat.
1113 2288 1212 2322 tert.
1258 2288 1315 2326 At
1335 2285 1403 2322 vel
1426 2285 1479 2321 Et
1505 2283 1623 2322 Voss.
1642 2295 1726 2321 sec.
1771 2283 1959 2321 occultum

143 2346 302 2374 securus
317 2334 449 2384 pergit
469 2334 562 2373 Pal.
585 2335 668 2373 dno
702 2336 818 2376 Med.
851 2336 999 2374 Heins.
1033 2336 1089 2374 H.
1129 2336 1281 2375 Petav.
1317 2348 1378 2385 pr.
1423 2347 1563 2373 scevam
1590 2337 1678 2373 dum
1704 2334 1837 2384 pergit
1855 2334 1956 2374 Vat.

146 2388 283 2439 quint.
312 2399 465 2425 securus
483 2387 581 2426 Vat.
602 2387 641 2426 d.
677 2401 717 2426 se
735 2401 849 2429 curru
873 2387 1028 2439 spargit
1050 2388 1168 2426 Voss.
1193 2401 1255 2438 pr.
1278 2388 1389 2426 unde
1409 2389 1553 2426 occulto
1571 2399 1683 2425 cursu
1701 2385 1959 2436 conjiciebat

146 2440 297 2480 Heius.
342 2441 471 2490 prodit
493 2440 592 2479 Vat.
620 2453 683 2491 pr.
712 2441 818 2480 Cod.
840 2441 1075 2480 Bartholin.
1103 2441 1233 2490 pergit
1267 2441 1451 2479 Florent.
1484 2446 1528 2478 et
1564 2439 1800 2478 octodecim
1821 2437 1958 2478 Codd.

146 2493 257 2532 Exc.
271 2493 423 2532 Petav.
447 2497 719 2544 quarn—164
747 2493 885 2545 offensi
906 2506 982 2543 pro
1002 2492 1133 2543 effossi
1153 2494 1301 2532 Petav.
1326 2500 1424 2532 tert.
1455 2492 1616 2531 subeunt
1637 2504 1714 2542 pro
1727 2489 1856 2529 subter
1872 2490 1958 2532 inc.

146 2545 430 2586 Heius—465
459 2546 616 2585 inscisos
647 2547 747 2586 Jun.
780 2559 842 2597 pr.
888 2546 1052 2585 inclusos
1078 2559 1221 2585 omnes
1252 2546 1371 2584 Vati.
1394 2546 1486 2584 Pal.
1507 2545 1606 2585 Jun.
1626 2556 1710 2582 sec.
1730 2544 1851 2581 Voss.
1871 2554 1956 2582 sec.

148 2599 232 2641 duo
254 2599 394 2638 Oxou.
418 2600 600 2639 chartac.
624 2600 772 2638 Heius.
809 2598 914 2638 Cod.
934 2600 1169 2639 Bartholin.
1210 2600 1341 2638 illusos
1373 2598 1543 2648 legebat
1574 2597 1784 2636 Heinsius.
1836 2594 1959 2634 limite

150 2652 236 2691 duo
253 2653 375 2691 Vatt.
398 2653 583 2691 Flore-nt.
605 2653 688 2691 duo
710 2651 828 2692 Med.
849 2652 932 2690 duo
954 2651 1105 2692 Heius.
1127 2652 1228 2692 Put.
1252 2651 1362 2703 Reg.
1382 2652 1534 2690 Petav.
1556 2655 1656 2689 tert.
1675 2650 1837 2694 Bonon.
1853 2647 1960 2686 Tho·

148 2706 226 2746 los.
251 2705 357 2744 Exc.
380 2705 534 2747 Petav.
558 2711 695 2758 quart.
717 2705 947 2749 ed.‘Parm.
967 2710 1011 2746 et
1025 2705 1165 2745 Vicet.
1212 2704 1336 2744 milite
1354 2705 1454 2743 Vat.
1476 2715 1540 2756 pr.
1560 2710 1605 2742 et
1623 2713 1706 2741 sec.
1728 2702 1875 2741 Petav.
1895 2711 1958 2752 pr.

974 2811 1148 2852 NOTAE

203 2921 281 2958 157
306 2918 501 2957 Gravibus
528 2918 650 2969 equis]
683 2917 1026 2968 Ingentibus‚at-
1094 2916 1196 2956 bere
1215 2915 1434 2967 finguntur
1450 2915 1655 2965 gigantes.

153 2993 237 3035 que
259 2980 448 3031 pondere
465 2992 619 3030 magno
637 2980 947 3030 prementibus.
1150 2981 1225 3017 165
1254 2977 1410 3017 Arcano
1429 2976 1568 3026 limite]
1602 2975 1654 3014 Id
1687 2978 1768 3024 est,
1795 2976 1962 3012 secreta

206 3048 284 3084 158
320 3043 572 3093 Enceladum]
601 3043 684 3083 Qui
712 3042 789 3081 sub
810 3042 935 3081 AEtna
962 3053 1026 3080 ur·
1094 3040 1162 3079 via
1191 3052 1267 3090 per
1297 3040 1556 3084 cuniculum,
1576 3050 1700 3088 quam
1725 3046 1963 3087 expugnan-

154 3112 297 3159 geum,
314 3111 363 3144 ut
384 3106 565 3143 diximus
586 3116 728 3154 supra.
1095 3101 1162 3140 dae
1198 3101 1314 3140 urbis
1349 3101 1458 3139 viam
1493 3101 1545 3140 ab
1571 3098 1737 3136 animali
1768 3095 1961 3134 cuniculo

208 3172 284 3208 161
318 3167 490 3218 Debilis]
554 3166 701 3216 Impar
740 3172 857 3205 tanto
894 3166 1028 3205 labori
1097 3163 1286 3203 didicere
1304 3163 1473 3202 milites,
1505 3159 1739 3200 Martialis:
1761 3155 1962 3197 ‘Gaudet

154 3230 350 3272 ferendo.
1095 3227 1137 3264 in
1155 3225 1314 3265 effossis
1341 3225 1535 3264 habitare
1559 3220 1773 3261 cuniculus
1803 3216 1958 3256 antris:

167 3287 172 3294 ⁴
206 3295 336 3334 Fossis
371 3292 632 3344 serpentibus]
675 3292 900 3345 Exliaustis
934 3290 1030 3329 viri·
1095 3288 1356 3328 Monstravit
1375 3286 1525 3326 tacitas
1540 3280 1725 3322 hostibus
1741 3279 1811 3318 ille
1827 3276 1940 3318 vias!

153 3357 231 3399 bus
257 3361 522 3407 serpentum,
542 3366 646 3406 quos
667 3367 744 3405 pro
763 3353 942 3406 pedibus
960 3353 1030 3391 ha-

262 3422 412 3473 Delph.
434 3425 473 3460 et
497 3421 590 3461 Var.
608 3421 714 3461 Clas.
995 3418 1133 3458 Claud.
1769 3408 1793 3444 3
1813 3404 1852 3444 Ρ
