2300 3906
621 202 684 240 m
730 188 1093 241 nu'rnopr
1136 201 1256 239 mn.
1301 200 1367 238 11.
1800 188 1905 240 541

92 333 273 403 Thyni
298 332 542 385 Thraces
568 336 737 394 erant,
760 350 886 400 quae
905 350 1050 386 nunc
1077 333 1340 401 Bithynia
1362 331 1555 383 fertur.

93 418 289 485 Nuper
315 417 385 468 ab
409 414 635 467 Oceano
662 415 951 467 Gallorum
978 418 1252 485 exercitus
1273 416 1467 482 ingens

91 501 229 563 Illis,
256 504 382 551 ante
410 515 597 565 vagus,
626 499 842 550 tandem
872 501 1191 565 regionibus
1212 499 1392 562 haesit,

92 583 348 649 Gesaque
374 583 654 650 deposuit,
681 582 857 634 Graio
877 583 995 650 jam
1022 585 1174 635 mitis
1198 584 1424 645 amictu,
1803 580 1910 634 250

89 667 200 720 Pro
221 666 416 718 Rheno
442 673 665 735 poturus
694 666 900 735 Halyn.
975 668 1092 720 Dat
1118 672 1315 718 cuncta
1341 669 1586 718 vetustas

88 749 435 817 Principium
463 750 803 818 Phrygibus:
839 767 942 801 nec
970 766 1068 802 rex
1094 750 1393 817 AEgyptius
1414 749 1555 801 ultra

26 904 31 911 Β
88 831 335 894 Restitit,
358 832 580 884 humani
609 838 904 900 postquam
934 850 1070 900 puer
1094 833 1279 884 uberis
1304 848 1506 900 expers

87 915 155 967 In
179 916 473 984 Phrygiam
499 919 735 983 primum
759 918 977 969 laxavit
1002 934 1277 968 murmura
1302 933 1516 969 vocem.

89 999 203 1051 Hic
231 1000 432 1050 cecidit
458 999 691 1066 Libycis
710 1001 923 1066 jactata
948 1000 1246 1066 paludibus
1271 1001 1403 1052 olim
1794 998 1907 1050 255

86 1082 269 1146 Tibia,
296 1082 563 1134 foedatam
591 1098 718 1133 cum
743 1081 976 1134 reddidit
999 1085 1194 1134 umbra
1219 1083 1549 1135 Minervam.

90 1253 215 1305 Thyni
247 1251 414 1291 Thraces
445 1251 573 1290 colunt
605 1256 784 1302 partem,
810 1265 895 1302 quoe
925 1264 1027 1292 nunc
1054 1252 1250 1303 Bithynia
1281 1252 1441 1292 dicitur.
1512 1251 1687 1300 Magnus
1714 1250 1911 1291 exercitus

91 1306 295 1346 Gallorum
310 1317 431 1354 nuper
450 1303 670 1355 profectus
703 1304 750 1343 ab
774 1306 943 1354 Oceano,
976 1306 1089 1356 prius
1105 1317 1252 1356 errans,
1279 1307 1432 1344 demum
1449 1304 1552 1356 fixit
1586 1304 1731 1342 sedem
1755 1304 1798 1342 in
1833 1303 1917 1341 oris

88 1359 183 1408 illis,
203 1362 240 1397 et
258 1358 398 1406 abjecit
416 1359 509 1405 tela,
530 1357 618 1406 jam
649 1357 772 1397 lenior
790 1356 932 1403 factus
964 1364 1067 1398 veste
1089 1358 1247 1404 Graeca‚
1273 1358 1465 1396 bibiturus
1494 1358 1630 1408 Halyn
1659 1369 1730 1407 pro
1766 1355 1914 1395 Rheno.

87 1411 315 1462 Antiquitas
332 1411 455 1449 omnis
473 1412 544 1449 dat
561 1410 722 1449 initium
754 1411 1008 1462 Phrygibus:
1033 1424 1151 1462 neque
1174 1412 1263 1451 Rex
1286 1412 1501 1463 AEgyptius
1518 1410 1715 1449 contendit
1735 1409 1916 1456 ulterius,

84 1467 336 1515 posteaquam
348 1475 445 1515 puer
462 1463 605 1502 inscius
622 1475 798 1503 mammae
825 1465 1012 1514 mulieris,
1039 1465 1196 1503 resolvit
1227 1466 1400 1513 linguam
1433 1465 1602 1515 primum
1637 1464 1679 1501 in
1703 1474 1914 1501 sermonem

90 1517 328 1569 Phrygium.
384 1517 435 1555 In
455 1518 555 1555 buno
586 1517 724 1555 locum
757 1516 856 1556 tibia
884 1518 1055 1568 projecta
1073 1520 1264 1568 quondam
1282 1519 1321 1555 in
1340 1519 1502 1568 paludes
1521 1517 1688 1568 Libycus
1705 1517 1812 1566 lapsa
1841 1517 1912 1563 est,

87 1582 174 1610 cum
186 1571 315 1620 imago
339 1569 504 1608 ostendit
523 1569 726 1609 Palladem
743 1569 1025 1618 deformatam.-
1053 1571 1116 1610 hic
1136 1574 1175 1610 et
1202 1574 1339 1622 pastor
1356 1571 1551 1621 Marsyas
1582 1572 1788 1620 superatus
1819 1569 1906 1620 lyra

858 1675 979 1689 ‘Nl‘
986 1674 1151 1689 “OM“

91 1732 171 1769 24⁷
203 1730 369 1769 Thraces
388 1733 498 1768 erant
535 1729 660 1781 Thyni
691 1728 839 1768 Ambr.
855 1741 941 1768 sec.
962 1734 1075 1768 arant
1092 1730 1193 1769 vat.
1214 1742 1278 1780 pr.
1309 1734 1355 1769 et
1372 1734 1474 1768 tert.
1495 1728 1611 1767 Prie.
1632 1729 1799 1767 Bonon.
1823 1727 1916 1767 Ox-

91 1794 160 1823 on.
193 1794 277 1822 sec.
307 1783 408 1822 Vat.
446 1783 580 1820 Livin.
610 1782 744 1822 Gesn.
768 1789 813 1821 et
843 1782 909 1820 ed.
942 1782 1118 1833 Bipont.
1137 1787 1248 1822 erant
1266 1788 1352 1821 tres
1369 1783 1489 1822 Vatt.
1524 1781 1617 1820 Pal.
1640 1781 1766 1819 Farn.
1788 1781 1914 1820 Rott.

92 1834 224 1874 Oisel.
251 1836 357 1874 Exc.
387 1835 648 1873 Luem—248
690 1834 893 1872 Gallorum
930 1835 1023 1873 Pat.
1058 1847 1115 1874 m.
1149 1848 1212 1885 pr.
1242 1836 1441 1874 Bellorum
1474 1835 1541 1872 vel
1578 1834 1780 1872 Gallorum
1814 1834 1915 1873 Put.

90 1886 242 1938 Ambr.
278 1890 502 1926 sem—250
541 1887 705 1936 Telaque
734 1887 891 1925 Moret.
928 1898 991 1936 pr.
1033 1887 1225 1938 disposuit
1261 1888 1453 1926 Florent.
1486 1887 1647 1924 Thuan.
1678 1887 1781 1924 Vat.
1816 1891 1918 1925 tert.

92 1940 315 1990 Graiojam
333 1939 430 1979 vat.
449 1939 586 1990 quint.
619 1938 722 1979 Jun.
756 1946 802 1978 et
821 1941 963 1978 Oxou.
988 1951 1052 1989 pr.
1073 1939 1171 1979 Ald.
1194 1941 1299 1979 Exc.
1322 1940 1430 1979 Gev.
1451 1939 1540 1986 jam
1565 1938 1689 1986 Grqy'o
1724 1938 1915 1978 Florent.

93 2000 274 2045 quatuor
294 1992 411 2032 Med.
434 1993 535 2032 Put.
563 1992 726 2031 Tlman.
759 1993 920 2032 Mazar.
950 1992 1048 2031 Pat.
1086 1993 1189 2032 Lov.
1218 1993 1302 2032 duo
1334 1993 1487 2031 Petav.
1523 1997 1611 2030 tres
1647 1990 1797 2030 Ambr.
1830 1991 1915 2029 inc.

95 2046 246 2086 Heius.
262 2047 369 2086 Exc.
398 2047 577 2085 Lucens.
608 2057 671 2096 pr.
690 2046 773 2085 Ms.
789 2045 929 2085 Palm.
951 2045 1049 2084 edd.
1068 2043 1166 2086 Ald.
1183 2046 1318 2085 Colin.
1352 2046 1534 2096 Raphel.
1551 2044 1694 2083 Parm.
1712 2049 1757 2082 et
1770 2043 1915 2082 Vicet.

89 2102 222 2139 —251
254 2099 407 2151 Halym
426 2111 569 2137 omnes
590 2099 709 2137 Vatt.
730 2099 823 2137 Pal.
845 2099 965 2138 Rott.
985 2097 1257 2138 Oise1.-252
1287 2112 1360 2138 non
1379 2111 1452 2137 rex
1474 2099 1765 2137 Mazara—253
1796 2095 1918 2140 Isidis

91 2163 228 2203 expers
246 2153 350 2192 Exc.
367 2153 545 2192 Luceus.
566 2163 650 2190 sec.
670 2152 870 2202 apposito
903 2156 949 2201 -}-
982 2152 1120 2202 signo,
1146 2165 1227 2204 qno
1244 2153 1458 2191 indicatur
1477 2157 1666 2190 veterem
1688 2149 1917 2188 lectionem

93 2211 167 2245 aut
187 2217 348 2245 erasam
370 2211 444 2245 aut
464 2205 766 2255 interpolatam
800 2217 909 2244 esse.
935 2208 1022 2254 post
1058 2209 1213 2256 captum
1244 2208 1392 2244 culmen
1423 2204 1576 2244 honoris
1613 2216 1691 2255 pro
1715 2206 1918 2253 postquam

90 2270 187 2309 puer
204 2259 332 2298 uberis
355 2271 491 2309 expers
510 2259 660 2299 Petav.
681 2261 899 2297 see—254
930 2258 987 2296 Et
1018 2258 1197 2310 Phrygia
1223 2259 1393 2309 primum
1427 2258 1576 2296 laxavit
1607 2268 1804 2295 murmura
1830 2263 1918 2294 voce

90 2310 211 2351 Med.
232 2323 316 2352 sec.
343 2312 493 2362 primus
511 2312 740 2353 Pau—255
771 2312 911 2350 cecidit
932 2316 1115 2362 quatuor
1142 2312 1261 2351 Med.
1294 2312 1394 2351 Put.
1427 2312 1532 2362 Reg.
1568 2311 1727 2350 Thuan.
1756 2309 1926 2348 Mazan·

94 2364 178 2403 duo
209 2363 360 2404 Petav.
380 2365 479 2404 Pat.
498 2364 670 2403 Tholos.
692 2371 778 2402 tres
798 2363 946 2403 Ambr.
966 2364 1048 2403 inc.
1069 2362 1217 2412 Heinsh.
1238 2366 1342 2403 Exc.
1366 2366 1545 2403 Lucens.
1577 2375 1642 2413 pr.
1676 2361 1744 2400 ed.
1772 2361 1916 2400 Vicet.

93 2418 192 2456 Var.
219 2417 304 2456 LL.
326 2430 347 2456 e
368 2430 503 2468 marg.
518 2417 661 2455 Parm.
691 2418 830 2455 cecinit
849 2417 951 2454 Vat.
969 2416 1108 2459 Livin.
1137 2418 1276 2456 cecidit
1297 2417 1360 2455 vel
1380 2416 1517 2455 cecinit
1536 2416 1726 2453 Florent.
1756 2413 1838 2451 Hic
1857 2425 1917 2451 ce-

94 2469 191 2525 cidit
208 2471 277 2509 vel
298 2471 389 2510 Huc
406 2471 511 2510 venit
544 2470 697 2509 Petav.
731 2472 930 2521 pr.—-256
957 2471 1135 2510 redderet
1167 2471 1323 2509 Moret.
1353 2481 1417 2521 pr.
1445 2467 1577 2512 reddit
1603 2468 1710 2509 Exc.
1738 2465 1916 2509 Gevart.

915 2602 1095 2644 NOTAE

149 2698 228 2735 248
259 2695 482 2746 Gallorum]
538 2694 643 2733 Inde
680 2694 973 2745 Gallograecia
1039 2708 1145 2747 rum,
1180 2701 1225 2736 et
1266 2698 1411 2750 Phryx
1455 2698 1570 2737 inter
1605 2709 1648 2736 se
1686 2694 1917 2736 contende-

98 2758 314 2809 appellata
334 2764 414 2809 est,
443 2770 537 2809 quae
558 2756 702 2796 eadem
725 2763 789 2796 est
810 2768 859 2795 ac
889 2757 973 2796 Ga-
1039 2757 1158 2808 bant,
1193 2765 1287 2798 uter
1324 2760 1504 2810 populus
1538 2763 1653 2798 esset
1673 2757 1914 2808 antiquior:

97 2820 214 2861 latia.
1040 2826 1086 2860 at
1106 2821 1328 2873 utriusque
1366 2833 1573 2861 consensu
1604 2820 1790 2859 nutritus
1812 2828 1919 2870 puer

149 2888 229 2924 250
260 2884 383 2935 Gesa]
447 2883 581 2924 Arma
618 2884 838 2924 Gallorum
877 2895 973 2934 pro·
1042 2884 1190 2935 procul
1219 2897 1244 2922 a
1274 2884 1442 2923 nutrice
1472 2882 1608 2923 fertur
1635 2883 1803 2922 locutus
1824 2892 1917 2920 esse

100 2947 195 2998 pria
213 2961 224 2997 ;
253 2955 302 2987 ut
322 2948 410 2999 pila
430 2949 732 2988 Romanorum.
1042 2945 1224 2996 primum
1243 2957 1479 2985 sermonem
1501 2945 1750 2997 Phrygium,
1769 2943 1917 2994 sicque

151 3015 229 3052 251
261 3013 416 3064 Halyn]
446 3013 619 3052 Fluvius
640 3019 734 3052 est:
766 3024 820 3051 ex
847 3011 976 3051 Tauri
1042 3008 1275 3046 secundum
1311 3007 1526 3059 Phrygem
1558 3005 1836 3058 pronuntiare
1858 3004 1917 3042 vi-

100 3074 255 3112 montis
269 3075 482 3115 radicibus
502 3075 722 3124 nascitur3
753 3076 977 3126 Cappado-
1042 3070 1238 3109 debatur·
1298 3070 1368 3108 De
1387 3070 1536 3109 eadem
1568 3081 1615 3108 re
1645 3067 1918 3107 contendisse

101 3135 368 3188 ciae‚·Syriae‚
389 3143 433 3177 et
454 3138 759 3188 Paphlagoniae
778 3150 903 3188 agros
922 3138 975 3176 ir·
1045 3133 1248 3172 dicuntur
1264 3133 1435 3184 Scythae
1454 3140 1498 3171 et
1519 3131 1720 3182 AEgyptii.

102 3197 242 3249 ἠμῖς
270 3205 315 3240 et
331 3200 374 3239 in
392 3201 579 3240 Pontum
599 3200 813 3239 Euxinum
842 3212 886 3239 se
904 3212 975 3238 ex·
1096 3199 1174 3236 255
1203 3195 1384 3247 Libycis]
1422 3196 1472 3234 ln
1493 3196 1681 3234 natalem
1698 3190 1919 3233 Tritonida

105 3267 267 3302 onerat.
1044 3257 1244 3310 paludem
1264 3259 1413 3309 Libyae
1429 3258 1599 3298 cecidit.
1653 3255 1742 3295 Alii
1773 3254 1918 3304 legunt

158 3325 237 3363 252
266 3326 348 3364 Nec
375 3326 464 3364 Rex
482 3325 713 3377 AEgyptius]
760 3326 977 3365 Psamme-
1044 3321 1194 3373 Lyciis.
1249 3321 1380 3372 Lycia
1398 3320 1598 3371 Phrygiae
1618 3318 1770 3357 vicina.
1925 3323 1932 3327 '

109 3382 262 3437 tichos,
298 3397 351 3425 ex
370 3387 608 3440 Herodoto,
643 3389 739 3428 Rex
759 3388 978 3440 AEgyptio-
1097 3388 1178 3424 256
1209 3383 1342 3435 Tibia]
1384 3384 1582 3423 Minerva
1600 3382 1701 3423 tibia
1729 3375 1918 3427 ludebat,
