2300 3906
662 247 740 284 DE
785 248 863 286 νι.
906 247 1078 289 coNS.
1118 249 1355 289 HONoR.
1811 235 1917 289 803

95 362 278 414 Docta
304 362 485 413 subire
510 361 704 426 fameS,
733 368 825 414 aut
851 366 1055 430 praedae
1082 367 1267 419 luctus
1295 367 1549 432 ademtae,
1812 366 1918 419 245

93 445 208 497 Aut
231 446 426 513 pudor,
452 451 545 496 aut
574 445 737 496 dictis
766 465 980 501 movere
1004 454 1343 517 procacibus
1369 452 1486 517 irae,

97 529 179 580 Ut
204 530 342 579 male
364 533 570 579 tentato
598 531 764 581 toties
789 548 847 583 se
875 534 1088 585 credere
1116 551 1316 602 campo

96 611 365 663 Cominus
394 611 629 663 auderet.
708 615 877 667 Nulla
900 623 984 669 est
1008 618 1245 668 victoria
1271 617 1464 684 major,

95 694 277 759 Quam
303 710 428 761 quae
456 695 743 748 confessos
771 700 951 751 animo
977 716 1195 766 quoque
1224 700 1481 767 subjugat
1506 702 1715 756 hostes.

93 777 331 846 Jamque
358 778 608 845 frequens
636 798 813 833 rarum
841 783 1132 851 decerpere
1159 783 1441 850 transfuga
1466 786 1628 837 robur
1809 786 1916 840 250

95 862 374 930 Coeperat,
401 863 566 928 inque
592 863 706 916 dies
732 883 990 918 numerus
1015 867 1333 920 decrescere
1360 870 1571 922 castris.

0 994 1 1005 ἶ
92 946 215 998 Nec
235 948 349 1014 jam
378 946 572 997 seditio
601 951 790 1014 paucis
816 953 1033 1003 occulta
1060 955 1260 1019 parari,

0 1043 2 1084 Ι
91 1031 203 1082 Sed
229 1031 388 1082 cunei
409 1034 655 1097 totaeque
684 1034 868 1099 palam
897 1036 1176 1088 discedere
1204 1042 1412 1091 turmae.

0 1091 3 1133 *
91 1113 473 1181 Consequitur,
500 1129 755 1182 vanoque
782 1118 1017 1172 fremens
1045 1122 1280 1174 clamore
1301 1127 1554 1186 retentat,

77 1270 206 1320 fames
225 1273 378 1312 erudita
391 1271 477 1322 pati
494 1272 666 1320 pericula
680 1274 822 1323 omnia,
841 1280 909 1314 aut
928 1278 1097 1316 tristitia
1115 1277 1320 1328 spoliorum
1335 1281 1568 1328 ereptorum,
1586 1282 1654 1316 aut
1670 1281 1894 1318 verecundia
1901 1308 1913 1329 ,

87 1329 156 1364 aut
187 1325 259 1363 iroe
290 1329 571 1364 commoverunt
604 1326 719 1365 illum
750 1329 873 1366 verbis
899 1330 1175 1380 petulantibus,
1193 1335 1240 1370 ut
1265 1332 1422 1370 auderet
1442 1331 1678 1370 committere
1696 1344 1735 1370 se
1757 1334 1912 1382 propius

86 1376 180 1417 bello
199 1378 313 1417 toties
341 1381 490 1417 tentato
517 1378 737 1421 infeliciter.
795 1381 940 1420 Nullus
959 1383 1177 1433 triumphus
1196 1387 1251 1422 est
1268 1383 1476 1431 gloriosior
1494 1396 1606 1433 quam
1626 1384 1696 1422 ille
1711 1385 1775 1434 qui
1789 1385 1911 1423 vincit

82 1429 210 1470 hostes
228 1431 450 1483 confitentes
471 1433 597 1470 etiam
618 1434 745 1472 animo
765 1445 805 1472 se
825 1434 950 1475 vinci.
1012 1437 1066 1474 Et
1075 1436 1163 1483 jam
1191 1437 1308 1475 multi
1331 1435 1498 1486 fugaces
1524 1436 1759 1487 incipiebant
1778 1437 1912 1475 debili-

81 1487 169 1523 tare
195 1497 283 1534 opes
313 1484 546 1536 infirmiores
556 1498 571 1530 ;
598 1490 636 1524 et
655 1487 861 1525 multitudo
891 1488 1123 1539 incipiebat
1151 1490 1330 1529 imminui
1348 1491 1495 1529 cunctis
1513 1490 1669 1528 diebus:
1696 1502 1812 1540 neque
1822 1489 1910 1537 jam

82 1537 223 1576 seditio
240 1538 440 1587 incognita
464 1539 601 1588 paucis
626 1540 744 1588 strui,
763 1544 806 1578 at
825 1542 945 1591 copice
963 1546 1001 1580 et
1021 1546 1186 1582 catervoe
1213 1555 1340 1581 omnes
1359 1543 1619 1594 incipiebant
1638 1547 1771 1594 aperte
1788 1543 1912 1581 disce-

84 1590 186 1630 dere.
233 1589 429 1630 Alaricus
446 1591 624 1642 sequitur
647 1592 736 1643 hos,
762 1596 800 1631 et
821 1599 1002 1634 conatur
1027 1595 1198 1634 retinere
1224 1608 1468 1635 murmurans
1496 1597 1612 1635 minis
1638 1596 1854 1643 inutilibus,
1874 1600 1911 1634 et

854 1711 1148 1727 OOOOOOOOOOO

85 1797 231 1837 Parin.
250 1802 295 1837 et
313 1798 457 1838 Vicet.
501 1798 609 1838 tabes
634 1799 701 1838 vel
730 1798 859 1838 rabies
890 1798 1047 1838 Petav.
1068 1803 1267 1850 pru—245
1297 1800 1422 1839 victus
1441 1812 1517 1850 pro
1537 1801 1660 1839 luctus
1677 1800 1907 1840 'shows—-

83 1854 164 1891 246
192 1855 231 1890 et
250 1851 366 1890 dictis
385 1851 544 1890 Moret.
566 1864 650 1892 sec.
688 1853 887 1902 procacius
909 1853 1146 1893 Low—247
1173 1866 1305 1904 campo
1335 1854 1402 1893 vel
1436 1853 1530 1892 bello
1562 1853 1717 1892 Petav.
1748 1859 1907 1892 tert.—

82 1906 163 1943 249
180 1904 307 1948 Quam
320 1904 385 1953 qui
401 1905 521 1942 Leid.
538 1917 622 1943 sec.
638 1906 744 1944 Exc.
760 1905 939 1944 Gevart.
974 1907 1212 1956 Quamquam
1230 1907 1350 1946 Rott.
1379 1906 1527 1945 animos
1544 1906 1638 1946 Pal.
1656 1907 1738 1944 inc.
1760 1906 1908 1946 Heius.

83 1957 270 2006 subnegat
290 1958 443 1996 Petav.
463 1961 688 1996 sem—250
716 1971 850 1997 rarum
865 1960 965 1998 Vat.
988 1958 1125 1998 Livin.
1161 1972 1290 1998 rerum
1311 1959 1431 1998 Leid.
1453 1971 1515 2009 pr.
1534 1972 1588 1997 m.
1608 1971 1671 2010 pr.
1691 1971 1785 1997 cum
1805 1958 1909 1997 duo-

0 2046 1 2049 ,
24 2051 26 2053 ,
84 2009 224 2049 decim
243 2011 337 2048 aliis
355 2017 399 2049 et
417 2010 515 2050 edd.
535 2010 676 2050 Vicet.
696 2011 815 2051 Junt.
832 2010 928 2050 Ald.
944 2011 1078 2051 Colin.
1116 2024 1248 2051 rarum
1267 2013 1336 2050 vel
1353 2024 1483 2050 rerum
1501 2013 1602 2051 Vat.
1623 2018 1763 2063 quart.
1785 2011 1904 2050 Prie.

82 2075 140 2103 m.
159 2075 245 2102 sec..
272 2063 390 2102 Med.
411 2075 474 2113 pr.
503 2065 703 2114 decerpere
724 2064 818 2103 Pal.
840 2064 959 2103 Prie.
979 2076 1033 2104 m.
1053 2076 1142 2103 sec.
1183 2065 1400 2114 discerpere
1420 2064 1537 2102 Med.
1555 2070 1657 2104 tert.
1701 2064 1907 2113 tranffuga

84 2117 153 2156 vel
184 2117 326 2156 callida
356 2117 472 2156 Med.
506 2120 741 2156 tert.——25l
772 2117 862 2155 inde
880 2117 965 2156 dies
985 2117 1129 2156 Ambr.
1150 2123 1249 2157 tert.
1294 2119 1506 2156 decrescere
1525 2118 1643 2156 Rott.
1684 2119 1908 2156 descendere

82 2170 152 2208 vel
170 2171 387 2209 discernere
417 2170 650 2209 Pal.-252
677 2170 818 2209 seditio
849 2171 957 2221 Reg.
994 2170 1135 2209 Oxon.
1172 2182 1238 2220 pr.
1261 2182 1316 2209 m.
1339 2182 1423 2209 sec.
1445 2170 1614 2209 Tholos.
1634 2169 1783 2210 Ambr.
1805 2174 1908 2210 tert.

88 2223 268 2262 Discidio
295 2224 394 2264 Jun.
425 2235 491 2274 pr.
518 2223 659 2262 Oxon.
692 2235 778 2262 sec.
822 2224 969 2262 deditio
1001 2235 1145 2262 omnes
1165 2223 1285 2262 Vatt.
1306 2224 1400 2262 Pal.
1419 2224 1680 2263 Fam—253
1709 2223 1818 2262 cunei
1839 2224 1907 2262 vel

82 2278 211 2315 cuncti
230 2276 348 2316 Med.
368 2282 468 2315 tert.
512 2277 627 2315 simul
646 2288 722 2326 pro
737 2277 868 2326 palam
891 2276 1037 2317 Ambr.
1058 2289 1143 2316 sec.
1189 2278 1406 2316 decrescere
1426 2277 1527 2315 Put.
1549 2274 1699 2316 Ambr.
1729 2288 1793 2327 pr.
1840 2277 1906 2315 de-

81 2331 261 2369 scendere
282 2330 398 2369 Prie.
418 2330 544 2368 Farn.
563 2329 647 2368 duo
666 2329 786 2368 Med.
804 2330 909 2380 Reg.
929 2330 1034 2369 Lov.
1050 2329 1201 2369 Petav.
1218 2341 1303 2370 sec.
1326 2329 1497 2369 Tholos.
1518 2328 1667 2369 Ambr.
1683 2341 1766 2368 sec.
1782 2329 1905 2368 Leid.

82 2393 148 2434 pr.
181 2383 340 2422 Moret.
374 2395 461 2422 sec.
489 2383 591 2423 Jun.
625 2394 689 2431 pr.
724 2382 862 2420 Oxon.
898 2393 984 2421 sec.
1013 2383 1120 2420 Exc.
1139 2383 1319 2421 Lucens.
1340 2394 1403 2432 pr.
1423 2382 1489 2421 ed.
1509 2382 1650 2420 Vicet.
1695 2381 1905 2421 desciscere

80 2434 230 2476 Ambr.
252 2441 353 2476 tert.
372 2436 458 2474 vid.
478 2435 592 2474 infra
609 2438 702 2474 262.
730 2436 925 2473 discedere
947 2434 1014 2473 vel
1031 2436 1257 2473 descendere
1277 2435 1394 2473 Med.
1416 2446 1478 2484 pr.
1518 2434 1733 2472 discernere
1755 2434 1819 2472 vel
1837 2435 1904 2473 de-

79 2490 256 2528 scendere
275 2489 371 2527 Pal.
411 2487 536 2526 turbae
554 2489 653 2527 Vat.
678 2500 740 2537 pr.
761 2493 806 2526 et
825 2492 929 2527 tert.
950 2487 1050 2527 Put.
1068 2488 1167 2530 Jun.
1190 2499 1256 2537 pr.
1284 2487 1426 2526 Oxon.
1448 2490 1668 2525 sem—254
1698 2487 1901 2536 Prosequi-

25 2535 27 2542 '
80 2545 149 2581 tur
168 2541 308 2580 Oxon.
326 2553 412 2579 see.
442 2552 611 2590 vanoque
630 2540 731 2579 Pat.
749 2539 898 2579 Ambr.
919 2551 984 2591 pr.
1012 2540 1192 2590 varioque
1209 2540 1293 2578 duo
1311 2540 1433 2578 Vatt.
1449 2539 1550 2578 Put.
1568 2539 1727 2578 Thuan.
1748 2539 1902 2579 Petav.

81 2606 169 2636 sec.
186 2593 376 2645 frequens
396 2594 497 2634 Put.
520 2592 684 2633 Thurin.
701 2593 841 2634 Oxon.
862 2605 947 2632 sec.
966 2592 1142 2641 fremens
1161 2593 1227 2633 vel
1234 2591 1421 2644 frequens
1439 2592 1523 2633 inc.
1539 2592 1691 2635 Heius.
1710 2597 1902 2633 retentat

900 2705 1081 2746 NOTAE

90 2808 93 2813 ’
132 2813 211 2851 245
243 2808 402 2860 Fames]
434 2810 534 2850 Non
562 2807 791 2860 imperiosa
810 2806 959 2859 fames,
1024 2820 1114 2848 rem
1147 2811 1192 2848 et
1223 2807 1359 2847 minus
1400 2807 1571 2859 plenum
1604 2806 1900 2858 relinquendo.

78 2884 174 2925 qnae
205 2873 358 2913 temnit
377 2873 517 2911 omnia
535 2872 741 2923 pericula,
770 2883 854 2910 non
879 2872 958 2923 ira,
1027 2872 1137 2910 Nam
1166 2872 1399 2923 decerpere
1427 2875 1493 2910 est
1518 2870 1579 2910 ita
1604 2870 1828 2911 detrahere
1845 2883 1900 2910 ex

79 2947 166 2975 non
195 2936 334 2987 pudor
367 2942 525 2986 cogunt
558 2936 688 2975 etiam
718 2936 834 2974 illurn
855 2947 958 2986 pug-
1024 2939 1117 2974 toto
1147 2940 1340 2985 corpore,
1364 2938 1414 2973 ut
1442 2933 1656 2972 minuatur
1684 2944 1900 2981 numerus,

74 3009 208 3048 ηπῶς
244 2999 352 3038 adeo
381 2997 562 3047 diffidit,
593 2999 700 3038 adeo
737 2998 957 3050 desperat,
1022 2996 1180 3048 fiatque
1198 2996 1365 3035 raritas.
1512 2986 1519 2993 ⁶

79 3061 187 3102 adeo
205 3061 435 3102 confitetur
453 3074 498 3101 se
519 3061 657 3100 animo
679 3061 836 3101 victum
854 3072 958 3100 esse.
1077 3064 1157 3099 252
1189 3061 1330 3099 Paucis
1360 3057 1524 3108 occulta]
1585 3058 1783 3098 Necdum
1828 3070 1898 3098 oc-

131 3127 212 3164 249
246 3123 449 3172 confessos
476 3124 678 3175 subjugat]
714 3124 821 3163 Haec
853 3135 958 3163 vera
1023 3124 1183 3164 cultum
1204 3128 1298 3162 erat
1317 3122 1463 3173 paucis
1477 3123 1615 3173 parari
1632 3121 1898 3174 seditionem,

33 3199 40 3256 t
79 3193 281 3240 certaque
303 3187 483 3227 victoria
510 3193 592 3238 est,
620 3200 716 3227 cum
738 3187 838 3226 victi
857 3198 955 3225 con·
1024 3198 1117 3238 quae
1138 3186 1292 3224 malum
1318 3184 1545 3236 pessimum
1572 3191 1653 3224 est.
1711 3182 1821 3224 Nam
1841 3195 1895 3223 ex

35 3257 39 3284 i
78 3248 256 3290 fitentur
275 3250 436 3290 animos
452 3262 547 3289 suos
565 3262 657 3289 esse
674 3254 908 3299 superatos.
1021 3249 1206 3300 Vegetio
1223 3262 1233 3287 ε
1265 3249 1276 3270 ‘
1297 3247 1412 3287 nulla
1430 3246 1619 3298 quamvis
1639 3245 1809 3284 minima
1833 3256 1896 3283 ra-

35 3291 41 3333 Ῐ
83 3337 89 3349 2
131 3313 212 3349 250
240 3310 390 3361 Robur]
419 3312 567 3351 Crebri
600 3311 831 3362 transfugae
851 3310 953 3350 inci·
1020 3312 1081 3351 tio
1116 3316 1261 3363 potest
1295 3310 1349 3351 ab
1380 3310 1635 3350 adversariis
1665 3307 1893 3361 perdeleri‚

36 3337 43 3428 ι
77 3373 255 3425 piebant
284 3372 521 3425 decerpere
552 3380 598 3414 et
627 3374 853 3414 debilitare
887 3385 954 3414 ro·
1018 3374 1099 3413 nisi
1137 3373 1321 3425 propriis
1372 3373 1659 3414 simultatibus
1709 3382 1756 3413 se
1798 3369 1892 3425 ipsa

39 3434 45 3546 ἰ
79 3436 159 3479 bur
175 3449 226 3480 ac
244 3437 329 3478 vim
346 3439 574 3492 exercitus,
592 3451 688 3480 eum
701 3439 795 3492 jam
820 3439 953 3480 rario-
1017 3436 1322 3480 consumserit?
