2300 3906
641 178 707 217 IN
753 178 820 217 11.
858 177 1031 216 coNS.
1070 177 1342 217 S'rlmcn.
1383 179 1507 218 Lm.

163 292 308 358 Quae
334 293 435 346 tibi
458 293 690 345 restituit
709 293 920 345 fasces:
960 295 1321 362 complectere
1355 295 1619 360 dextram,

161 378 278 430 Sub
295 377 431 445 juga
454 393 580 444 quae
607 376 818 426 Poenos
843 377 1035 429 iterum
1061 378 1322 431 Romana
1341 381 1572 447 redegit.

163 461 382 529 Echpe
409 459 812 525 magnanimum
834 466 1051 526 pectuS‚
1080 477 1194 528 quo
1217 462 1393 514 fraena
1417 467 1671 531 reguntur

164 544 411 612 Imperii,
438 543 599 610 cujus
620 543 849 594 libratur
873 546 1128 596 sensibus
1152 545 1319 596 orbis,
1904 549 1976 601 10

166 627 248 679 Os
275 640 508 686 sacrum,
533 625 683 691 quod
709 626 766 677 in
791 643 899 678 aere
924 627 1082 691 coliS,
1103 627 1321 678 miraris
1347 627 1406 682 in
1430 644 1583 694 auro,

158 710 334 763 Cerne
356 708 554 759 libens.
627 708 742 760 Hic
766 717 853 761 est
877 727 981 776 pro
1004 715 1060 763 te
1085 709 1317 762 bellator
1346 710 1569 786 ubiqfue,

162 792 439 845 Defensor
463 792 677 859 Libyae,
706 791 887 845 Rheni
908 797 1139 860 pacator
1162 798 1221 844 et
1246 791 1446 846 Histri.

233 875 520 927 Ostentare
545 892 674 928 suos
698 877 883 944 prisco
910 877 958 928 si
980 893 1130 929 more
1154 878 1394 941 labores,

160 958 232 1013 Et
257 964 441 1027 gentes
467 966 690 1027 cuperet
714 961 879 1028 vulgo
904 966 1201 1015 monstrare
1227 962 1518 1035 subactas3
1907 964 1979 1017 15

152 1135 282 1186 fama.
340 1136 433 1175 Cole
468 1135 686 1186 Consulem,
714 1134 782 1186 qui
810 1136 982 1175 reddidit
1004 1135 1137 1185 fasces
1166 1135 1241 1175 tibi
1252 1150 1269 1184 ,·
1308 1139 1494 1181 osculare
1507 1150 1680 1188 manum,
1706 1151 1792 1190 quoe
1819 1139 1980 1180 reduxit

159 1190 302 1230 iterum
324 1188 668 1238 Carthaginienses
693 1188 735 1227 in
753 1190 979 1229 servitutem
995 1190 1226 1229 Romanam.
1272 1189 1434 1241 Suscipe
1460 1191 1632 1242 animum
1655 1204 1897 1242 generosum,
1913 1192 1982 1244 qui

160 1244 382 1282 moderatur
400 1241 566 1281 habenas
584 1241 764 1292 Imperii,
783 1243 892 1291 cujus
914 1242 1017 1281 curis
1037 1244 1212 1282 Mundus
1226 1243 1452 1282 sustinetur.
1494 1245 1650 1294 *Aspice
1679 1246 1808 1284 volens
1833 1246 1982 1284 vultum

160 1295 280 1335 illum
299 1307 464 1344 sacrum,
483 1306 594 1345 quem
608 1295 807 1334 veneraris
819 1295 862 1334 in
879 1296 1020 1335 statuis
1036 1295 1205 1344 aheneis,
1224 1299 1262 1334 et
1275 1295 1484 1335 admiraris
1497 1297 1540 1336 in
1559 1297 1712 1336 statuis
1729 1299 1870 1338 aureis.
1903 1298 1983 1337 Hie

160 1348 326 1388 Stilicho
339 1352 396 1387 est
414 1347 556 1398 ubique
579 1352 776 1398 pugnator
797 1360 869 1399 pro
898 1352 953 1399 te,
982 1348 1048 1400 qui
1066 1348 1247 1387 liberavit
1266 1347 1448 1399 Libyam,
1467 1350 1538 1401 qui
1552 1350 1723 1401 placavit
1745 1350 1924 1389 Rhenum
1944 1354 1983 1389 et

158 1401 396 1442 Danubium.
451 1399 497 1440 Si
514 1400 693 1440 Stilicho
711 1402 983 1441 consuetudine
1000 1401 1161 1453 antiqua
1189 1401 1303 1440 vellet
1317 1401 1472 1450 jactare
1495 1402 1610 1451 facta
1627 1415 1712 1454 sua,
1730 1407 1768 1443 et
1785 1404 1983 1443 ostendere

925 1518 1223 1535 OO‘OOOO‘OOOO·

163 1600 365 1640 constituit
385 1601 488 1641 Lov.
506 1602 733 1654 amplectere
751 1601 954 1642 Rott.-s
982 1601 1051 1652 qui
1068 1599 1198 1652 fasces
1219 1612 1298 1652 pro
1316 1614 1400 1652 quae
1418 1602 1558 1640 Poenos
1574 1600 1725 1641 Ambr.
1745 1613 1810 1652 pr.
1830 1605 1984 1642 tantum

166 1653 346 1692 Romarm
365 1655 517 1695 Petav.
546 1666 630 1695 sec.
648 1655 809 1694 reduxit
830 1653 953 1695 Leid.
983 1666 1050 1705 pr.
1082 1654 1214 1703 coligit
1241 1653 1353 1706 Reg.
1383 1655 1542 1695 Moret.
1571 1666 1658 1693 sec.
1686 1653 1840 1704 subegit
1867 1655 1985 1695 Prie.

164 1706 284 1747 Med.
305 1712 405 1746 tert.
426 1707 509 1748 inc.
528 1706 680 1748 Heius.
699 1708 801 1748 Put.
820 1708 848 1749 J
853 1720 922 1748 un.
942 1719 1008 1758 pr.
1028 1707 1131 1748 Lov.
1158 1719 1215 1747 m.
1245 1720 1331 1748 sec.
1351 1708 1504 1757 redegit
1526 1708 1593 1747 vel
1620 1706 1774 1756 subegit
1794 1708 1984 1748 Florent.

163 1759 317 1809 subegit
334 1760 402 1798 vel
419 1760 545 1810 coegit
564 1761 708 1800 Oxou.
727 1764 896 1801 eece—9
922 1760 1067 1811 Accipe
1085 1761 1188 1800 Lov.
1218 1772 1342 1811 regna
1362 1761 1524 1800 Mazar.
1549 1764 1734 1809 regentur
1752 1760 1844 1800 Pal.
1864 1761 1986 1800 Med.

165 1823 231 1863 pr.
251 1817 440 1862 regantur
458 1813 726 1853 Moret.—ll
755 1814 798 1853 in
814 1826 892 1853 oere
908 1813 1007 1854 Jun.
1027 1825 1093 1864 pr.
1118 1814 1162 1853 in
1179 1826 1257 1853 oere
1287 1814 1395 1854 Exc.
1421 1813 1546 1872 Laeti.
1575 1817 1701 1853 mente
1721 1812 1857 1852 Oisel.
1887 1815 1987 1853 coles

163 1874 327 1914 Mazar.
354 1876 499 1914 mirare
523 1873 594 1913 sub
622 1887 717 1914 auro
743 1875 868 1916 voss.
895 1888 951 1914 m.
978 1888 1042 1927 pr.
1069 1876 1214 1918 mirare
1231 1890 1278 1917 sn
1296 1889 1389 1916 auro
1409 1878 1512 1916 Lov.
1526 1876 1670 1916 mirare
1684 1876 1768 1916 sine
1782 1888 1876 1915 auro
1895 1882 1986 1916 tres

164 1927 286 1967 Vatt.
304 1927 421 1968 Prie.
441 1940 496 1967 m.
514 1940 600 1971 sec.
623 1927 707 1967 duo
726 1928 847 1969 Med.
876 1932 966 1968 tres
997 1929 1153 1968 Petav.
1182 1931 1267 1970 inc.
1304 1930 1453 1968 Heius.
1474 1930 1577 1968 Put.
1597 1928 1747 1968 Ambr.
1776 1941 1863 1968 sec.
1883 1930 1986 1969 Jun.

165 1992 234 2032 pr.
251 1981 411 2021 Moret.
430 1992 515 2020 sec.
535 1980 603 2020 ed.
620 1981 763 2021 Vicet.
781 1981 884 2021 Var.
918 1982 1008 2021 LL.
1036 1993 1060 2020 e
1091 1993 1221 2034 marg.
1253 1983 1393 2022 Parm.
1427 1986 1472 2021 et
1502 1982 1568 2022 ed.
1588 1981 1719 2020 Antv.
1746 1981 1890 2020 mirare
1918 1982 1987 2020 sub.

166 2045 260 2074 auro
279 2034 346 2074 vel
364 2033 525 2074 miraris
541 2034 584 2073 iu
601 2046 696 2074 auro
715 2034 836 2074 Leid.
854 2038 1025 2086 pr.—l2
1053 2035 1116 2073 hic
1133 2039 1174 2074 te
1206 2037 1293 2076 inc.
1328 2035 1480 2074 Heius.
1499 2034 1609 2082 felix
1627 2034 1786 2074 bellator
1804 2034 1902 2072 Vat.
1922 2046 1988 2085 pr.

166 2092 213 2127 et
232 2092 336 2127 tert.
355 2087 448 2128 Pal.
481 2088 672 2127 Florent.
706 2087 825 2127 Med.
852 2099 919 2139 pr.
950 2088 1059 2138 Reg.
1093 2088 1262 2128 Thuan.
1288 2090 1390 2127 Vat.
1421 2088 1560 2127 Livin.
1574 2099 1648 2137 pro
1667 2091 1707 2125 te
1725 2087 1885 2126 bellator
1904 2087 1988 2126 duo

164 2139 314 2180 Leidd.
335 2145 423 2180 tres
443 2140 564 2180 Vatt.
584 2140 712 2180 Farn.
734 2140 854 2181 Rott.
885 2140 1005 2181 Med.
1045 2151 1128 2180 sec.
1154 2142 1255 2181 Jun.
1286 2153 1352 2192 pr.
1389 2140 1529 2180 Oxon.
1562 2151 1648 2179 sec.
1676 2141 1798 2179 Voss.
1828 2140 1988 2180 Moret.

169 2205 256 2234 sec.
276 2193 376 2233 Ald.
398 2194 503 2233 Exc.
523 2193 703 2234 Gevart.
722 2194 824 2233 Var.
854 2194 938 2233 LL.
958 2193 1027 2233 ed.
1055 2193 1186 2233 Antv.
1216 2207 1289 2246 pro
1319 2199 1360 2234 te
1379 2194 1446 2245 qui
1475 2197 1627 2244 pugnat
1659 2193 1762 2232 Lov.
1790 2197 1990 2244 pugnator

165 2246 316 2287 Ambr.
338 2259 402 2298 pr.
422 2248 523 2286 Vat.
542 2258 627 2287 sec.
646 2245 798 2287 Sebed.
818 2246 931 2287 Gud.
943 2246 1052 2294 felix
1067 2248 1133 2286 vel
1149 2260 1222 2298 pro
1241 2252 1280 2287 te
1299 2248 1417 2287 Med.
1447 2252 1548 2287 tert.
1578 2246 1712 2296 ubique
1734 2246 1841 2285 Exc.
1863 2245 1990 2286 Laeti.

166 2300 318 2352 utrique
338 2300 576 2341 0ise1.-13
602 2304 764 2351 pacator
791 2301 891 2340 Vat.
926 2312 991 2350 pr.
1024 2304 1071 2339 et
1103 2304 1205 2340 tert.
1238 2301 1334 2340 Pal.
1359 2301 1548 2339 Florent.
1575 2299 1694 2337 Med.
1725 2310 1790 2349 pr.
1823 2304 1869 2337 et
1901 2311 1989 2339 sec.

168 2353 278 2405 Reg.
297 2354 462 2393 Mazar.
481 2354 642 2393 Thuan.
668 2354 839 2392 calcator
857 2353 943 2392 duo
975 2352 1128 2391 Leidd.
1149 2365 1246 2393 cum
1277 2353 1427 2404 viginti
1456 2352 1621 2391 duobus
1641 2351 1748 2400 aliis,
1765 2351 1872 2389 Exc.
1903 2352 1991 2391 Ge-

167 2412 281 2446 vart.
301 2408 478 2447 Lucens.
492 2418 558 2457 pr.
574 2406 643 2445 ed.
659 2406 803 2445 Parm.
824 2410 870 2444 et
887 2404 1031 2445 Vicet.
1043 2405 1147 2445 Var.
1166 2407 1252 2445 LL.
1272 2405 1341 2445 ed.
1360 2404 1491 2444 Antv.
1511 2407 1716 2443 damnator
1735 2404 1803 2442 vel
1819 2404 1991 2443 calcator

169 2458 277 2499 Lov.
294 2461 462 2498 calcator
479 2460 547 2498 vel
558 2462 723 2510 pacator
740 2458 894 2502 Petav.
923 2461 1026 2498 tert.
1045 2458 1174 2497 Hebri
1207 2458 1330 2497 Rott.
1354 2457 1448 2496 [stri
1465 2458 1573 2496 Exc.
1603 2455 1835 2495 Laeti.-14
1866 2456 1990 2495 Obtu-

168 2522 260 2551 rare
290 2510 438 2551 Ambr.
466 2515 636 2563 pr.—l5
667 2511 718 2550 In
745 2511 817 2550 vel
850 2511 908 2549 Et
937 2511 1097 2550 Μαι-ετ.
1128 2523 1194 2563 pr.
1222 2523 1380 2561 cuperes
1410 2510 1509 2551 Jun.
1538 2521 1604 2561 pr.
1633 2510 1745 2559 virgo
1765 2508 1990 2549 Tholos·.-—

989 2642 1166 2685 NOTAE

171 2735 466 2787 pectabamus‚
510 2734 662 2775 melior
699 2739 764 2775 est
796 2747 920 2787 quam
953 2747 1050 2774 eum

172 2796 288 2837 fama
320 2798 415 2848 ipsa
447 2797 729 2850 praedicabat,
746 2797 828 2837 etsi
855 2797 986 2838 bonus
1006 2802 1052 2838 et

173 2871 351 2911 magnus
370 2872 540 2911 semper
559 2858 657 2899 fuit.

231 2922 431 2973 Curulem]
468 2923 694 2962 Consulem
723 2921 770 2961 iii
798 2921 947 2962 Curuli
977 2934 1052 2961 seu

176 2985 283 3027 sella
313 2986 502 3025 eburnea
531 2985 764 3025 sedentem.
821 2984 1053 3025 Continens

176 3060 257 3101 pro
276 3054 496 3099 contento,
510 3049 841 3100 Metonymicds.

232 3114 259 3152 7
287 3111 501 3163 Restituit]
527 3112 611 3154 Qui
629 3110 765 3151 fasces
798 3123 873 3151 seu
898 3111 1055 3152 Consu-

178 3173 311 3215 latum
341 3187 428 3215 suae
449 3175 640 3227 pristinae
671 3174 888 3227 majestati
914 3174 1055 3214 reddi-

182 3232 260 3275 dit.

236 3299 263 3335 8
307 3298 464 3353 Poenos]
507 3299 736 3341 Gildonem
777 3303 823 3338 et
866 3299 1055 3349 Mauros,

186 3357 338 3411 quibus
350 3359 527 3403 devictis
539 3367 608 3403 est
618 3363 797 3412 defensor
808 3361 962 3414 Dibyae,
974 3362 1057 3402 hoc

1116 2739 1198 2785 est,
1230 2734 1431 2775 liberavit
1463 2732 1659 2785 Libyam,
1679 2737 1724 2773 et
1744 2744 1836 2772 eam
1869 2732 1992 2772 resti·

1117 2797 1203 2838 tuit
1219 2798 1420 2837 Romanis
1435 2797 1487 2836 ad
1515 2796 1774 2836 frumentum
1794 2794 1994 2848 suppedi-

1117 2859 1308 2900 tandum.

1173 2925 1224 2961 10
1249 2920 1457 2972 Libratur]
1490 2921 1557 2961 Ita
1575 2921 1756 2961 mundus
1771 2920 1995 2973 vigilantia

1118 2985 1314 3037 curisque
1346 2984 1588 3025 Stilichonis
1616 2984 1851 3024 sustinetur
1867 2982 1997 3023 libra-

1119 3053 1290 3100 turque‚
1324 3053 1372 3088 ut
1403 3060 1481 3088 nec
1502 3048 1797 3099 propendeat,
1831 3059 1912 3087 nec
1950 3047 1995 3086 in

1121 3112 1371 3150 alterutram
1390 3116 1557 3162 partem
1583 3116 1737 3162 peccet
1757 3110 1952 3150 cadatve.

1173 3176 1224 3211 13
1255 3173 1442 3225 Pacator]
1466 3174 1644 3214 Stilicho
1663 3174 1848 3214 Danubii
1874 3185 1994 3214 acco·

1119 3236 1181 3275 las
1201 3248 1295 3275 cum
1312 3236 1552 3277 Theodosio
1571 3238 1758 3288 pacavit.

1177 3301 1228 3338 14
1248 3299 1389 3340 Prisco
1404 3299 1525 3351 more]
1543 3298 1906 3351 Triumphantium
1921 3306 1993 3337 ve·

1124 3366 1278 3402 terum.
