2300 3906
303 211 413 265 618
652 226 658 230 ·
904 223 997 261 οι..
1038 217 1391 259 cLAUmANJ
1437 215 1608 255 xxn.

306 344 491 410 Quam
516 359 772 397 moveas:
811 340 1071 409 precibus
1095 351 1377 403 nunquam
1401 334 1769 402 implacabilis
1794 334 2015 387 obstes:

305 428 493 481 Obvia
516 433 853 496 prosternas,
890 425 1283 490 prostrataque
1310 435 1464 470 more
1488 419 1715 470 leonum
2066 416 2139 470 20

306 513 608 580 Despicias
630 528 643 575 ;
683 511 897 561 alacres
920 507 1108 559 ardent
1136 506 1232 572 qui
1257 504 1509 570 frangere
1535 510 1742 566 taurOS,

302 596 636 649 Transiliunt
660 594 881 663 praedas
905 593 1160 644 humiles,
1239 589 1367 641 Hac
1391 590 1513 656 ipse
1537 589 1807 655 magistra

303 681 424 733 Das
449 683 668 733 veniam
692 680 891 733 victis:
931 679 1035 729 hac
1060 681 1327 728 exorante
1355 674 1573 727 calores

303 762 634 827 Horrificos,
673 768 727 815 et
751 780 877 831 quae
901 777 1177 828 nunquam
1203 760 1454 811 nocitura
1478 759 1741 810 timentur

300 848 339 901 J
342 849 512 915 urgia,
551 852 835 900 contentus
862 847 982 898 solo
1009 851 1225 908 terrore,
1265 843 1532 907 co‘erce33
2066 838 2138 893 25

248 968 252 973 -
302 933 539 985 AEtherii
566 933 740 999 patris
765 931 1043 996 exemplo,
1084 929 1179 995 qui
1203 932 1404 979 cuncta
1428 940 1629 976 sonoro

306 1016 645 1069 Concutiens
671 1014 894 1075 tonitru,
935 1010 1245 1079 Cyclopum
1269 1009 1486 1077 spicula
1514 1008 1686 1060 defert

302 1152 394 1191 bas:
415 1151 571 1201 mitiges
586 1150 704 1189 citius
717 1150 1096 1200 iracundiam,qaam
1112 1149 1281 1189 excites.-
1296 1161 1491 1200 nunqnam
1510 1160 1661 1197 noceas,
1681 1146 1800 1199 quasi
1816 1147 1872 1188 sis
1889 1146 2141 1187 inexorabilis

299 1206 511 1258 precibus:
539 1204 701 1254 dejicias
730 1203 968 1251 resistentia,
999 1205 1066 1243 sed
1101 1204 1230 1242 instar
1263 1204 1412 1242 leonum
1443 1206 1664 1241 contemnas
1682 1202 1843 1250 dejecta.
1899 1201 1970 1240 Illi
1990 1200 2143 1253 quista·

297 1263 417 1309 grant
451 1262 622 1298 sternere
654 1262 788 1297 tauros
810 1256 981 1305 feroces,
1015 1257 1327 1308 praetermittunt
1352 1257 1508 1308 praedas
1535 1257 1649 1295 leves.
1710 1255 1799 1295 Hac
1820 1255 2059 1295 Clementia
2075 1256 2143 1294 do·

300 1316 427 1361 cente,
457 1318 503 1351 tu
532 1311 612 1362 ipse
627 1311 803 1350 concedis
837 1312 987 1349 veniam
1004 1311 1200 1361 superatis
1212 1323 1226 1347 .·
1253 1310 1326 1349 hac
1343 1313 1506 1360 rogante
1524 1312 1728 1350 contentus
1744 1309 1823 1348 solo
1842 1309 1997 1359 timore,
2013 1307 2141 1360 repri-

300 1366 374 1404 mis
405 1366 595 1405 tumultus
622 1364 833 1414 terribiles,
866 1367 904 1403 et
931 1364 1057 1412 rixas,
1090 1377 1174 1415 quoe
1198 1363 1486 1413 formidantur,
1515 1363 1591 1403 etsi
1622 1375 1817 1413 nunqnam
1835 1362 2026 1401 nocitum
2045 1372 2140 1402 esse

298 1418 525 1467 videntum
545 1419 728 1457 imitatus
739 1421 896 1470 patrem
915 1419 1113 1468 caelestem,
1133 1417 1199 1468 qui
1214 1418 1427 1469 percellens
1458 1417 1590 1458 omm‘a
1611 1416 1784 1466 fulmine
1813 1416 2008 1466 reboante,
2028 1415 2142 1465 J’acu·

1064 1551 1163 1566 ΟΙΙΙ
1167 1550 1335 1567 “OOC“
1339 1551 1362 1566 0

297 1654 366 1694 ed.
401 1653 532 1693 Antv.
574 1655 675 1693 ultro
702 1654 772 1693 vel
804 1655 907 1693 ultor
938 1654 1065 1693 Farn.
1087 1654 1189 1693 Vat.
1210 1653 1347 1706 quint.
1376 1653 1484 1704 Reg.
1506 1651 1592 1691 duo
1612 1651 1865 1691 Oxum—19
1894 1649 2019 1690 obstes
2041 1650 2140 1691 Vat.

295 1708 431 1747 Livin.
468 1709 573 1746 Exc.
605 1707 730 1746 Laeti.
780 1706 902 1746 instes
932 1707 1087 1746 Petav.
1109 1712 1210 1746 tert.
1253 1706 1383 1745 hostes
1400 1707 1528 1745 Farn.
1575 1704 1698 1744 hostis
1717 1704 1876 1743 Moret.
1896 1715 1962 1755 pr.
2009 1705 2138 1744 adstes

295 1761 417 1800 Med.
440 1766 580 1812 quart.
607 1760 733 1799 abstes
753 1766 839 1798 vet.
862 1760 971 1811 Gyr.
1013 1764 1117 1801 astes
1136 1761 1221 1799 duo
1242 1759 1393 1799 Leidd.
1411 1770 1506 1799 cum
1528 1759 1678 1798 decem
1699 1757 1809 1807 aliis,
1827 1758 1934 1798 Exc.
1955 1757 2135 1798 Gevart.

295 1815 475 1854 Lucens.
506 1826 571 1864 pr.
607 1813 709 1854 Ald.
741 1814 808 1853 ed.
836 1814 980 1853 Vicet.
1000 1815 1105 1854 Var.
1139 1814 1224 1854 LL.
1258 1826 1281 1853 e
1316 1825 1451 1864 marg.
1474 1812 1618 1852 Parm.
1661 1815 1764 1851 astes
1781 1811 1849 1851 vel
1870 1811 1995 1851 obstes
2013 1812 2138 1852 Voss.

295 1868 438 1908 Oxou.
477 1870 673 1907 δρα-20
702 1868 874 1907 Parcere
902 1868 1132 1907 substractis
1165 1880 1236 1907 ceu
1265 1867 1404 1906 nobilis
1433 1866 1498 1905 ira
1516 1865 1635 1905 leonis
1653 1866 1951 1904 Florent.-—2l
1994 1867 2138 1905 audent

293 1921 413 1961 Med.
446 1934 531 1961 sec.
570 1920 673 1961 Put.
711 1921 810 1960 Pat.
853 1922 1029 1970 gaudent
1048 1920 1150 1961 Jun.
1168 1933 1234 1971 ρι’.
1271 1922 1446 1969 gaudent
1462 1920 1530 1958 vel
1564 1920 1708 1958 audent
1740 1918 1808 1957 vel
1836 1919 1974 1956 ardent
1995 1918 2136 1958 Oxou.

294 1986 383 2014 sec.
410 1974 477 2025 qui
506 1979 596 2012 tres
616 1974 738 2013 Med.
757 1973 840 2013 inc.
863 1974 1016 2013 Heius.
1038 1974 1144 2014 Exc.
1167 1974 1352 2014 Lucens.
1373 1985 1437 2024 pr.
1467 1984 1554 2012 cum
1580 1975 1754 2011 sternere
1770 1972 1878 2010 Exc.
1901 1972 2025 2011 Laeti.
2051 1984 2137 2012 cum

283 2027 478 2077 frangere
500 2028 594 2066 Pal.
623 2032 709 2066 vet.
729 2027 836 2078 Gyr.
864 2026 1109 2077 confringere
1127 2028 1288 2066 Thuan.
1317 2026 1383 2078 qui
1392 2025 1586 2076 frangere
1605 2026 1729 2065 voss.
1749 2037 1846 2064 cum
1866 2025 2020 2076 viginti
2039 2026 2134 2065 aliis

293 2086 339 2120 et
354 2081 461 2121 Exe.
480 2080 660 2120 Gevart.
691 2080 756 2130 qui
770 2079 964 2130 frangere
980 2081 1049 2119 vel
1068 2094 1153 2120 cum
1162 2080 1354 2130 frangere
1375 2081 1443 2118 vel
1458 2077 1704 2128 confringere
1724 2079 1867 2119 Oxon.
1892 2090 1977 2118 sec.
2006 2091 2137 2118 cervos

293 2133 411 2174 Prie.
451 2146 589 2173 carnes
622 2133 765 2173 Oxou.
802 2145 885 2172 sec.
904 2146 962 2173 m.
986 2137 1162 2183 ρι’.-22
1209 2133 1448 2173 Transibunt
1470 2133 1663 2172 Florent.
1685 2145 1739 2172 m.
1760 2144 1824 2184 pr.
1875 2133 2137 2172 Contemnunt

292 2186 415 2228 Med.
437 2199 523 2226 sec.
569 2187 732 2226 humiles
758 2188 915 2238 proedas
944 2186 1028 2226 duo
1047 2188 1170 2226 Vatt.
1205 2186 1324 2227 Prie.
1345 2187 1500 2226 Petav.
1535 2198 1601 2237 pr.
1631 2185 1751 2226 Med,
1773 2198 1855 2225 sec.
1884 2186 1963 2224 ista
1977 2185 2135 2226 Petav-

290 2252 377 2281 sec.
404 2240 479 2280 iste
495 2241 594 2280 Vat.
630 2252 692 2290 pr.
727 2253 751 2278 a
777 2252 829 2280 m.
865 2253 928 2290 pr.
965 2240 1089 2280 Leid.
1118 2252 1202 2280 sec.
1236 2252 1290 2280 m.
1324 2252 1391 2291 pr.
1421 2246 1466 2279 et
1486 2240 1638 2290 viginti
1659 2239 1795 2279 Codd.
1816 2240 1923 2278 Exc.
1948 2239 2134 2281 Gevart.

294 2295 478 2341 Lucens.
501 2306 566 2344 pr.
588 2293 656 2333 ed.
677 2294 822 2333 Parm.
851 2299 896 2333 et
915 2293 1062 2333 vicet.
1106 2298 1204 2334 teste
1225 2293 1483 2345 conjiciebat
1506 2293 1768 2332 Heius—23
1800 2293 1867 2332 Da
1886 2294 2007 2333 Rott.
2028 2293 2134 2333 Vat-

290 2360 357 2398 pr.
395 2360 449 2387 m.
480 2359 542 2396 pr.
589 2348 678 2386 Dat
696 2348 798 2387 Vat.
819 2359 904 2387 sec.
924 2347 1053 2387 Farn.
1084 2347 1168 2387 duo
1197 2347 1318 2388 Med.
1354 2347 1453 2387 Put.
1479 2347 1646 2386 Bonon.
1666 2347 1834 2386 Tholas.
1854 2348 1959 2386 Lov.
1984 2346 2130 2387 Oxon.

292 2412 379 2440 sec.
400 2401 562 2439 Moret.
584 2412 671 2439 sec.
691 2405 781 2439 tres
802 2400 950 2440 Ambr.
986 2401 1091 2440 Exc.
1110 2401 1292 2441 Gevart.
1331 2400 1419 2440 Das
1437 2401 1544 2440 Exc.
1564 2399 1690 2440 Laeti.
1724 2400 1813 2439 Dat
1834 2401 1904 2440 vel
1934 2400 2002 2440 Da
2024 2400 2133 2451 Reg.

292 2454 433 2492 Oxon.
454 2465 519 2504 pr.
561 2453 707 2492 vinctis
725 2453 846 2492 Med.
878 2465 962 2493 sec.
1003 2455 1153 2493 cunctis
1181 2454 1264 2493 inc.
1298 2453 1448 2494 Heius.
1476 2466 1640 2493 exorare
1654 2453 1756 2493 Vat.
1778 2466 1842 2503 pr.
1861 2466 1918 2492 m.
1939 2465 2004 2504 pr.
2025 2454 2134 2504 Reg.

289 2511 475 2546 exorante
503 2506 600 2546 Pal.
632 2506 749 2546 Prie.
782 2506 918 2546 Oisel.
951 2506 1035 2545 duo
1066 2506 1185 2547 Med.
1223 2508 1306 2547 ine.
1349 2507 1502 2546 Heins.
1535 2508 1639 2548 Jun.
1671 2519 1737 2557 pr.
1757 2506 1910 2547 Ambr.
1939 2518 2027 2547 sec.
2047 2506 2132 2547 duo

290 2561 433 2600 Oxou.
474 2560 705 2600 exhortante
719 2560 819 2600 Vat.
847 2571 936 2599 sec.
971 2566 1017 2599 et
1045 2573 1110 2612 pr.
1139 2573 1196 2600 m.
1220 2573 1306 2600 sec.
1331 2560 1578 2600 Oisel.-—24
1609 2560 1814 2612 Τεννξῇεοε
1830 2561 1934 2600 Var.
1956 2560 2043 2600 LL.
2064 2560 2134 2601 ed.

289 2612 421 2654 Antv.
451 2613 672 2666 Horrzjficos
686 2614 756 2652 vel
781 2613 989 2667 Terrificos
1008 2613 1153 2654 Oxon.
1171 2617 1365 2655 sea—25
1396 2617 1637 2666 contemptus
1652 2614 1810 2653 Moret.
1827 2626 1892 2664 pr.
1908 2614 2029 2654 Med.
2046 2626 2134 2656 sec.

288 2667 451 2707 Mazar.
487 2666 662 2706 coercent
681 2666 801 2705 Med.
832 2673 934 2706 tert.
970 2667 1120 2707 coercet
1137 2668 1238 2707 Vnt.
1274 2679 1357 2707 sec.
1391 2668 1519 2708 Farn.
1552 2667 1675 2707 Med.
1709 2673 1848 2719 quart.
1873 2667 1958 2708 inc.
1978 2667 2133 2708 Heius.

290 2721 392 2759 Put.
407 2720 559 2759 Petav.
582 2732 666 2760 sec.
684 2720 850 2759 Bonon.
873 2721 970 2760 Pat.
990 2721 1159 2760 Tholos.
1190 2726 1277 2760 tres
1298 2719 1447 2761 Ambr.
1469 2721 1536 2760 ed.
1558 2721 1703 2761 Parm.
1730 2721 1906 2761 cohercet
1925 2721 2053 2761 Voss.
2072 2733 2130 2761 m.

288 2786 353 2823 pr.
388 2774 491 2813 Lov.
523 2774 682 2812 Moret.
716 2777 910 2813 sem—26
948 2786 1080 2812 sereno
1099 2773 1221 2814 Leid.
1242 2778 1413 2824 piu—2³7
1455 2774 1587 2813 sonitu
1605 2775 1705 2814 Vat.
1735 2780 1879 2826 quart.
1908 2775 2040 2814 sonita
2059 2775 2128 2815 vel

289 2827 442 2868 tonitru
460 2828 621 2867 Moret.
643 2838 707 2879 pr.
737 2826 875 2879 differt
895 2827 997 2867 Vat.
1031 2827 1166 2879 quint.
1196 2828 1326 2868 Farn.
1362 2827 1483 2867 Rott.
1518 2827 1635 2867 Prie.
1662 2829 1783 2868 Med.
1806 2840 1894 2868 sec.
1913 2828 2024 2869 Vara·
2040 2829 2129 2869 LL.

1115 2977 1296 3018 NOTAE

291 3082 490 3131 rogatus:
531 3079 594 3120 ita
626 3084 676 3120 ut
708 3093 804 3121 cum
838 3082 976 3133 possis
1007 3084 1175 3136 punire,
1242 3083 1395 3135 gilius:
1425 3083 1438 3105 ‘
1467 3082 1655 3122 Parcere
1688 3081 1890 3133 subjectis
1917 3086 1962 3122 et
1982 3082 2128 3124 debela

289 3155 453 3195 quaeras
469 3154 619 3182 causas
639 3143 904 3192 ignoscendi.
1240 3148 1330 3187 lare
1367 3144 1606 3196 superbos!
1661 3145 1740 3184 Est
1758 3151 1803 3184 et
1821 3145 1972 3185 tritum
1992 3146 2125 3187 illud:

344 3210 395 3246 19
442 3206 725 3258 Implacabilis]
778 3207 974 3248 Seneca:
1015 3210 1028 3231 ‘
1074 3210 1174 3250 Non
1239 3210 1252 3232 ‘
1273 3199 1466 3261 Corpora
1500 3208 1771 3259 magnanimo
1801 3208 1907 3248 satis
1940 3213 2008 3248 est
2029 3220 2126 3260 pro-

289 3270 418 3311 decet
443 3281 591 3322 regem
625 3283 741 3310 saeva
783 3283 863 3312 nec
896 3273 1172 3314 inexorabilis
1241 3278 1396 3312 strasse
1417 3269 1583 3311 Leoni)

290 3332 383 3373 ira!
1293 3338 1346 3375 27
1391 3334 1602 3386 Cyclopum
1629 3333 1798 3386 spicula]
1863 3334 2063 3375 Fulmina
2099 3347 2126 3375 a

342 3399 396 3438 2⁰
457 3395 739 3450 Prostrataqae
796 3397 1004 3450 despicias]
1077 3399 1175 3441 Vir·
1243 3397 1504 3452 Cyclopibus
1530 3396 1758 3439 fabricata.
2118 3410 2120 3413 ’
