2300 3906
5 1287 14 1312 f,

5 1382 21 1467 1³<

6 1469 8 1487 Ι

7 1583 24 1702 l

616 206 857 248 RAPTUS
896 210 1191 254 rnosum’.
1233 215 1354 258 mn.
1396 215 1462 257 ιι.
1832 212 1941 267 979

131 319 204 372 Et
227 336 455 387 sparsos
479 322 708 390 religant
733 328 930 391 crines,
954 335 1008 383 et
1032 333 1271 386 vultibus
1295 335 1505 389 addunt

133 402 435 468 Flammea,
464 407 736 460 solicitum
762 414 1117 476 praevelatura
1138 420 1423 485 pudorem.

133 485 348 539 Pallida
375 490 590 541 laetatur
614 493 783 557 regio,
813 498 1104 565 gentesque
1128 504 1358 569 sepultae

131 569 462 635 Luxuriant,
491 573 788 642 epulisque
813 584 1010 630 vacant
1032 583 1329 647 genialibus
1352 589 1577 643 umbrae.

132 653 309 707 Grata
334 659 576 709 coronati
603 666 862 728 peragunt
887 665 1143 718 convivia
1166 683 1368 720 manes.

133 737 418 806 Rumpunt
443 741 649 794 insoliti
675 747 966 799 tenebrosa
989 749 1204 803 silentia
1229 760 1443 809 cantus,

131 820 411 875 Sedantur
434 826 667 891 gemitus
688 846 701 881 :
741 830 907 883 Erebi
933 848 995 884 se
1022 839 1211 901 sponte
1235 838 1447 891 relaxat

131 902 382 972 squalor,
409 914 462 959 et
484 914 747 964 aeternam
773 915 982 981 patitur
1005 933 1281 971 rarescere
1306 929 1549 978 noctem:

131 987 289 1042 Urna
312 1008 410 1043 nec
435 993 669 1046 incertas
698 1003 876 1051 versat
901 999 1114 1054 Minoia
1139 1010 1344 1058 sortes:

1833 425 1941 478 325

1836 845 1942 897 330

127 1183 166 1218 et
183 1181 359 1220 solantur
375 1187 517 1223 metum
536 1186 619 1247 eJ'up
637 1188 764 1228 verbis
779 1190 939 1244 lenibus,
971 1206 1016 1232 ac
1033 1195 1205 1235 coercent
1222 1209 1348 1236 comas
1362 1197 1543 1249 diffusus,
1559 1203 1597 1238 et
1614 1203 1807 1250 apponunt
1814 1198 1944 1246 faciei

126 1234 212 1272 vela
230 1238 383 1274 tectura
401 1240 668 1300 verecunde-am
696 1245 933 1286 trementem.
979 1248 1190 1298 Imperium
1207 1250 1365 1298 nigrum
1392 1253 1553 1302 gaudet,
1585 1255 1622 1291 et
1649 1252 1782 1304 populi
1801 1253 1943 1292 nwrtui

125 1286 327 1348 liecurt-ur,
360 1292 399 1327 et
427 1291 791 1356 ambae-indulgent
807 1298 971 1348 dapibus
987 1300 1123 1346 festis.
1183 1303 1258 1342 Dii
1287 1303 1439 1352 Inferni
1455 1305 1627 1344 coronati
1645 1305 1834 1344 celebrant
1853 1318 1941 1344 con-

124 1343 427 1399 fimo-jucunda.
469 1344 686 1404 Cantilenoe
698 1354 860 1388 insueloe
873 1353 1019 1401 pellunt
1034 1354 1191 1394 silentia
1205 1356 1385 1395 obscura.-
1406 1358 1529 1407 fletus
1546 1358 1747 1398 desinunt.-
1774 1359 1945 1397 tristitia

123 1390 339 1440 mferorum
356 1405 396 1432 se
414 1399 585 1435 remittit
605 1398 724 1449 ultro,
752 1404 791 1439 et
814 1402 913 1441 sinit
938 1407 1116 1445 tenebrae
1131 1413 1335 1457 perpetuas
1353 1410 1534 1451 diminui.
1590 1412 1723 1461 Neque
1741 1423 1842 1450 urna
1861 1410 1945 1449 Mi-

895 1509 1187 1524 eeeeeeeeeeee

128 1564 272 1604 Parm.
300 1567 441 1610 doloris
460 1573 546 1611 vet.
568 1569 676 1609 Cod.
719 1572 867 1611 dolores
888 1577 970 1612 vat.
1000 1584 1066 1624 pr.
1086 1573 1153 1614 ed.
1175 1574 1456 1616 Pium—324
1484 1578 1653 1626 religant
1683 1579 1746 1617 vel
1767 1580 1942 1628 relegunt

128 1617 272 1658 Oxon.
307 1632 392 1659 sec.
416 1621 627 1681 'frontibus
645 1625 790 1663 addunt
810 1624 957 1666 Ambr.
977 1630 1212 1667 tem—325
1251 1631 1533 1679 praevallatura
1565 1631 1750 1670 Florem.
1781 1634 1941 1680 praevel·

125 1671 255 1711 latura
285 1673 351 1713 ed.
372 1674 514 1714 Vicet.
552 1679 739 1727 pudorem
772 1679 838 1717 vel
868 1679 1045 1718 timorem
1071 1681 1169 1720 Vat.
1199 1693 1287 1721 sec.
1320 1683 1452 1722 multa
1487 1694 1586 1721 vero
1619 1683 1686 1723 hic
1717 1684 1870 1724 desunt
1899 1685 1940 1723 in

126 1723 281 1765 Petav.
314 1732 416 1787 tert.
448 1740 582 1781 usque
617 1730 669 1769 ad
703 1743 869 1770 versum
902 1735 995 1772 124.
1028 1733 1098 1772 lib.
1130 1738 1338 1774 rin—326
1375 1740 1547 1775 sectatur
1578 1736 1673 1775 Vat.
1702 1749 1767 1786 pr.
1794 1739 1941 1788 sepulto

126 1777 293 1818 Bonon.
314 1791 384 1832 qui
415 1788 460 1821 et
488 1782 530 1821 in
551 1795 611 1822 vs.
640 1795 731 1835 seq.
758 1789 892 1824 vacent
926 1797 1003 1835 pro
1037 1792 1174 1826 vacant
1203 1788 1346 1828 habet.
1386 1789 1599 1838 gentilibus
1618 1788 1764 1830 Ambr.
1786 1795 1940 1830 tert.—

126 1833 207 1870 328
233 1832 424 1884 Sequens
458 1848 604 1875 versus
634 1836 732 1876 huic
766 1839 1028 1889 praeponitur
1059 1840 1101 1878 in
1136 1841 1255 1880 Voss.
1293 1845 1493 1892 pr.-—330
1521 1842 1596 1881 Sed
1615 1845 1758 1881 dantur
1775 1854 1853 1893 pro
1872 1843 1942 1882 Se-

124 1884 272 1924 dantur
290 1887 412 1928 Voss.
435 1899 497 1938 pr.
526 1889 713 1929 Solantur
732 1891 850 1931 Med.
870 1898 1008 1944 quart.
1032 1893 1213 1941 gemitus.
1243 1905 1338 1933 cum
1357 1894 1493 1946 τελείᾳ
1521 1897 1683 1947 στιγμῇ,
1715 1895 1799 1935 duo
1822 1896 1941 1935 Med.

126 1936 236 1999 Κεὶς..
257 1938 410 1980 Petav.
429 1952 511 1981 sec.
531 1943 630 1982 Vat.
651 1943 788 1984 Livin.
809 1944 884 1983 sed
905 1945 1011 1985 Cod.
1043 1946 1282 1986 Bartholin.
1315 1953 1412 1998 post
1442 1948 1489 1986 τὸ
1511 1949 1630 1987 Erebi
1661 1948 1939 1999 interpungit.

122 1995 296 2039 gamans
315 1994 381 2032 vel
396 1995 576 2045 planctus
595 1997 738 2036 Oxon.
762 2000 979 2037 eece-331
1022 2003 1208 2038 <eternam
1229 2000 1326 2040 Vat.
1348 2012 1410 2051 pr.
1440 2000 1631 2049 infernam
1648 2002 1749 2040 Vat.
1767 2013 1852 2041 sec.
1881 2002 1942 2041 in-

940 2104 1117 2144 NOTAE

180 2189 258 2227 324
291 2189 499 2238 Religant]
542 2192 652 2232 Nam
692 2199 791 2234 ante
830 2196 1007 2235 Proser-

125 2249 228 2300 pina
255 2249 268 2271 ‘
286 2249 516 2289 Caesariem
536 2250 688 2291 diffusa
708 2254 850 2294 Noto:

181 2314 259 2351 325
290 2312 509 2363 Flammea]
539 2315 649 2354 Sunt
668 2316 778 2366 vela,
807 2328 882 2356 seu
899 2317 1008 2356 lutei

127 2376 285 2416 coloris
321 2377 523 2428 tegmina,
556 2378 707 2430 quibus
741 2382 896 2431 puellae
933 2393 1008 2420 nu-

125 2439 279 2479 bentes
299 2439 571 2491 tegebantur,
602 2442 738 2482 velue
759 2455 784 2481 a
797 2455 1006 2495 quoquam

127 2501 245 2553 prius
283 2503 605 2553 conspiceretur
641 2510 792 2556 nupta,
821 2517 946 2557 quam
980 2519 1006 2546 a

127 2565 281 2605 marito
299 2580 310 2615 ;
341 2566 406 2604 vel
428 2565 525 2604 boni
558 2566 711 2606 ominis
731 2580 873 2617 causa,
890 2568 1005 2619 quod

127 2628 329 2667 Flaminis
353 2640 474 2677 uxmr,
499 2628 568 2667 cui
587 2627 706 2668 nefas
738 2642 763 2667 a
792 2630 1005 2669 matrimo-

126 2691 197 2731 nio
226 2691 456 2737 divertere,
488 2692 565 2730 hoc
596 2692 805 2731 velamine
836 2704 1007 2743 semper

128 2758 360 2805 tegeretur.
435 2753 661 2804 Dionysius
718 2754 1006 2794 Halicarnass.

128 2815 236 2856 dicit
271 2815 424 2856 infulas
460 2822 506 2856 et
550 2817 819 2857 sacerdotum
869 2818 1005 2868 pileos

128 2879 214 2918 diei
231 2879 435 2930 flammea,
459 2880 571 2919 unde
592 2880 698 2919 dicti
710 2880 907 2931 flamines·

181 2942 406 2993 Solicitum]
459 2944 526 2981 De
558 2955 640 2995 quo
661 2943 828 2983 solicita
847 2947 940 2982 erat
961 2950 1008 2984 et

128 3003 311 3053 timebat
331 3006 619 3057 Proserpina:
650 3018 745 3045 nam
773 3006 912 3044 Statio
932 3018 1005 3045 nu-

127 3066 282 3110 tentes
302 3068 465 3119 puellas
507 3069 519 3089 ‘
537 3068 652 3107 subit
679 3069 751 3107 ille
785 3080 1006 3120 supremus

127 3128 396 3181 Virginitatis
424 3142 555 3182 amor,
585 3131 814 3182 tacitaeque
847 3131 1008 3171 modes·

127 3192 191 3233 tin
209 3193 376 3243 culpael

182 3257 262 3295 326
291 3255 452 3295 Pallida
468 3255 596 3307 regio]
623 3256 708 3295 Ubi
729 3262 830 3294 sunt
848 3256 860 3277 ‘
882 3256 1004 3295 simu·

126 3316 248 3357 laem
263 3319 398 3357 modis
421 3319 625 3369 pallentia
641 3317 787 3359 miris)
816 3319 939 3368 Vir-g.

130 3406 142 3414 f
182 3382 261 3420 32⁷
290 3380 545 3434 Luxuriant]
559 3379 750 3434 Ludunt,
762 3381 1007 3434 lasciviunt,

1071 2197 1260 2246 gestiunt
1279 2208 1368 2245 prae
1387 2196 1557 2246 gaudio.

1126 2256 1268 2306 Epulis
1292 2257 1531 2309 genialibus]
1571 2258 1733 2298 Genius
1751 2259 1945 2304 Deorum

1072 2318 1198 2369 filius,
1228 2331 1466 2371 parensque
1497 2321 1725 2371 hominum,
1754 2322 1946 2371 pertinet

1071 2380 1124 2418 ad
1159 2381 1415 2432 conjugium,
1454 2381 1755 2432 gignendorum
1787 2381 1944 2423 libero·

1073 2454 1162 2481 rum
1196 2453 1350 2482 causa:
1380 2443 1557 2496 ideoque
1589 2444 1773 2495 geniales
1803 2445 1940 2495 epulae

1070 2513 1168 2545 sunt
1185 2506 1410 2556 nuptiales.

1125 2571 1204 2607 328
1247 2566 1454 2617 Coronati]
1509 2567 1633 2606 More
1663 2567 1816 2617 veteri,
1851 2580 1942 2622 ‘quo

1071 2629 1263 2682 convivae
1285 2629 1422 2667 'sertis
1456 2629 1601 2679 capita
1633 2629 1851 2679 tegebant,
1890 2629 1945 2675 ad

1073 2684 1360 2732 retundendos
1378 2691 1463 2730 vini
1476 2702 1671 2741 vapores.
1698 2690 1918 2730 Juvenalis
1938 2704 1949 2731 ε

1070 2756 1081 2776 ‘
1105 2755 1242 2796 Quale
1274 2753 1465 2793 coronati
1483 2754 1666 2793 Thrasea
1695 2752 1941 2793 Helvidius·

1071 2830 1152 2870 que
1174 2815 1409 2857 bibebant!
1429 2816 1554 2856 Adde
1575 2817 1703 2868 quod,
1722 2815 1944 2856 hilaritatis

1073 2879 1226 2931 gratia,
1257 2880 1299 2918 iu
1322 2879 1561 2930 principum
1582 2878 1740 2930 nuptiis
1769 2889 1945 2918 coronas

1073 2941 1269 2982 sumebat
1289 2942 1483 2994 populus.

1126 3009 1202 3045 331
1235 3005 1464 3057 Rarescere]
1478 3006 1666 3056 Propter
1678 2997 1946 3055 splendorem

1073 3068 1278 3108 taedarum
1291 3068 1541 3118 nuptialium
1555 3073 1600 3106 et
1611 3066 1838 3118 genialium
1850 3076 1946 3106 con·

1071 3131 1292 3181 viviorum,
1320 3135 1543 3170 rarescunt
1571 3128 1943 3179 diminuunturque

1073 3194 1273 3234 tenebrae.

1126 3259 1204 3296 332
1234 3255 1411 3307 Minoia]
1435 3255 1475 3295 A
1503 3252 1645 3294 Minoi}
1674 3250 1942 3292 Cretensium

1073 3319 1190 3370 Rege
1211 3319 1462 3370 justissimo,
1487 3317 1556 3368 qui
1579 3320 1764 3355 statutus
1786 3317 1853 3353 est
1869 3312 1941 3364 Ju-

1071 3379 1158 3422 dex
1193 3380 1476 3434 quaesitorque
1510 3367 1624 3430 apud
1665 3373 1849 3418 inferos:
1894 3379 1943 3415 et
