2300 3906
367 223 473 278 518
954 233 1046 270 cr..
1084 226 1439 270 cLAumANr
1477 228 1592 268 xx.

371 357 598 410 Cautior
623 359 749 407 ante
775 358 953 406 tamen
978 352 1275 404 violentum
1300 351 1493 402 navita
1519 348 1722 402 Corum
2154 348 2190 398 5

369 440 669 509 Prospicit,
696 445 750 491 et
773 438 996 490 tumidae
1025 436 1284 488 subducit
1308 436 1433 487 vela
1454 434 1734 503 procellae.

371 524 524 589 Quid
543 525 705 592 juvat
728 539 957 574 errorem
978 538 1158 573 mersa
1173 522 1291 590 jam
1315 536 1502 588 puppe
1527 519 1720 570 fateri?

329 610 332 613 ’
373 609 523 673 Quid
546 610 808 676 lacrymae
837 607 1041 658 delicta
1066 607 1292 658 levanti
1334 610 1478 658 stant
1506 605 1691 656 omina
1712 605 1884 654 vestri

374 691 663 744 Consulis:
701 692 941 743 immotis
966 692 1175 743 haesere
1199 691 1425 758 piacula
1450 689 1600 741 fatis,

372 776 530 828 Tunc
555 776 745 828 decuit
765 776 969 827 sentire
995 774 1173 837 nefaS,
1201 780 1334 825 tunc-
1360 775 1437 825 ire
1464 776 1714 824 recentes
2124 767 2197 820 10

375 860 675 913 Detersum
699 861 965 912 maculas.
1039 858 1230 911 Veteri
1249 861 1383 925 post
1408 858 1606 908 obruta
1629 856 1822 906 morbo

376 943 645 1012 Corpora,
671 945 935 996 Paeonias
959 944 1328 1010 nequicquam
1354 940 1664 991 admoveris
1684 939 1899 988 herbas,

377 1027 580 1080 Ulcera
604 1029 892 1095 possessis
918 1027 1033 1077 alte
1059 1024 1269 1077 suffusa
1293 1023 1575 1086 medulliS,

378 1112 509 1165 Non
533 1113 737 1164 leviore
758 1127 945 1174 manu,
972 1111 1113 1162 ferro
1139 1114 1402 1169 sanantur
1427 1114 1482 1159 et
1506 1108 1641 1174 igni,

377 1264 571 1304 inutiliter
588 1261 755 1310 augaria
773 1261 865 1300 anni
895 1261 1112 1300 monstrosi.
1168 1259 1290 1298 Prius
1307 1263 1436 1298 tamen
1461 1263 1581 1298 nauta
1610 1255 1840 1309 prudentior
1865 1257 2030 1297 consulit
2061 1258 2204 1296 Corum

377 1318 572 1369 rapidum,
602 1320 638 1355 et
659 1316 852 1354 subtrahit
870 1314 1029 1354 carbasa
1060 1314 1283 1364 tempestati
1311 1313 1541 1353 imminenti.
1599 1314 1705 1358 Quid
1730 1314 1887 1362 prodest
1916 1311 2093 1363 confiteri
2124 1311 2205 1349 cul-

377 1384 483 1422 pam,
501 1382 595 1409 nave
603 1370 690 1419 jam
707 1368 932 1409 submersa?
988 1369 1095 1413 Quid
1103 1367 1228 1418 fletus
1243 1370 1403 1417 prosunt
1421 1365 1618 1418 peccatis?
1647 1367 1757 1405 mala
1775 1366 2004 1417 prodigiosa
2026 1364 2206 1403 Consulis

382 1423 499 1463 vestri
536 1423 732 1474 Eutropii
764 1425 988 1461 remanent:
1024 1421 1188 1460 crimina
1219 1424 1432 1469 remanent,
1464 1419 1571 1467 fatis
1599 1419 1846 1459 inconcussis.
1908 1420 2004 1458 Tum
2036 1417 2206 1469 oportuit

375 1477 648 1527 persentiscere
675 1477 807 1524 scelus,
833 1480 916 1514 tum
945 1486 1154 1526 properare
1173 1475 1223 1512 ad
1256 1474 1453 1512 eluendam
1481 1472 1688 1521 infamiam
1713 1486 1860 1512 not-am.
1929 1473 2024 1511 Post
2058 1472 2206 1510 viscera

380 1542 558 1581 oppressa
576 1530 706 1569 morbo
725 1531 853 1579 longo,
879 1528 1100 1567 adhibueris
1115 1526 1274 1575 frustra
1288 1527 1470 1575 gramina
1500 1527 1690 1566 Poeonia:
1717 1529 1845 1566 ulcera
1860 1525 2102 1577 inflammata
2118 1536 2207 1574 pro-

371 1583 498 1631 funde
518 1584 560 1622 in
581 1583 755 1622 medullis
769 1583 976 1633 occupatis,
1001 1585 1190 1621 curantur
1198 1580 1311 1628 ferro
1331 1585 1369 1619 et
1390 1581 1496 1630 igne,
1514 1582 1656 1619 dextra
1669 1593 1745 1619 non
1760 1585 1958 1632 parcente,
1975 1592 2024 1618 ne
2036 1577 2207 1618 cicatrix

1128 1686 1424 1701 eeeeeeeeeee

381 1760 404 1794 5
435 1755 600 1795 Doctior
619 1757 779 1796 Moret.
802 1760 949 1807 pr.--6
981 1757 1157 1795 Consulit
1176 1756 1271 1794 Pal.
1293 1756 1414 1795 Med.
1448 1768 1514 1806 pr.
1542 1753 1654 1805 quod
1688 1752 1888 1803 placebat
1913 1749 2109 1800 Heinsio,
2137 1749 2210 1801 qui

383 1808 641 1860 ascripserat
676 1809 804 1848 Ovid.
835 1811 861 1849 l.
881 1821 911 1848 1.
931 1809 985 1848 de
1006 1810 1103 1849 Art.
1132 1808 1229 1849 Am.
1257 1811 1268 1831 ‘
1293 1809 1477 1848 Consule
1498 1808 1551 1846 de
1585 1806 1777 1858 gemmis,
1807 1805 1861 1845 de
1881 1805 2021 1843 tincta
2050 1803 2212 1842 murice
2243 1820 2251 1826 2

381 1863 495 1910 lana,
517 1862 701 1901 Consule
722 1862 775 1901 de
806 1861 914 1902 facie
934 1862 1271 1913 corporibusque
1292 1861 1432 1900 diem!
1462 1867 1506 1899 et
1526 1862 1551 1898 l.
1574 1872 1606 1900 l.
1629 1861 1741 1898 Fast.
1760 1862 1772 1881 ‘
1795 1860 1852 1898 Et
1871 1858 2003 1896 visam
2025 1857 2212 1907 primum

383 1915 565 1954 consulit
586 1927 720 1966 augur
742 1916 891 1954 avem!
934 1916 995 1954 sie
1015 1916 1210 1954 consulere
1228 1918 1322 1954 exta
1340 1915 1537 1963 Virgilio.
1578 1918 1804 1952 notaverat
1825 1917 1967 1950 tamen
1994 1911 2214 1962 prospicere

383 1979 479 2007 cum
501 1969 748 2006 accusativo
783 1969 990 2018 construi,
1021 1969 1156 2007 citans
1177 1968 1352 2007 Salmas.
1382 1967 1436 2006 ad
1457 1967 1574 2006 Hist.
1593 1965 1704 2017 Aug.
1734 1978 1775 2017 p.
1805 1968 1899 2004 248.
1938 1964 2089 2003 timida:
2111 1964 2212 2003 Vat.

383 2025 525 2072 quart.
544 2020 659 2059 Prie.
678 2021 850 2060 Thalos.
895 2021 1058 2060 tumidoe
1076 2023 1142 2059 vel
1169 2021 1319 2060 timida.»
1340 2022 1447 2071 Reg.
1483 2019 1622 2059 Oxon.
1643 2031 1708 2070 pr.
1750 2019 1936 2070 producit
1969 2017 2115 2057 Ambr.
2148 2029 2213 2068 pr.

384 2074 528 2112 carinoe
547 2074 648 2112 Vat.
668 2085 753 2113 sec.
773 2086 827 2114 m.
849 2086 913 2125 pr.
934 2074 1033 2114 Par.
1062 2074 1206 2113 carinae
1227 2075 1295 2113 vel
1311 2076 1488 2124 procellae
1507 2073 1608 2113 Pnt.
1627 2073 1810 2113 Pan—7
1838 2084 2006 2111 errorem
2023 2072 2214 2111 Florem.

386 2126 494 2177 Reg.
517 2126 676 2165 Mazar.
699 2127 840 2166 Oxon.
863 2139 926 2178 pr.
954 2139 1102 2167 errores
1120 2133 1208 2166 tres
1227 2129 1349 2167 Vatt.
1369 2128 1461 2167 Pal.
1478 2128 1604 2166 Fam.
1625 2127 1741 2166 Pric.
1762 2127 1881 2165 Rott.
1908 2138 2038 2165 mensa
2057 2125 2214 2164 PetaV.

385 2191 468 2218 nec.
497 2191 582 2217 cum
597 2192 723 2231 puppe
743 2181 956 2220 Oisel.—8
987 2181 1094 2225 Quid
1112 2181 1180 2220 vel
1202 2182 1300 2220 Cum
1319 2182 1420 2220 Vat.
1442 2192 1505 2232 pr.
1549 2181 1692 2219 dilecta
1708 2181 1812 2220 Jun.
1843 2192 1910 2230 pr.
1944 2180 2091 2229 juvant
2124 2178 2217 2218 Pal.

386 2232 504 2271 Prie.
524 2245 578 2271 m.
598 2245 683 2272 sec.
703 2233 785 2272 duo
809 2234 922 2273 Med.
944 2233 1025 2274 inc.
1059 2235 1209 2275 Heins.
1230 2235 1389 2274 Moret.
1408 2247 1472 2286 pr.
1493 2233 1643 2274 Ambr.
1664 2246 1752 2274 sec.
1791 2234 1913 2273 Leid.
1948 2245 2032 2272 sec.
2055 2245 2108 2271 m.
2130 2243 2217 2272 see.

387 2286 492 2325 Exc.
514 2286 692 2326 Gevart.
722 2288 853 2326 levant
872 2288 971 2327 Vat.
992 2300 1056 2339 pr.
1083 2289 1212 2327 velant
1227 2289 1397 2328 Tholos.
1435 2289 1567 2327 lavant
1588 2288 1709 2328 Leid.
1730 2300 1793 2338 pr.
1814 2300 1869 2327 m.
1890 2299 1954 2338 pr.
1997 2287 2126 2325 levant
2147 2286 2216 2325 vel

375 2338 520 2387 juvant
541 2339 685 2379 Oxon.
707 2352 794 2379 sec.
835 2341 962 2379 omina
982 2347 1067 2380 vet.
1089 2341 1196 2392 Gyr.
1217 2342 1314 2380 Vat.
1333 2342 1471 2381 Livin.
1490 2341 1633 2382 Oxou.
1651 2353 1736 2381 sec.
1757 2341 1883 2380 ambo
1901 2343 2059 2379 Mon-et.
2081 2339 2216 2379 Gesn.

388 2398 433 2430 et
448 2391 517 2431 ed.
549 2393 724 2443 Bipont.
754 2393 884 2432 omnia
908 2393 1042 2433 Oisel.
1063 2395 1251 2434 Florent.
1272 2395 1357 2433 duo
1375 2396 1494 2434 Med.
1513 2396 1674 2434 Thuan.
1707 2395 1810 2433 Lov.
1838 2395 1921 2433 duo
1952 2394 2106 2432 Petav.
2133 2392 2219 2432 veri

387 2445 576 2484 Florent.
595 2447 700 2485 Exc.
722 2446 846 2493 Laeti,
869 2447 938 2486 ed.
959 2447 1104 2488 Parm.
1123 2449 1249 2488 nostri
1270 2449 1394 2488 Farn.
1413 2448 1534 2488 Med.
1554 2453 1695 2500 quart.
1715 2448 1797 2487 inc.
1819 2447 1969 2486 Heius.
1987 2448 2053 2486 ed.
2071 2447 2217 2486 vicet.

386 2498 487 2537 Var.
509 2499 595 2538 LL.
615 2499 682 2539 ed.
704 2497 838 2538 Antv.
880 2501 1001 2539 vestri
1018 2502 1122 2540 Lov.
1153 2502 1258 2541 Exc.
1284 2502 1462 2541 Lucens.
1484 2514 1549 2552 pr.
1569 2503 1669 2542 Var.
1691 2502 1776 2540 LL.
1803 2513 1827 2539 e
1856 2513 1988 2550 marg.
2018 2501 2219 2539 Parm.—-

388 2554 440 2590 10
481 2552 607 2590 vitare
636 2551 746 2601 nefas
771 2552 976 2593 Pat.—11
1021 2554 1201 2593 lacrimas
1230 2555 1356 2594 Farn.
1392 2556 1516 2594 ambo
1552 2556 1712 2595 Moret.
1731 2555 1835 2593 Var.
1867 2555 1952 2593 LL.
1984 2553 2051 2593 ed.
2085 2552 2221 2594 AntV.

387 2606 558 2643 maculas
577 2605 645 2643 vel
674 2605 854 2644 lacrimas
874 2606 1014 2647 Oxon.
1034 2619 1120 2648 sec.
1163 2611 1256 2647 tunc
1273 2609 1412 2648 obruta
1439 2609 1467 2650 J
1473 2617 1545 2648 un.
1574 2620 1639 2659 pr.
1678 2609 1811 2648 obluta
1832 2607 1952 2647 Leid.
1971 2619 2059 2647 sec.
2079 2618 2132 2647 m.
2153 2618 2220 2658 pr.

387 2660 495 2696 —12
522 2669 760 2708 nequaquam
778 2658 878 2698 Put.
904 2663 1012 2698 artes
1027 2661 1055 2701 J
1059 2672 1128 2699 nn.
1148 2672 1212 2711 pr.
1239 2662 1377 2700 herbas
1396 2663 1464 2700 vel
1484 2666 1589 2700 artes
1603 2662 1830 2701 Pria-13
1865 2661 2038 2700 Vulnera
2055 2660 2220 2700 Thuan.

394 2709 516 2749 Ultra
538 2711 629 2749 Pal.
662 2710 780 2749 Med.
801 2723 865 2762 pr.
913 2712 1073 2751 Viscera
1092 2713 1283 2752 Florent.
1306 2715 1467 2753 Ronon.
1520 2714 1688 2753 Vulnera
1709 2714 1778 2751 vel
1818 2714 1958 2752 Ulcera
1982 2714 2082 2752 Vat.
2115 2718 2222 2753 tert.

390 2762 493 2803 Put.
521 2764 600 2803 late
619 2763 776 2803 Moret.
797 2775 882 2803 sec.
922 2765 1090 2817 suffossa
1108 2766 1237 2806 Farn,
1277 2766 1438 2814 confusa
1455 2767 1626 2805 Tholas.
1667 2766 1823 2806 venenis
1838 2767 1935 2805 Pat.
1956 2765 2058 2806 Put.
2078 2778 2135 2804 m.
2157 2779 2220 2817 pr.

387 2819 495 2856 -14
523 2818 633 2856 Num
648 2817 789 2856 leviore
822 2817 919 2858 Pat.
949 2813 1065 2865 ser'ro
1082 2824 1271 2858 sanantur
1301 2819 1504 2871 apposite
1534 2818 1748 2859 Ammian.
1769 2820 1797 2859 l.
1827 2830 1944 2860 xvu.
1977 2832 2018 2871 p.
2036 2823 2130 2859 103.
2152 2819 2220 2860 ed.

1213 2930 1394 2971 NOTAE

446 3021 473 3058 6
502 3019 698 3072 Tumiaoe]
726 3022 991 3075 Imminenti,
1019 3036 1118 3064 mox
1150 3037 1275 3077 erup·
1396 3028 1447 3064 12
1476 3025 1677 3076 Paeonias]
1703 3025 2128 3078 MedicasaPae0ne‚
2145 3039 2222 3067 seu

395 3086 517 3122 turae.
1341 3087 1568 3139 Apolline3
1597 3089 1666 3127 vel
1686 3101 1710 3127 a
1728 3089 1893 3128 medico
1914 3095 2161 3140 praestante.

448 3147 474 3183 8
501 3144 724 3197 Lacrymoe]
754 3146 940 3187 Leniunt
965 3147 1166 3201 animum,
1198 3149 1275 3190 sed
1399 3153 1448 3189 13
1502 3151 1660 3202 Ulcera]
1701 3152 1935 3202 Virgilius:
1979 3153 2223 3194 ‘Continuo

394 3216 477 3246 non
493 3208 721 3248 emendant
741 3221 910 3249 noxam.
1343 3214 1514 3264 culpam
1552 3213 1667 3253 ferro
1700 3227 1942 3266 compesce,
1977 3216 2222 3268 priusquam

453 3268 615 3320 Omina]
669 3271 782 3310 Mala
810 3257 1138 3325 ominosa-quae
1169 3286 1277 3326 prae-
1344 3275 1451 3314 Dira
1472 3289 1549 3328 per
1569 3277 1786 3316 incautum
1819 3284 1995 3330 serpant
2021 3280 2225 3331 contagia

395 3330 667 3385 dicebantur,
685 3339 818 3384 stant,
837 3335 1111 3388 haerentque;
1131 3343 1175 3376 et
1192 3337 1279 3389 pia·
1343 3339 1523 3391 vulgus!

397 3395 510 3448 cula,
525 3407 599 3436 seu
612 3396 790 3438 crimina
804 3397 1032 3451 expianda,
1042 3404 1278 3441 remanent.
1400 3406 1451 3442 14
1481 3403 1604 3443 Ferro
1622 3406 1662 3443 et
1681 3403 1786 3455 igni]
1813 3403 1994 3445 Ovidius
2011 3419 2022 3444 z
2053 3403 2066 3427 ‘
2087 3405 2224 3447 Cunc-
