2300 3906
616 195 681 232 m
723 193 762 230 1.
802 190 972 230 cons,
1012 187 1279 228 sribicn.
1322 188 1443 226 mn.
1484 190 1524 227 1.
1873 176 1981 233 583

165 313 370 366 Pacem
393 311 687 364 conciliant
721 325 849 360 arae.
925 307 1311 361 Penctralibus
1337 308 1517 375 ignem

164 397 452 449 Sacratum
476 410 707 461 rapuere
732 393 933 460 adytiS,
958 394 1170 460 rituque
1199 392 1472 460 juvencos
1915 394 1986 447 60

164 479 425 531 Chaldaeo
448 482 689 529 stravere
719 476 893 542 Magi.
970 476 1100 528 Rex
1126 476 1250 543 ipse
1274 476 1573 528 micantem

163 562 401 615 Inclinat
426 561 622 614 dextra
642 566 904 628 pateram,
932 565 1246 627 secretaque
1271 559 1415 622 Beli,

165 645 235 698 Et
255 662 398 712 vaga
424 650 667 698 testatur
690 646 1002 698 volventem
1025 637 1206 697 sidera
1230 642 1510 695 Mithram.

163 730 227 783 Si
252 730 473 797 quando
502 731 675 781 sociis
701 735 887 780 tecum
913 730 1202 782 venatibus
1227 727 1410 789 ibant,

166 813 311 878 Quis
337 814 635 866 Stilichone
652 815 805 882 prior
826 814 967 866 ferro
987 817 1273 881 penetrare
1298 812 1486 863 leones
1915 813 1993 867 65

149 896 448 961 Οοιιιίιιιιε,
475 902 570 950 aut
586 898 749 965 longe
775 898 1019 964 virgatas
1057 896 1221 963 figere
1247 896 1455 962 tigres?

166 1035 390 1076 Sabaeorum
404 1038 630 1084 componunt
647 1046 794 1084 pacem.
826 1034 946 1083 Magi
960 1034 1227 1084 corripuerunt
1245 1033 1378 1083 ignem
1393 1045 1545 1073 sacrum
1563 1045 1617 1073 ex
1631 1033 1819 1073 sacrariis
1829 1034 1997 1083 intimis,

166 1092 204 1128 et
222 1089 515 1128 immolaverunt
534 1086 642 1125 boves
658 1099 737 1137 pro
754 1098 860 1125 more
883 1088 1166 1126 Chaldaeorum.
1222 1087 1314 1125 Rex
1344 1087 1427 1137 ipse
1452 1087 1614 1126 invertit
1643 1090 1785 1127 dextra
1808 1091 1999 1127 craterem

163 1145 415 1191 gemmatum,
433 1144 471 1180 et
489 1140 721 1192 testificatur
739 1152 882 1178 arcana
901 1140 1009 1189 Beli,
1039 1143 1078 1177 et
1111 1139 1308 1178 Mithram
1332 1141 1533 1178 ducentem
1561 1144 1670 1179 astra
1687 1141 1874 1181 mantia.
1930 1140 1996 1182 Si-

167 1197 318 1246 quando
337 1193 486 1234 Parthi
514 1193 698 1244 petebant
714 1197 837 1232 tecum
856 1193 998 1231 sociam
1029 1192 1286 1242 venationem,
1315 1193 1402 1243 quis
1418 1194 1672 1242 praestantior
1688 1193 1889 1241 confodere
1907 1194 2000 1232 telis

167 1249 292 1288 leones
310 1259 445 1299 prope,
461 1250 532 1286 aut
544 1248 679 1297 procul
697 1246 878 1296 trajicere
899 1246 1026 1295 tigres
1052 1243 1298 1287 maculosas?
1338 1245 1452 1284 Medi
1478 1249 1740 1285 concesserunt
1762 1245 1887 1294 saci-le
1916 1248 2000 1286 lora

936 1376 1055 1392 OO'OO
1061 1376 1177 1391 “O“
1183 1375 1230 1392 ‘O

170 1461 254 1501 duo
274 1462 415 1502 oxon.
442 1462 614 1502 adoratae
634 1461 777 1502 Ambr.
794 1473 879 1502 sec.
899 1462 1060 1502 Moret-
1081 1473 1165 1501 sec.
1184 1461 1270 1502 inc.
1289 1460 1441 1501 Heius.
1467 1461 1624 1501 adorati
1645 1460 1808 1500 Bonon.
1829 1460 1999 1501 Tholos.

172 1514 320 1556 Ambr.
341 1528 406 1567 pr.
441 1516 548 1555 Exc.
578 1516 757 1556 Gevart.
798 1515 952 1555 odorati
972 1515 1040 1554 vel
1071 1516 1242 1554 odoratae
1273 1514 1427 1554 Petav.
1455 1527 1520 1566 pr.
1562 1514 1715 1553 odorati
1736 1515 1804 1554 vel
1819 1514 2004 1564 odoriferi

175 1568 279 1620 Reg.
306 1568 407 1609 Jun.
436 1572 612 1620 pre—*59
639 1569 804 1608 Partem
823 1570 946 1608 Rott.
975 1568 1096 1607 Med.
1128 1580 1216 1607 sec.
1246 1567 1398 1607 Petav.
1425 1580 1510 1607 sec.
1533 1569 1698 1607 Bonon.
1720 1568 1819 1608 Pat.
1850 1567 2000 1607 Ambr.

172 1626 275 1662 tert.
302 1622 442 1661 animae
464 1623 621 1661 Moret.
652 1625 825 1673 pr.-—60
855 1621 1062 1661 Sacratum
1091 1619 1175 1660 duo
1209 1621 1326 1661 Med.
1355 1621 1564 1660 Sacrorum
1593 1622 1694 1660 Vat.
1722 1633 1788 1671 pr.
1827 1627 1873 1660 et
1898 1626 2001 1660 tert.

132 1694 135 1696 v
173 1673 268 1714 Pal.
289 1674 406 1715 P-ric.
427 1674 561 1714 Oisel.
580 1676 771 1714 Florent.
791 1675 912 1714 Med.
930 1686 995 1726 pr.
1015 1675 1116 1715 Jun.
1137 1686 1205 1724 pr.
1225 1674 1497 1713 Mazar.-61
1531 1674 1733 1713 Chaldaeos
1746 1674 1895 1714 Petav.
1915 1685 2003 1714 sec.

175 1726 327 1766 Ambr.
344 1740 410 1779 pr.
435 1728 601 1768 Bonon.
621 1727 781 1768 Moret.
801 1740 886 1767 sec.
909 1728 980 1779 qui
999 1732 1045 1766 et
1064 1739 1142 1777 pro
1156 1730 1328 1766 stravere
1347 1727 1521 1766 exhibet
1539 1739 1718 1777 rapuere.
1764 1727 1915 1765 Caldoei
1936 1728 2003 1765 vel

177 1780 332 1819 Caldaeo
363 1780 578 1820 Low—62
613 1781 786 1831 patriam
822 1780 941 1820 Med.
972 1792 1037 1831 pr.
1063 1780 1152 1819 coeli
1191 1780 1294 1820 Jun.
1330 1792 1393 1830 pr.
1437 1780 1523 1819 Geli
1564 1781 1671 1819 Exc.
1704 1778 1884 1819 Gevart.
1913 1779 2005 1819 belli

174 1837 357 1883 quatuor
382 1834 502 1872 Vatt.
520 1834 644 1872 Fam.
666 1834 781 1872 Prie.
814 1833 932 1871 Rott.
952 1832 1036 1872 duo
1056 1833 1198 1872 Oxon.
1215 1834 1319 1872 Exc.
1340 1834 1463 1872 Laeti.
1491 1834 1575 1871 coeli
1594 1832 1679 1872 duo
1698 1832 1817 1872 Med.
1836 1833 2001 1873 Thuan.

174 1885 327 1926 PetaV.
348 1897 412 1936 pr.
434 1898 488 1925 ιιι.
509 1898 594 1925 sec.
614 1885 684 1924 ed.
704 1887 846 1925 Vicet.
877 1885 963 1924 Ceti
994 1886 1063 1924 vel
1087 1886 1187 1924 Coeli
1204 1886 1306 1924 Vat.
1336 1891 1437 1924 tert.
1456 1886 1550 1924 Pal.
1578 1886 1665 1924 coeli
1684 1886 1749 1923 vel
1770 1885 1856 1924 belli
1875 1885 1999 1926 Med.

175 1946 311 1990 quart.
330 1939 492 1978 Mazar.
531 1938 626 1978 Beli
656 1939 724 1977 vel
755 1939 841 1978 coeli
870 1939 1107 1978 Fam—63
1135 1939 1348 1977 volventem
1380 1942 1549 1977 testatur
1584 1939 1684 1976 Pat.
1703 1938 1864 1976 mitram
1882 1939 2003 1978 Med.

175 2003 241 2043 pr.
270 1996 434 2031 matrem
453 1992 552 2032 Pat.
567 1993 753 2032 mundum
767 1992 833 2030 vel
853 1993 1013 2030 mitram
1037 1991 1200 2030 Moret.
1217 1995 1413 2030 sea—64
1440 1991 1536 2029 socii
1555 1991 1675 2030 Leid.
1691 2002 1757 2041 pr.
1778 1990 1864 2029 duo
1883 1991 2005 2030 Vatt.

177 2045 296 2085 Rott.
312 2045 449 2085 Oisel.
470 2045 611 2085 Oxon.
629 2057 697 2096 pr.
714 2045 798 2084 duo
813 2044 931 2084 Med.
953 2044 1036 2083 inc.
1059 2044 1210 2084 Heius.
1225 2044 1331 2094 Reg.
1352 2045 1514 2084 Mazar.
1533 2045 1636 2084 Lov.
1658 2044 1814 2083 Petav.
1834 2056 1900 2094 pr.
1922 2043 2006 2083 duo

176 2097 326 2138 Ambr.
349 2099 453 2138 Exc.
473 2099 584 2139 Laeti
600 2104 647 2138 et
664 2100 765 2138 Var.
787 2098 869 2137 LL.
887 2110 910 2136 e
930 2108 1065 2149 marg.
1095 2096 1242 2138 Parm.
1277 2097 1373 2137 socii
1400 2097 1605 2136 venatibus
1637 2097 1705 2136 vel
1729 2096 1843 2136 sociis
1864 2109 2008 2136 venan-

177 2151 281 2191 tibus
308 2152 465 2192 Moret.
500 2164 563 2203 pr.
601 2150 704 2192 Ald.
740 2152 846 2191 Exc.
880 2150 1003 2191 Laeti.
1042 2163 1171 2189 secum
1208 2156 1253 2190 et
1285 2150 1370 2190 ibat
1402 2150 1523 2191 Med.
1553 2153 1763 2190 tert.—65
1789 2155 2011 2201 penetrasse

177 2203 327 2244 Ambr.
349 2209 559 2246 tert.—66
587 2208 701 2255 virga
719 2205 951 2257 transfigere
972 2210 1158 2256 quatuor
1177 2205 1297 2245 Vatt.
1317 2205 1410 2244 Pal.
1431 2205 1560 2243 Farn.
1579 2203 1695 2243 Pric.
1717 2203 1853 2244 Oisel.
1882 2208 2011 2242 trans-

178 2258 286 2308 igere
316 2258 433 2299 Med.
453 2263 596 2311 quart.
634 2258 812 2310 virgatas
834 2258 967 2311 figere
997 2256 1146 2299 Ambr.
1179 2262 1281 2298 tert.
1310 2259 1418 2299 Exc.
1454 2258 1564 2297 Laeti
1594 2262 1640 2297 et
1659 2258 1845 2297 Lucens.
1865 2268 2011 2296 sec.—

1006 2350 1183 2392 NOTAE

181 2441 422 2482 Sabaeorum
439 2441 484 2482 in
506 2442 676 2483 Arabia.

237 2507 290 2543 59
316 2504 432 2554 Aroe]
469 2506 563 2544 Pax
575 2506 764 2556 juratur,
780 2504 982 2545 adhibitis
999 2516 1064 2544 sa-

183 2564 369 2606 orificiis.

237 2628 394 2678 Ignem]
459 2628 588 2668 Hunc
626 2629 862 2669 adorabant
917 2629 1065 2680 populi

187 2691 395 2742 Orientis,
411 2696 455 2731 et
476 2693 666 2744 AEgyptii
686 2692 730 2732 in
750 2694 842 2744 ejus
861 2692 1064 2732 honorem

184 2753 439 2804 Pyramides
467 2754 786 2795 dedicaverant.
841 2754 941 2794 Indi
967 2766 1068 2807 quo-

187 2828 269 2869 que
287 2816 485 2856 hodierni
503 2817 646 2868 ignem
664 2818 886 2857 honorant.

238 2884 292 2919 60
318 2878 484 2932 Adytis]
528 2880 736 2920 Sacrariis
764 2880 940 2930 intimis,
973 2892 1067 2932 quae

188 2943 265 2984 soli
282 2943 537 2983 Sacerdotes
569 2944 936 2996 ingrediebantur,
954 2949 1069 2983 cete-

189 3006 246 3046 ris
263 3007 423 3046 intrare
443 3006 580 3047 nefas.
637 3006 764 3047 Unde
784 3006 937 3057 ἅδυτος,
958 3007 1011 3047 ab
1043 3022 1069 3046 α

187 3069 286 3119 sine,
304 3075 349 3108 et
378 3067 454 3108 δύω
486 3069 701 3119 ingredior,
724 3071 842 3110 locus
873 3071 916 3110 in
942 3082 1068 3123 quem

189 3131 355 3182 ingredi
376 3131 505 3172 nefas.

244 3198 296 3234 61
328 3194 464 3246 Magi]
501 3195 639 3247 Magi,
669 3196 932 3248 Philosophi,
958 3196 1070 3247 sapi-

193 3262 399 3310 entesque
430 3266 569 3308 erant,
598 3271 774 3310 qnorum
799 3260 841 3298 hi
859 3258 1071 3299 sacrificia

196 3319 418 3371 curabant,
434 3322 496 3360 illi
515 3334 582 3361 res
602 3323 812 3363 coelestes.

249 3381 482 3442 Mienntem]
527 3384 600 3425 Ob
629 3397 816 3437 gemmas
841 3386 1070 3436 micantem

1127 2446 1322 2494 pateram
1331 2440 1494 2481 leniter
1504 2439 1681 2480 inclinat
1694 2438 1748 2479 ad
1759 2437 2012 2479 firmandum

1130 2504 1282 2543 foedus.

1185 2571 1239 2607 62
1267 2568 1378 2620 Beli]
1420 2567 1550 2607 Belus
1568 2566 1682 2618 apud
1702 2566 1926 2607 Chaldaeos
1945 2569 2014 2605 est

1131 2631 1321 2682 Jupiter,
1350 2642 1507 2681 praeses
1533 2634 1770 2683 auctorque
1790 2627 2013 2679 foederum‚

1135 2705 1189 2732 ex
1210 2693 1401 2733 Diodoro
1423 2692 1579 2733 Siculo.

1186 2760 1238 2797 63
1269 2754 1482 2806 Mithram]
1522 2756 1666 2796 Solem
1684 2752 1745 2795 sic
1761 2766 1787 2794 a
1804 2753 1950 2794 Persis
1969 2757 2016 2793 et

1135 2819 1347 2861 Chaldaeis
1368 2819 1657 2871 appellatum:
1686 2818 1758 2871 qui
1777 2818 1852 2858 Sol
1880 2816 2015 2857 volvit

1135 2895 1212 2922 seu
1231 2882 1346 2934 regit
1374 2894 1482 2933 vaga
1512 2881 1670 2931 sidera,
1695 2880 1738 2920 id
1765 2884 1848 2930 est,
1867 2881 2014 2932 plane-

1136 2951 1201 2986 tas
1235 2946 1306 2998 qui
1342 2949 1503 2984 errant.
1567 2943 1723 2984 Strabo
1756 2943 1812 2983 de
1849 2943 2014 2994 Persis,

1133 3008 1246 3057 ἥλιον
1263 3009 1428 3048 καλοῦσι
1453 3005 1606 3059 μίθραν,
1625 3007 1754 3048 Solem
1770 3010 1908 3046 vocant
1935 3007 2018 3047 Mi-

1134 3074 1278 3113 thram.
1316 3073 1423 3111 Erat
1445 3076 1590 3110 autem
1608 3070 1727 3110 vultu
1747 3069 1903 3109 Leonis
1919 3081 2017 3108 cum

1136 3137 1261 3187 tiara,
1282 3135 1392 3176 tauri
1412 3133 1664 3175 reluctantis
1678 3144 1813 3174 cornu
1833 3131 2019 3183 compri-

1137 3211 1270 3240 mens.

1190 3265 1244 3301 66
1278 3262 1485 3313 Vir-gatus]
1522 3260 1686 3311 Tigres,
1712 3258 1924 3311 virgarum
1954 3255 2017 3296 in-

1138 3329 1245 3376 star,
1259 3323 1438 3365 maculis
1455 3321 1695 3365 distinctas.
