2300 3906
638 197 697 234 ιΝ
745 194 810 233 ιι.
853 194 1026 233 00⁸5.
1067 193 1339 233 s'rimcn.
1371 178 1500 231 Lm.

154 311 401 374 Velaret,
429 311 631 364 validis
655 310 787 362 fuso
813 313 909 379 qui
937 312 1146 364 viribus
1170 312 1336 364 hoste

155 394 421 448 Casurum
448 395 627 462 potuit
650 395 810 446 morti
837 397 1143 448 subducere
1171 398 1369 449 civem.

153 478 231 531 At
255 479 355 531 tibi
381 494 505 545 quae
530 479 729 544 poterit
751 494 852 545 pro
881 482 1050 531 tantis
1078 479 1441 531 civicaffeddi
1909 481 1980 532 75

155 561 490 615 Moenibus?
530 566 626 611 aut
650 567 867 629 quantae
895 563 1203 629 pensabunt
1222 561 1373 614 facta
1399 578 1616 615 coronae
1644 564 1668 614 'l

155 645 282 698 Nec
307 644 481 696 solam
506 646 700 712 populi
725 647 899 698 vitam
923 647 1120 698 debere
1144 644 1340 697 fatetur

153 727 340 781 Armis
367 726 557 779 Roma
582 730 722 795 tuis;
763 731 882 792 sed,
909 746 1022 797 quo
1041 728 1339 798 jucundior
1362 734 1509 782 esset

157 812 325 864 Lucis
349 811 627 864 honoratae
655 813 886 877 fructus,
914 813 1231 865 venerabile
1258 813 1424 867 famae

155 894 404 956 PonduS,
432 899 488 946 et
510 896 748 948 amissas
774 898 940 960 vireS,
967 902 1024 949 et
1044 914 1210 964 regna
1233 899 1458 966 recepit.

155 978 190 1031 J
197 995 286 1031 am
310 996 420 1031 non
444 982 760 1047 praetumidi
787 983 1023 1050 supplex
1049 982 1291 1034 Orientis
1319 982 1593 1035 ademtam

1914 897 1985 951 80

152 1096 196 1131 nt
218 1103 356 1131 corona
375 1104 425 1130 ex
442 1104 582 1142 quercu
597 1092 793 1132 umbraret
812 1099 926 1144 caput
946 1095 1053 1146 ejuS,
1071 1095 1154 1145 qui,
1173 1095 1279 1134 hoste
1298 1095 1435 1145 occiso,
1461 1106 1649 1143 gen-eroso
1668 1093 1816 1145 impetu
1841 1093 1985 1133 euoluit

153 1145 302 1196 eripere
327 1147 402 1184 leto
426 1146 547 1184 civem
573 1147 817 1186 moriturum.
873 1147 954 1186 Sed
985 1160 1071 1198 qnae
1091 1159 1250 1187 corona
1275 1148 1400 1186 civica
1428 1147 1575 1198 poterit
1595 1148 1683 1185 dari
1709 1146 1799 1194 tibi,
1827 1158 1851 1186 ο
1870 1147 1987 1186 Stili-

154 1199 252 1248 eho‚
278 1211 352 1248 pro
371 1202 483 1237 tanta
510 1198 637 1241 urbe?
663 1201 723 1239 vel
739 1204 895 1251 quan-tce
926 1213 1075 1239 corona>
1107 1200 1456 1239 remunerabuntur
1480 1199 1666 1248 facinora
1686 1200 1795 1239 tua?
1850 1200 1987 1250 Neque

154 1263 258 1291 vero
281 1251 405 1290 Roma
422 1253 628 1306 confitetur
650 1265 691 1291 se
707 1253 843 1292 debere
872 1254 994 1292 armis
1026 1255 1107 1292 tuis
1124 1254 1244 1292 solam
1273 1254 1395 1292 vitam
1421 1254 1553 1304 populi
1582 1253 1644 1291 sui
1663 1266 1672 1292 :
1703 1257 1746 1291 at
1766 1256 1809 1291 ut
1827 1254 1988 1292 dulcedo

154 1305 247 1344 vitae
272 1309 465 1344 veneratae
484 1305 595 1354 foret
617 1307 791 1357 gratior,
810 1306 1010 1358 reparavit
1032 1318 1108 1357 per
1139 1311 1181 1345 te
1202 1306 1440 1355 majestatem
1462 1307 1659 1345 colendam
1682 1304 1808 1353 fama>
1826 1317 1927 1351 suae,
1948 1310 1988 1345 et

155 1370 245 1410 opes
258 1358 447 1411 perditas,
482 1363 521 1398 et
551 1359 771 1411 imperium.
828 1360 924 1400 Jam
943 1372 1019 1399 non
1041 1361 1177 1399 Roma
1196 1371 1339 1410 rogans
1366 1359 1510 1410 repetit
1529 1371 1552 1398 a
1570 1359 1711 1409 legatis
1732 1359 1910 1398 Orientis
1927 1370 1990 1397 sw-

928 1451 1197 1466 OOOOOOOOOOO
1200 1450 1225 1465 O

158 1504 229 1545 ed.
250 1503 384 1545 Antv.
431 1505 558 1545 valido
578 1503 688 1551 susis
717 1506 837 1546 Med.
858 1511 1000 1559 quart.
1032 1506 1125 1555 fuso
1143 1507 1253 1546 hoste
1272 1507 1339 1545 vel
1358 1505 1496 1554 fusam
1515 1506 1660 1544 hostem
1680 1506 1778 1544 Vat.
1798 1503 1990 1556 quint.—

160 1562 213 1598 74
241 1559 359 1597 morti
391 1559 521 1609 potuit
556 1559 663 1609 Reg.
701 1559 804 1600 Jun.
842 1572 909 1610 pr.
950 1560 1091 1600 Oxon.
1125 1562 1319 1599 sees—'75
1347 1563 1531 1610 poterunt
1564 1567 1610 1597 ut
1639 1565 1684 1597 et
1714 1558 1877 1608 proemia
1915 1568 1990 1606 pro

162 1611 298 1651 Civica
334 1612 603 1651 'Plinium—76
634 1612 796 1651 Civibus
825 1613 942 1652 Pric-
976 1613 1077 1653 Jun.
1110 1618 1156 1651 et
1194 1612 1355 1651 Moret.
1394 1625 1458 1663 pr.
1504 1612 1698 1650 Moenibus
1728 1612 1794 1649 vel
1827 1609 1991 1648 Civibus

163 1664 307 1705 Oxon.
345 1677 430 1704 sec.
482 1664 689 1715 pulsabunt
728 1665 877 1705 Ambr.
919 1677 984 1715 pr.
1028 1665 1126 1713 fata
1161 1665 1264 1706 Juu.
1298 1677 1363 1716 pr.
1396 1665 1537 1705 Oxou.
1573 1677 1659 1704 sec.
1715 1668 1872 1714 pensent
1920 1668 1990 1701 tua

149 1718 268 1765 sacta
287 1717 545 1769 conjiciebat
580 1717 836 1758 Heins.-⁷⁷
879 1720 963 1758 Nec
981 1719 1099 1758 solam
1132 1719 1254 1758 voss.
1299 1720 1383 1757 Nec
1416 1719 1537 1758 solum
1573 1719 1729 1757 Mon-et.
1751 1729 1836 1756 sec.
1884 1716 1991 1754 Nam

164 1771 265 1810 Put.
316 1771 403 1809 Non
423 1771 549 1810 Farn.
594 1772 677 1809 Nec
696 1772 887 1811 Florent.
918 1777 1005 1811 tres
1025 1771 1145 1811 Med.
1181 1772 1286 1821 Reg.
1316 1772 1480 1810 Thuan-
1515 1771 1679 1810 Mazar.
1717 1777 1804 1809 tres
1836 1769 1992 1808 Petav.

164 1823 347 1863 totidem
387 1822 536 1862 Ambr.
563 1824 735 1863 Tbolos.
766 1824 908 1864 Oxon.
944 1832 987 1864 et
1021 1825 1181 1864 Moret.
1218 1836 1282 1875 pr.
1317 1826 1423 1863 Exr.
1456 1822 1635 1864 Gevai·t.
1672 1824 1771 1862 Var.
1809 1822 1895 1861 LL.
1924 1820 1992 1861 ed.

164 1875 300 1916 Antv.
340 1875 462 1914 solum
480 1875 564 1914 duo
597 1876 719 1914 Vatt.
753 1876 849 1915 Pal.
884 1877 1001 1917 Prie.
1035 1878 1171 1917 Oisel.
1205 1877 1308 1918 Jun.
1344 1889 1408 1928 pr.
1436 1877 1580 1915 Oxou.
1610 1889 1695 1915 sec.
1730 1877 1835 1914 Exc.
1870 1874 1995 1913 Laeti.

164 1931 285 1969 solam
307 1934 395 1969 tres
427 1928 547 1967 Med.
579 1928 663 1967 inc.
702 1929 854 1968 Heius.
887 1931 996 1982 Reg.
1024 1931 1191 1970 'l'huan.
1222 1930 1385 1969 Mazar.
1413 1930 1512 1969 Pat.
1534 1930 1700 1968 Tholos.
1735 1929 1899 1967 Moret.
1930 1939 1994 1976 pr.

167 1983 272 2023 Lov.
304 1987 390 2022 tres
408 1981 560 2021 PetaV.
582 1980 764 2020 totidem
785 1982 933 2022 Ambr.
958 1985 1063 2022 Exc.
1086 1983 1267 2022 Gevart.
1288 1983 1468 2022 Lucens.
1489 1994 1553 2033 pr.
1586 1982 1655 2020 ed.
1678 1981 1819 2020 Parm.
1852 1987 1895 2018 et
1922 1980 1998 2018 Vi·

167 2041 252 2076 cet.
279 2036 430 2087 populis
449 2035 583 2075 Oisel,
601 2034 785 2082 fatentur
799 2035 900 2074 Vat.
924 2048 1011 2075 sec.
1033 2036 1128 2074 Pal.
1151 2037 1277 2074 Rott.
1295 2036 1415 2076 Med.
1437 2047 1499 2085 pr.
1519 2035 1603 2073 inc.
1624 2035 1885 2073 Helm—78
1900 2033 1998 2082 quod

168 2095 354 2142 quatuor
373 2089 494 2127 Vatt,
518 2088 610 2126 Pal.
636 2089 761 2127 Farn.
781 2089 898 2129 Prie.
918 2090 1038 2128 Rott.
1079 2091 1181 2140 quod
1201 2089 1269 2127 vel
1288 2089 1374 2139 quis
1394 2088 1513 2127 Med.
1534 2093 1633 2126 tert.
1664 2086 1873 2136 jocundior
1893 2086 1997 2123 Vat.

169 2151 236 2195 pr.
272 2141 471 2193 jocundior
487 2141 589 2183 Jun.
612 2153 678 2193 pr.
700 2141 782 2180 duo
814 2141 958 2181 Oxou.
979 2142 1064 2181 duo
1085 2141 1238 2181 Leidd.
1268 2154 1368 2180 esses
1387 2143 1488 2181 Vat.
1510 2146 1609 2180 tert.
1648 2153 1726 2179 esse
1742 2140 1843 2179 Vat.
1866 2138 2001 2190 quint.

168 2200 282 2236 extat
318 2195 480 2234 Moret.
511 2206 598 2234 sec.
638 2193 750 2233 unde
780 2199 907 2234 exstet
942 2195 1210 2246 conjiciebat
1239 2195 1500 2235 Heium-79
1528 2197 1700 2233 odoratoe
1732 2194 1815 2233 inc.
1849 2191 1999 2231 Heius.

169 2250 342 2288 adoratoe
377 2249 537 2288 Mazar.
569 2246 709 2296 fructu
730 2248 963 2295 alsssructns
991 2245 1094 2290 Jun.
1131 2261 1197 2300 pr.
1228 2248 1311 2287 duo
1345 2248 1498 2287 Leidd,
1535 2247 1714 2301 totidem
1745 2245 2001 2285 (ηοω-80

171 2302 360 2342 admissas
377 2302 503 2342 Fam.
521 2302 646 2341 Voss.
667 2301 809 2342 Oxou·
829 2314 894 2354 pr.
915 2302 1037 2341 Leid.
1059 2305 1252 2342 sec.—81
1279 2301 1528 2352 praetumidis
1560 2300 1701 2340 Oxou.
1735 2310 1820 2338 sec.
1861 2297 2001 2353 prasti-

1000 2410 1040 2449 N
1049 2409 1177 2449 OTAE

176 2488 393 2541 oppressis
411 2488 652 2529 incubaret.

231 2554 282 2591 75
316 2550 471 2603 Civica]
501 2552 671 2592 Corona
703 2563 756 2590 ex
791 2562 951 2603 quercu
985 2551 1056 2590 de-

179 2614 294 2653 cerni
316 2614 442 2654 solita
461 2617 497 2653 ei
533 2615 622 2666 qui,
655 2615 776 2654 hoste
809 2614 966 2664 occiso,
1000 2613 1058 2653 ci-

178 2688 273 2716 vem
294 2677 611 2728 periclitantem
644 2678 699 2717 ab
729 2677 832 2728 ipsis
861 2676 940 2716 fati
969 2675 1060 2716 fau-

180 2741 302 2781 cibus
339 2741 581 2793 eripuisset.
637 2741 791 2781 Fiebat
826 2746 968 2780 autem
1002 2752 1058 2779 ex

180 2819 356 2860 quercu,
390 2807 503 2859 quod
540 2808 631 2846 llaec
669 2806 808 2858 prima
842 2805 1058 2843 hominnm

182 2869 328 2910 nutrix
366 2868 545 2919 fuisset3
575 2874 621 2909 et
658 2869 772 2922 quod
806 2880 888 2907 non
922 2868 1059 2907 minus

181 2932 393 2979 debeatur
411 2932 720 2983 conservatori,
749 2943 874 2984 qnam
901 2931 1060 2971 nutrici

183 3000 259 3035 aut
286 2994 471 3046 parenti.

235 3061 289 3098 76
319 3057 502 3108 Coronoe]
549 3056 727 3097 Stilicho
766 3062 862 3107 post
898 3056 1060 3095 victum

185 3119 500 3171 Rhadagaisum
531 3120 698 3159 hostem
718 3119 1063 3158 immanissimum

187 3188 413 3222 coronatus
427 3195 523 3223 cum
544 3188 637 3223 toto
657 3183 849 3223 exercitu
870 3182 1012 3222 rediit.

243 3247 296 3284 '79
340 3245 461 3286 Lucis
486 3245 665 3296 fructus]
719 3244 917 3285 Dulcedo
951 3244 1067 3294 vitae,

190 3318 286 3357 quae
319 3311 368 3346 ut
394 3306 563 3349 fruetus
591 3307 843 3347 suavissime
869 3306 1068 3360 degusta-

196 3374 282 3409 tur·

1177 2492 1229 2528 80
1259 2487 1431 2538 Pondus]
1458 2487 1755 2539 Maiestatem,
1775 2482 2005 2524 auctorita-

1124 2557 1210 2591 tem
1246 2550 1390 2601 famae,
1428 2562 1510 2603 qua
1550 2549 1688 2590 Roma
1726 2548 1779 2588 ab
1813 2546 2005 2587 omnibus

1123 2614 1324 2666 gentibus
1343 2613 1577 2653 colebatur.
1617 2617 1620 2620 '

1181 2678 1320 2727 Regna
1342 2675 1507 2727 recepit]
1538 2675 1674 2714 Roma
1693 2673 1900 2713 destituta
1920 2671 2009 2711 fru-

1126 2738 1249 2791 gibus
1269 2739 1323 2778 ob
1345 2738 1523 2789 Libyam
1542 2749 1564 2775 a
1585 2736 1772 2776 Gildone
1800 2740 2011 2786 ereptam,

1126 2807 1172 2843 et
1190 2803 1320 2842 vitam
1340 2807 1386 2841 et
1419 2801 1646 2851 imperium
1668 2800 1872 2838 amissura
1891 2803 2004 2845 erat,

1126 2865 1202 2904 sed
1240 2866 1331 2904 haec
1369 2863 1510 2902 omnia
1549 2861 1731 2912 recepit,
1781 2866 2007 2912 postquam

1128 2927 1263 2968 Gildo
1284 2940 1309 2966 a
1339 2926 1571 2965 Stilichone
1596 2926 1754 2973 victus,
1787 2921 2011 2974 Libyaque

1130 2991 1332 3030 restituta
1352 2996 1430 3029 est.
1994 3037 1999 3041 ⁸

1185 3056 1234 3093 81
1283 3052 1491 3092 Ademtum
1539 3047 1727 3101 Libyam]
1783 3046 1930 3097 Gildo,
1963 3050 2012 3085 ut

1135 3117 1324 3167 eriperet
1365 3115 1543 3166 Libyam
1582 3112 1791 3160 Honorio,
1839 3111 2012 3152 dicebat

1135 3192 1228 3220 eam
1250 3179 1470 3230 pertinere
1504 3176 1558 3216 ad
1593 3172 1842 3222 Arcadium,
1873 3178 1920 3212 ut
1952 3171 2013 3211 sic

1135 3241 1292 3282 fratres
1323 3240 1376 3280 ad
1412 3239 1571 3279 bellum
1592 3239 1717 3278 civile
1750 3236 2015 3282 incenderet,

1136 3311 1183 3345 et
1219 3305 1318 3344 hinc
1353 3303 1447 3355 ipse
1481 3299 1727 3354 proficeret.
1796 3296 2012 3339 Honorius

1137 3368 1283 3422 itaque
1312 3366 1492 3419 Libyam
1511 3364 1592 3405 sibi
1622 3367 1816 3416 ereptam
1846 3363 2023 3411 repete-s
