2300 3906
342 214 453 269 640
798 241 804 244 ·
901 229 996 276 GL·
1036 226 1389 268 cmumsm
1431 218 1599 267 Χιιιι.

346 348 516 414 Quod
541 348 768 418 pulchro
792 335 990 397 Mariae
1015 345 1298 398 foecundat
1321 336 1561 411 germine
1585 338 1850 413 regnum?

344 433 514 499 Quod
539 433 772 484 dominis
799 434 1051 497 speratur
1078 431 1255 482 avus'?
1295 429 1438 481 Tum
1462 430 1610 482 flava
1634 445 1842 498 repexo
2056 427 2168 481 240

342 517 529 570 Gallia
556 519 704 568 crine
730 516 906 576 ferOX‚
933 516 1259 581 evinctaque
1285 504 1475 580 torque
1500 514 1745 577 decoro‚.

339 603 595 669 Binaque
619 617 770 667 gaesa
795 608 1004 662 tenenS‚
1032 600 1287 651 animoso
1315 605 1541 666 pectore
1565 599 1733 654 fatur:

340 685 454 750 Qui
480 686 610 737 mihi
637 684 953 736 Germanos
981 685 1131 735 solus
1160 683 1510 750 Francosque
1536 682 1770 750 subegit,

341 770 454 822 Cur
476 770 714 820 nondum
740 769 939 835 legitur
963 767 1158 819 fastis?
1200 784 1294 819 cur
1319 768 1521 833 pagina
1541 771 1758 818 tantum

337 852 543 906 Nescit
567 853 748 904 adhuc
775 867 995 914 nomen,
1021 852 1168 918 quod
1188 850 1307 917 jam
1332 864 1612 900 numerare
1637 848 1910 901 decebat?
2054 847 2167 901 245

333 935 530 1002 Usque
557 935 766 986 adeone
790 933 930 986 levis
953 934 1141 1002 pacati
1166 933 1344 998 gloria
1370 930 1551 981 Rheni
1567 932 1594 980 'f

403 1018 542 1070 Inde
570 1016 876 1068 Caledonio
903 1014 1087 1066 velata
1113 1014 1410 1089 Britannia
1433 1017 1704 1078 monstr0‚

330 1182 513 1231 natalem,
545 1186 583 1221 et
612 1182 712 1233 quod
742 1186 861 1231 auget
896 1182 1102 1231 imperium
1132 1192 1316 1229 generoso
1339 1179 1447 1228 foetu
1477 1178 1645 1230 Marioe,
1685 1182 1731 1218 et
1758 1177 1858 1228 quod
1887 1175 2079 1228 aspicitur
2109 1175 2164 1217 ut

329 1247 423 1273 atus
454 1234 622 1273 futurus
646 1235 927 1285 Imperatorum
939 1234 959 1274 ¹!
998 1236 1096 1273 Post
1119 1234 1386 1284 Hispaniam,
1420 1233 1553 1271 Gallia
1568 1234 1696 1285 flava,
1728 1229 1891 1282 superba
1916 1229 2070 1280 capillis
2099 1240 2161 1268 re-

323 1287 457 1337 pexis,
476 1292 514 1326 et
533 1287 717 1326 redimita
735 1288 870 1326 monili
886 1288 1063 1338 pulchro,
1097 1292 1134 1325 et
1145 1287 1285 1334 serens
1303 1288 1378 1325 duo
1394 1298 1517 1335 goesa,
1549 1287 1610 1324 sic
1630 1285 1800 1335 loquitur
1818 1283 1944 1323 animo
1960 1293 2168 1332 generoso:

328 1339 429 1390 Ine,
448 1340 514 1390 qui
532 1352 631 1379 anus
649 1341 821 1379 contudit
842 1341 937 1379 mihi
958 1341 1186 1389 Germanos,
1216 1344 1255 1378 et
1275 1339 1462 1388 Francos,
1479 1350 1550 1377 cur
1567 1340 1734 1377 nondum
1753 1337 1909 1375 videtur
1936 1336 1978 1374 in
1998 1331 2157 1384 fastis?-

330 1404 399 1430 στιν
433 1392 530 1432 ἰὶὺεν
549 1393 620 1431 ille
638 1395 797 1442 ignorat
815 1394 939 1432 adhuc
957 1405 1094 1432 nomen
1112 1397 1194 1431 tam
1212 1393 1379 1441 illustre,
1392 1393 1492 1442 quod
1509 1391 1728 1430 conveniret
1747 1391 1872 1439 legere
1886 1389 1954 1427 hic
1977 1386 2158 1438 saepius?

329 1456 445 1495 usque
465 1447 609 1485 adeone
627 1447 711 1486 laus
724 1459 852 1498 parva
868 1451 926 1486 est
946 1446 1078 1486 Rheni
1097 1444 1254 1486 sedati?
1283 1446 1381 1484 Inde
1400 1444 1619 1484 Britannia
1637 1445 1763 1483 cincta
1778 1445 1963 1495 portento
1987 1440 2160 1491 Scotico,

1090 1550 1384 1566 θθθθθθθθθθθθ

327 1629 462 1669 Boetin
483 1630 669 1670 Florent.
703 1630 784 1669 ino.
820 1628 972 1669 Heins.
1006 1629 1245 1668 Alth—239
1272 1629 1405 1669 Deest
1438 1630 1506 1669 hic
1536 1640 1683 1669 versus
1714 1628 1816 1670 Jun.
1834 1638 1902 1678 pr.
1935 1626 2017 1671 Qui
2035 1625 2159 1666 Med·

326 1689 464 1734 quart.
510 1684 567 1720 Et
601 1685 706 1722 Exc.
741 1683 919 1723 Gevart.
946 1683 1128 1732 gramine
1158 1682 1278 1722 Rott.
1317 1684 1496 1732 germina
1524 1682 1637 1733 Reg.
1665 1694 1804 1732 regum
1837 1680 1939 1720 Var.
1969 1680 2055 1719 LL.
2086 1679 2157 1724 ed.

322 1735 589 1774 Antv.—240
622 1736 701 1780 Qui
718 1737 837 1775 Med.
857 1742 995 1788 quart.
1024 1736 1177 1774 domino
1198 1734 1345 1775 Ambr.
1366 1741 1468 1775 tert.
1495 1736 1641 1775 domini
1660 1734 1745 1774 duo
1762 1735 1883 1774 Vatt.
1902 1732 2019 1773 Prie.
2038 1733 2157 1775 Rott.

324 1788 456 1827 Oisel.
492 1788 609 1827 Med.
646 1801 730 1828 sec.
755 1789 857 1828 Var.
881 1789 965 1827 LL.
1000 1800 1024 1827 e
1056 1800 1191 1840 marg.
1221 1789 1362 1828 Parm.
1390 1790 1556 1828 dominis
1586 1788 1706 1829 Leid.
1737 1799 1822 1827 sec.
1852 1792 1899 1826 et
1927 1785 2155 1826 duodecim

325 1841 494 1891 scripti,
514 1842 619 1880 Exc.
641 1842 819 1882 Gevart.
850 1843 1032 1881 Lucens.
1061 1853 1146 1880 sec.
1169 1841 1237 1881 ed.
1269 1841 1413 1882 Parm.
1442 1842 1589 1881 domini
1607 1842 1674 1881 vel
1694 1840 1863 1880 dominis
1889 1839 1992 1880 Vat.
2014 1851 2079 1891 pr.
2108 1845 2156 1879 et

324 1898 461 1944 quart.
505 1893 634 1933 Divus
652 1899 833 1946 speratur
861 1895 1018 1934 Moret.
1049 1906 1115 1946 pr.
1143 1898 1351 1945 superatur
1384 1895 1480 1935 Pal.
1507 1895 1599 1934 avis·
1622 1895 1724 1934 Vat.
1758 1906 1843 1934 sec.
1873 1905 1930 1941 m.
1951 1904 2017 1944 pr.
2047 1892 2155 1932 Tunc

321 1946 425 1985 Jun.
447 1959 511 1997 pr.
534 1946 676 1986 Oxon.
698 1959 783 1987 sec.
802 1946 903 1987 Vat‘.
925 1948 1057 2000 quint.
1091 1947 1174 1986 duo
1207 1948 1326 1989 Med.
1357 1948 1461 1988 Put.
1494 1948 1602 1999 Reg.
1632 1947 1735 1987 Pat.
1754 1947 1915 1986 Moret.
1948 1957 2014 1997 pr.
2034 1944 2153 1994 fulva

321 1999 418 2038 Vat.
441 2011 502 2049 pr.
523 2004 568 2038 et
584 2005 685 2040 tert.
705 2000 800 2040 Pal.
818 2001 951 2052 Oisel.
969 2001 1135 2039 Mazar.
1158 2000 1276 2039 Med.
1298 2000 1513 2049 sec.fulva
1531 2001 1722 2052 velfiava
1741 1998 1862 2040 Leid.
1877 2011 1942 2050 pr.
1959 1999 2154 2049 Florent-

321 2051 442 2091 Med.
475 2056 672 2102 piu—241
706 2053 832 2101 ferax
862 2055 1023 2093 Moret.
1057 2065 1141 2092 sec.
1175 2052 1287 2100 feror
1318 2055 1421 2095 Jun.
1458 2067 1524 2106 pr.
1553 2055 1829 2105 conjunctaque
1859 2051 1982 2093 Med.
2013 2053 2157 2104 quart.

321 2116 463 2143 veneno
484 2105 737 2145 Pric.—-242
770 2107 945 2159 Gesaque
978 2107 1068 2145 bina
1092 2107 1203 2147 dun.
1225 2119 1287 2156 pr.
1320 2107 1464 2147 Oxon.
1496 2120 1579 2148 sec.
1607 2120 1692 2147 cesa
1721 2107 1789 2146 vel
1817 2118 1913 2155 gesa
1945 2105 2067 2145 Med.
2088 2116 2155 2156 ρι’.

311 2155 448 2204 ferens
468 2157 587 2196 Med.
609 2163 883 2208 quarn—243
911 2162 1036 2198 solum
1054 2160 1148 2198 Pal.
1181 2159 1335 2199 deerat
1355 2171 1454 2199 vero
1474 2161 1541 2200 hic
1564 2173 1708 2199 versus
1727 2160 1770 2198 in
1801 2161 1903 2200 Vat.
1923 2160 2146 2199 sem—244

319 2221 396 2248 non
413 2210 603 2260 deligitur
621 2212 720 2251 Pat.
731 2212 854 2260 fastis
874 2213 1021 2262 legitur
1038 2213 1138 2251 Vat.
1157 2212 1294 2263 quint.
1313 2212 1564 2253 Prie—245
1583 2213 1731 2252 decebit
1750 2213 1995 2263 Reg.——246
2022 2210 2154 2255 Rheni

321 2262 441 2301 Med.
464 2275 549 2303 sec.
570 2264 655 2304 inc.
677 2266 827 2305 Heius.
849 2267 955 2306 Exc.
972 2266 1155 2305 Lucens.
1177 2276 1261 2306 sec.
1289 2265 1403 2314 regni
1425 2266 1518 2305 Pal.
1537 2266 1729 2305 Florent.
1748 2270 1837 2304 tres
1858 2264 1976 2305 Med.
1989 2264 2154 2306 Thunu-

318 2313 486 2355 Mazar.
505 2316 606 2355 Jun.
629 2330 692 2368 pr.
716 2319 819 2358 Exc.
852 2319 960 2358 Cod.
978 2319 1131 2358 Rham.
1161 2315 1306 2368 regni?
1335 2319 1493 2359 Moret.
1512 2330 1577 2370 ρι’.
1604 2319 1717 2368 regni
1749 2319 1819 2357 vel
1853 2318 1985 2358 Rheni
2005 2317 2149 2357 oxon.

319 2372 540 2408 sem—24⁷
574 2370 776 2410 Calidonia
810 2373 918 2412 Exc.
941 2372 1121 2412 Gevart.
1150 2372 1291 2411 vestita
1312 2372 1424 2411 Put.
1451 2375 1623 2411 monstro
1657 2371 1776 2412 Leid.
1797 2382 1864 2423 pr.
1884 2383 1980 2411 cum
2011 2370 2151 2423 glossa
2254 2372 2300 2458 {4

1147 2483 1324 2525 NOTAE

317 2584 427 2625 esse,
455 2574 567 2627 quod
589 2587 633 2615 se
663 2578 806 2616 tutore
827 2577 985 2623 ‘solium
1006 2576 1198 2628 pertinet
1266 2577 1365 2616 tela.
1422 2577 1567 2617 Graeci
1595 2577 1745 2619 dicunt
1760 2575 1885 2628 Ύαισὰ
1902 2581 1948 2617 et
1970 2573 2149 2628 γαισόΰε,

317 2635 372 2677 ad
393 2636 606 2688 Hispanos
625 2643 811 2688 nostros,
840 2639 987 2691 sicque
1006 2639 1197 2691 Impera·
1265 2639 1491 2691 Virgilius:
1521 2641 1534 2662 ⁴
1555 2640 1639 2680 duo
1672 2642 1852 2695 quisque
1884 2639 2044 2692 Alpina
2076 2649 2146 2680 co-

316 2700 428 2740 toria
461 2712 652 2751 purpura
693 2702 895 2742 nobilitat
929 2702 1200 2755 Hispaniam,
1264 2708 1412 2744 ruscat
1445 2703 1577 2745 Gaesa
1606 2704 1766 2744 manu!
1821 2701 2007 2746 Quidam
2043 2699 2148 2743 scri-

316 2774 394 2801 seu
427 2763 569 2803 Baetin
605 2764 780 2805 fluvium
824 2765 1019 2817 Baeticae,
1066 2767 1196 2819 vulgo
1264 2766 1372 2806 bunt
1396 2779 1506 2818 gesa,
1536 2765 1612 2806 sed
1631 2778 1719 2806 non
1736 2765 1905 2806 melius.

317 2824 628 2877 Guadalquivir?
656 2827 725 2867 An
738 2841 916 2880 parvum
928 2829 1197 2881 putat,quod
1317 2833 1396 2871 243
1425 2829 1617 2881 Francos]
1644 2829 1731 2872 Qui
1758 2826 2043 2869 Franconiam
2071 2824 2145 2866 ha·

316 2885 418 2926 data
433 2888 627 2929 Honorio
643 2891 785 2931 Maria
805 2903 880 2930 sua
886 2887 1093 2939 faecundat
1106 2905 1194 2943 reg·
1262 2891 1474 2934 bitabant.

315 2959 407 2988 nam
420 2947 441 2989 ζ’
472 2951 552 2990 hoc
570 2958 649 3000 est,
668 2952 776 2993 facit
795 2960 844 2994 ut
864 2954 1098 3006 Imperium
1117 2952 1194 2994 foe-
1313 2959 1391 2996 245
1423 2953 1660 3005 Numerare]
1686 2954 1822 2994 Tuum
1837 2963 1993 2993 nomen
2012 2948 2145 2990 toties

314 3011 498 3052 cundum
517 3025 609 3054 esse
628 3017 765 3066 possit
785 3017 1124 3069 Imperatoribus
1138 3030 1192 3060 ex
1259 3017 1304 3058 in
1322 3017 1444 3058 fastis
1463 3018 1593 3058 scribi
1605 3017 1811 3068 decebat,
1838 3022 1888 3056 ut
1897 3015 1990 3068 jam
2005 3011 2144 3054 multi·

313 3085 361 3114 se
381 3075 505 3115 natis.
557 3075 624 3116 An
643 3090 820 3129 parvum
851 3086 976 3132 putat
1008 3082 1192 3136 denique
1258 3081 1464 3135 plicatum
1480 3081 1694 3121 numerari
1711 3081 1906 3121 deberet·

313 3136 428 3189 quod
463 3147 662 3189 speratur
693 3139 785 3181 fore
819 3155 921 3182 avus
954 3144 1192 3196 Imperato-
1307 3146 1390 3183 ‘247
1423 3143 1632 3185 Caledonio
1662 3142 1854 3193 monstro]
1912 3137 2142 3183 Britannia

313 3198 436 3238 rum?
477 3199 538 3240 At
557 3202 697 3242 Maria
714 3203 805 3243 sine
838 3207 955 3255 prole
985 3208 1109 3258 obiit,
1141 3211 1191 3247 ut
1257 3207 1313 3248 ob
1357 3207 1670 3247 immanitatem
1714 3204 1942 3245 exhibetur
1995 3202 2142 3243 cincta
2224 3231 2225 3237 ι

312 3259 495 3305 diximus
515 3269 657 3317 antea,
672 3264 855 3319 ideoque
868 3280 965 3321 spes
981 3269 1191 3322 ejusmodi
1255 3276 1473 3311 monstro:
1525 3269 1736 3310 Caledonio
1773 3272 1916 3309 autem
1953 3279 1982 3307 a-
2015 3267 2138 3307 Cale·

311 3332 591 3373 evanuerunt.
1256 3331 1382 3372 doma
1401 3330 1558 3372 Scotiae
1575 3332 1708 3383 sylva.
1747 3329 1838 3371 Alii
1863 3330 2029 3384 legunt,
2059 3329 2136 3369 Ca-

365 3389 447 3429 242
475 3388 615 3442 Get-sa]
644 3390 830 3445 Propria
848 3398 948 3434 sunt
965 3394 1187 3437 Gallorum
1253 3395 1404 3438 ledouio
1421 3396 1566 3437 vallata
1581 3394 1797 3436 Britannia
1809 3396 1946 3449 ponto.
2124 3388 2126 3390 ’
