2300 3906
364 186 471 253 '806
895 208 990 252 ci„
1031 196 1383 251 anUnrAm
1426 199 1660 252 xxvm.

362 319 648 393 Cladibus,
674 334 726 381 et
746 329 966 381 tandem
991 329 1196 379 nostris
1221 329 1503 382 inflectere
1527 320 1738 399 poenis!

359 413 446 466 En
471 432 591 481 ego,
621 415 714 481 qui
737 417 853 464 toto
881 413 1165 464 sublimior
1188 415 1318 466 orbe
1341 415 1569 479 ferebar,

356 497 505 551 Ante
533 503 686 550 tuum
713 498 849 549 felix
877 497 1108 561 aditum,
1128 498 1235 549 'ceu
1261 500 1478 565 legibus
1500 503 1652 564 exul,

356 581 743 649 Addictusque
766 598 911 644 reus,
938 582 1073 634 flatu
1098 583 1356 649 propiore
1385 590 1708 651 sequentum

354 659 535 733 Terga
553 684 788 735 premor.
864 666 1010 730 Quae
1035 669 1214 736 prima
1241 668 1421 732 miser,
1448 685 1575 736 quae
1601 669 1792 721 funera
1818 667 1980 719 dietis
2076 659 2182 719 280

353 748 676 802 Posteriora
701 767 896 818 querar
916 753 938 802 'l
978 768 1088 804 non
1114 769 1200 803 me
1222 752 1501 804 Pollentia
1525 757 1737 806 tantum

355 833 478 886 Nec
508 839 688 901 captae
714 836 1005 887 cruciastis
1032 853 1195 903 opes:
1242 837 1347 888 hoc
1375 853 1572 904 aspera
1597 838 1701 889 fati

354 918 487 970 Sors
515 918 714 980 tulerit,
746 918 1053 986 Martisque
1076 921 1246 972 vices,
1326 920 1455 972 Non
1481 920 1727 973 funditus
1753 922 1921 973 armis

354 1003 717 1055 Concideram
740 1021 751 1055 :
793 1003 1033 1071 stipatus
1058 1003 1259 1067 adhue,
1285 1005 1640 1072 equitumque
1667 1006 1897 1058 catervis

352 1088 595 1155 Integer,
619 1089 688 1140 ad
713 1093 925 1140 montes
944 1089 1153 1156 reliquo
1177 1105 1301 1141 cum
1329 1090 1520 1140 robore
1549 1091 1715 1153 cessi,
2076 1088 2183 1141 285

353 1171 513 1236 Quos
540 1171 893 1241 Apenninum
916 1173 1215 1241 perhibent.
1293 1174 1463 1226 Hunc
1485 1190 1609 1226 esse
1633 1174 1842 1226 serebat

352 1323 464 1372 tium,
485 1327 523 1363 et
540 1328 727 1363 commota
743 1325 897 1363 tandem
918 1325 1122 1375 suppliciis
1132 1325 1310 1366 nostris!
1343 1327 1441 1366 Ecce
1458 1338 1542 1376 ego,
1563 1327 1629 1377 qui
1647 1326 1752 1365 ibam
1769 1325 1888 1364 altior
1905 1324 2007 1362 omni
2027 1325 2184 1370 mundo,

353 1377 573 1416 fortunatus
590 1382 682 1416 ante
699 1379 915 1427 ingressum
936 1378 978 1416 in
1012 1382 1067 1428 te,
1088 1391 1200 1418 nunc
1222 1392 1363 1430 urgeor
1382 1382 1488 1419 velat
1514 1381 1619 1429 exal,
1638 1384 1677 1419 et
1707 1391 1796 1418 reus
1822 1378 1999 1416 subditas
2017 1377 2182 1426 legibus,

350 1442 510 1481 urgeor
539 1431 714 1470 anhelitu
739 1430 920 1481 proximo
949 1432 1132 1471 hostium
1159 1434 1469 1483 persequentium
1497 1437 1609 1482 terga
1638 1445 1750 1472 mea.
1809 1433 1917 1476 Quas
1940 1443 2011 1480 ego
2041 1429 2188 1478 infeliae

349 1484 476 1522 verbis
512 1496 723 1536 conquerar
749 1485 877 1523 clades
895 1485 1060 1535 primas,
1088 1498 1183 1535 quas
1207 1484 1456 1536 postremas?
1486 1499 1561 1524 non
1591 1487 1713 1523 solum
1747 1489 1810 1533 tu,
1836 1497 1860 1522 o
1885 1484 2093 1532 Pollentia,
2110 1495 2187 1522 non

351 1537 485 1576 solum
505 1550 595 1588 vos,
623 1551 647 1576 0
664 1550 777 1587 gazoe
796 1539 976 1587 direptae,
1005 1539 1176 1577 torsistis
1194 1551 1254 1576 me
1267 1553 1279 1577 :
1305 1551 1414 1577 casas
1433 1538 1590 1576 acerbus
1608 1537 1711 1585 fati,
1729 1541 1766 1575 et
1785 1536 2011 1575 vicissitudo
2038 1536 2127 1574 belli
2146 1535 2189 1574 id

348 1591 567 1639 patiantur.
627 1591 718 1628 Non
733 1590 892 1640 penitus
924 1590 1061 1629 adhuc
1083 1591 1281 1642 perieram
1310 1592 1349 1630 vi
1370 1603 1590 1630 armorum:
1619 1603 1690 1639 ego
1709 1590 1833 1629 adhuc
1851 1589 2061 1628 comitatus
2080 1588 2186 1627 mili-

351 1643 481 1692 tibus,
507 1647 544 1681 ετ
578 1643 782 1681 incolumis
800 1643 853 1681 ob
873 1647 1022 1682 turmas
1040 1646 1228 1694 equitum,
1257 1645 1397 1683 recessi
1416 1646 1465 1682 ad
1485 1647 1633 1683 montes
1651 1656 1736 1683 cum
1755 1642 1931 1682 exercitu
1952 1644 2112 1692 reliquo,
2133 1641 2186 1681 ad

346 1700 515 1735 montes
535 1708 625 1746 quos
654 1696 853 1746 appellant
880 1697 1138 1747 Apenninum.
1194 1698 1335 1736 Incolae
1349 1698 1532 1755 giicebant
1551 1698 1650 1737 hunc
1668 1709 1760 1749 esse,
1787 1697 1855 1748 qui
1872 1700 2053 1736 extentus
2072 1707 2186 1747 usque

1122 1821 1315 1835 “6600“
1323 1820 1420 1835 “U“

347 1903 490 1942 saliere
507 1902 625 1943 Med.
647 1915 731 1943 sec.
758 1904 906 1943 satiata
922 1903 1046 1944 Leid.
1065 1905 1289 1945 sec.Vos.3.
1307 1906 1410 1945 Exc.
1428 1906 1609 1947 Gevart.
1637 1910 1837 1946 cruentum
1850 1906 2087 1945 Pat.—276
2106 1915 2186 1944 ves-

347 1957 425 1995 tris
462 1957 692 1996 1³a1.-277
723 1958 817 1997 Heu
843 1970 912 2007 ego
944 1958 1041 1997 Pal.
1086 1959 1150 2009 qai
1170 1962 1281 1997 tanto
1312 1959 1416 1999 Put.
1455 1959 1605 2000 Ambr.
1638 1973 1702 2012 pr,
1734 1961 1900 2007 fatebar
1932 1960 2000 1998 vel
2024 1958 2186 2008 ferebar

348 2011 589 2050 Low—278
617 2023 683 2049 ceu
720 2011 828 2050 Exc.
868 2011 992 2050 Laeti.
1037 2024 1105 2050 seu
1136 2012 1420 2053 vicen—279
1456 2014 1652 2053 Addictus
1693 2015 1784 2066 sine
1822 2014 1992 2064 copula,
2032 2013 2184 2051 Petav.

346 2074 432 2102 sec.
486 2063 729 2114 Adcitusque
763 2063 909 2104 Ambr.
945 2070 1051 2104 tert.
1106 2067 1380 2116 Addat-casque
1411 2067 1513 2108 Jun.
1545 2079 1610 2119 pr.
1645 2069 1808 2107 Bonon.
1854 2066 1960 2118 fletu
1992 2066 2185 2118 proflatu

345 2115 520 2155 Tholos,
568 2116 822 2167 frequentant
844 2119 946 2157 Lov.
967 2119 1092 2158 Voss.
1111 2119 1220 2158 Exc.
1241 2119 1422 2159 Gevart.
1459 2120 1702 2168 frementum
1734 2121 1995 2171 conjiciebat
2035 2119 2188 2158 Heius.

346 2173 481 2209 —280
514 2182 598 2220 quoe
631 2171 803 2222 flumina
841 2170 982 2212 Oxon.
1020 2174 1239 2210 sem—281
1268 2183 1408 2222 sequar
1440 2173 1558 2212 Med.
1592 2186 1656 2224 pr.
1692 2174 1786 2213 Pat.
1832 2185 1973 2224 querar
2009 2172 2187 2212 Tholas.

346 2222 497 2262 Ambr.
526 2236 588 2273 pr.
635 2236 772 2274 queror
801 2224 901 2265 Jun.
925 2236 991 2274 pr.
1012 2224 1154 2264 Oxon.
1188 2237 1274 2264 sec.
1319 2237 1388 2264 nec
1408 2239 1467 2265 me
1485 2227 1584 2265 Vat.
1607 2231 1708 2266 tert.
1744 2227 1841 2265 Pal.
1885 2239 1945 2265 me
1975 2239 2050 2265 non
2083 2226 2186 2265 Vat.

345 2287 415 2327 pr.
435 2276 572 2315 Oisel.
612 2289 689 2315 nan
708 2290 767 2316 me
801 2278 885 2316 duo
919 2277 1067 2317 Leidd.
1108 2278 1193 2317 duo
1222 2278 1341 2317 Med.
1376 2279 1458 2318 inc.
1498 2279 1647 2319 Heius.
1685 2281 1786 2319 Put.
1815 2280 1979 2319 Thuan.
2019 2281 2184 2319 Bonon-

343 2330 513 2368 Tholos.
548 2330 632 2368 duo
652 2330 801 2369 Ambr.
838 2337 926 2369 tres
957 2331 1112 2369 Petav.
1141 2332 1246 2371 Lov.
1277 2332 1438 2372 Movet.
1458 2345 1544 2371 sec.
1576 2334 1681 2372 Exc.
1704 2334 1880 2372 Gevart.
1913 2334 2095 2372 Lucens.
2117 2345 2183 2384 pr.

343 2383 450 2422 Var.
484 2383 569 2422 LL.
604 2395 627 2422 e
649 2395 782 2433 marg.
805 2384 953 2422 Parm.
981 2383 1150 2431 fallacia
1190 2384 1282 2424 Pal.
1311 2386 1508 2425 Pollentia
1529 2388 1597 2425 vel
1625 2386 1796 2434 fallacia
1826 2387 1925 2427 Vat.
1961 2399 2024 2438 pr.
2062 2385 2182 2425 Med.

343 2447 413 2487 pr.
466 2436 668 2475 Pallantia
687 2438 756 2476 vel
779 2438 973 2476 Pollentia
992 2439 1235 2489 Reg.—28·2
1264 2443 1390 2489 captce
1411 2439 1552 2479 Oxon.
1572 2452 1639 2491 pr.
1662 2440 1813 2479 Leidd.
1836 2452 1902 2491 pr.
1926 2442 2029 2479 Lov.
2058 2443 2186 2491 raptae

343 2489 493 2530 Barth.
536 2491 760 2529 cruciantur
793 2492 950 2530 Moret.
986 2503 1051 2542 pr.
1093 2492 1278 2531 cruciatis
1315 2498 1404 2531 tres
1448 2494 1568 2533 Vatt.
1607 2494 1700 2533 Pal.
1745 2494 1864 2534 Rott.
1903 2495 2009 2533 Exc.
2060 2493 2185 2534 Laeti.

342 2544 549 2582 cruciastis
567 2543 686 2583 Leid.
709 2556 770 2595 pr.
801 2550 846 2584 et
867 2544 1018 2594 viginti
1041 2545 1123 2584 duo
1151 2546 1245 2595 alii,
1275 2547 1383 2585 Exc.
1404 2547 1583 2587 Lucens.
1612 2559 1676 2599 pr.
1698 2547 1766 2586 ed.
1798 2548 1939 2587 Parm.
1961 2553 2007 2586 et
2040 2547 2186 2586 Vicet.

342 2596 415 2635 hoc
449 2597 567 2637 Leid.
603 2610 665 2647 pr.
699 2598 858 2637 Moret.
895 2610 959 2649 pr.
995 2599 1094 2638 Vat.
1116 2598 1254 2638 Livin.
1290 2601 1392 2639 Exc.
1416 2600 1595 2640 Lucens.
1620 2613 1680 2651 pr.
1724 2601 1805 2640 hoec
1835 2601 1917 2640 duo
1937 2601 2056 2640 vatt.
2088 2600 2184 2639 Pal.

342 2650 473 2689 Farn.
493 2651 612 2691 Pric.
636 2652 752 2690 Rott.
789 2664 975 2702 prospera
993 2652 1096 2691 Pnt.
1119 2652 1274 2693 Petav.
1303 2666 1367 2704 pr.
1398 2653 1493 2701 fata
1514 2655 1632 2694 Med.
1655 2658 1892 2694 tem—283
1922 2655 2058 2694 tulerit
2079 2654 2186 2694 Exc-

343 2703 469 2744 Laeti.
499 2706 645 2744 tulerat
664 2706 769 2744 Lov.
787 2705 891 2745 Jun.
915 2718 979 2757 pr.
1019 2707 1179 2746 Moret.
1207 2718 1292 2746 sec.
1334 2708 1545 2758 mortisque
1575 2709 1733 2748 Mon-et.
1769 2720 1852 2748 sec.
1883 2709 2034 2747 Martis
2050 2707 2187 2747 misces

343 2757 446 2799 Jun.
478 2771 542 2809 pr.
581 2771 683 2798 nunc
705 2758 894 2807 funditus
924 2759 1028 2799 Put.
1060 2758 1211 2799 Ambr.
1252 2764 1450 2811 ρι·.-284
1479 2767 1657 2800 catervas
1694 2762 1797 2803 Jun.
1829 2774 1893 2813 ριζ.
1924 2762 2064 2801 Oxon.
2097 2772 2183 2804 sec,

342 2814 476 2851 —285
509 2813 684 2863 Impiger
724 2813 832 2864 Reg.
872 2814 1043 2853 admotis
1076 2814 1194 2853 Med.
1229 2819 1330 2853 tert.
1369 2817 1601 2854 ammonitus
1630 2816 1782 2855 Petav.
1823 2827 1910 2855 sec.
1939 2817 1990 2855 ad
2017 2813 2186 2854 monitus

343 2864 448 2904 Lov.
469 2878 526 2905 m.
547 2878 634 2906 sec.
682 2879 768 2906 cum
787 2878 946 2918 corpore
965 2868 1067 2907 Vat.
1098 2871 1322 2907 sem—286
1351 2869 1550 2920 Apennini
1580 2870 1684 2909 Lov.
1713 2870 1874 2910 Moret.
1892 2881 1979 2910 sec.
2010 2868 2084 2908 huc
2102 2879 2185 2906 esse

1168 2982 1353 3022 No‘rAE

398 3072 480 3109 2⁶79
506 3069 719 3123 Addictus]
774 3074 909 3114 Velut
931 3075 1114 3116 traditus
1136 3076 1228 3117 Lie·
1351 3081 1430 3116 283
1462 3077 1686 3127 Martisque
1714 3074 1834 3125 vices]
1879 3073 1999 3126 Ἄρης
2029 3074 2177 3116 nomos:

340 3132 428 3173 tori
448 3132 503 3172 ob
522 3134 639 3182 legen
660 3136 863 3176 calcatas.
1297 3141 1413 3179 Mars
1447 3139 1670 3179 communis.
1716 3137 1872 3185 Ἀδηλα
1902 3138 1979 3189 ’γὰρ
2014 3138 2067 3178 τὰ
2101 3141 2180 3180 τῶν

398 3194 652 3248 Sequentam]
710 3198 773 3237 Ac
811 3198 902 3240 fere
939 3213 1007 3241 me
1036 3215 1228 3255 compre·
1294 3201 1500 3252 πολέμωνε
1547 3203 1708 3242 incertae
1734 3203 1836 3241 enim
1895 3215 1958 3241 res
2016 3203 2180 3249 bellicoe.

342 3258 636 3300 hendentiam.
1292 3266 1580 3318 Thucydides.

397 3323 475 3361 281
506 3322 720 3374 Pollentia]
776 3323 891 3364 Urbs
920 3325 1143 3381 Ligurum,
1171 3327 1227 3368 ad
1349 3331 1429 3367 286
1455 3327 1725 3380 Apenninum]
1771 3328 1860 3368 Hic
1897 3340 2014 3368 mons
2043 3329 2178 3380 porri-

344 3394 470 3436 quam
490 3384 629 3427 victus
647 3384 858 3427 Alaricus,
1295 3390 1413 3443 gitur
1432 3402 1512 3443 per
1532 3395 1665 3432 totam
1695 3391 1884 3446 Italiam,
1907 3403 2087 3446 eamque
2107 3403 2178 3433 ve-

2264 3327 2289 3490 ·.-..s.22‡w=<*
2274 2966 2290 3168 r14..1;2*„-,v.,2..

2280 3169 2290 3196 l
