2300 3906
655 191 896 232 RAP'rUs
938 194 1232 236 ruostine.
1275 197 1395 237 mn.
1436 198 1503 237 11.
1871 188 1983 242 953

172 305 412 373 Quaque
435 306 603 371 volat,
631 325 829 363 vernus
855 316 1102 382 sequitur
1124 317 1304 369 rubor.
1361 316 1551 368 Omnis
1573 317 1630 369 in
1653 317 1849 371 herbas
1910 319 1983 373 90

169 389 374 456 Turget
396 390 609 454 humuS,
634 395 924 463 medioque
950 404 1141 468 patent
1166 416 1413 453 convexa
1440 416 1659 455 sereno:

169 473 479 539 Sanguineo
506 476 796 541 splendore
822 496 996 544 rosas,
1022 484 1279 535 vaccinia
1303 484 1457 550 nigro

169 555 372 619 Induit,
399 562 452 610 et
475 558 628 610 dulci
651 561 825 613 violas
849 563 1113 630 ferrugine
1139 566 1330 632 pingit.

168 638 425 690 Parthica
450 657 575 708 quae
604 645 767 695 tantis
792 647 1068 697 variantur
1088 647 1311 713 cingula
1332 651 1560 715 gemmis

167 720 409 787 Regales
436 723 686 777 vinctura
709 728 858 779 sinus
877 729 900 779 ‘l
977 727 1121 792 Quae
1146 730 1351 782 vellera
1374 735 1582 783 tantum
1906 734 1982 787 95

166 805 396 857 Ditibus
422 806 641 877 Assyrii
668 812 876 878 spumis
899 812 1152 864 fucantur
1177 813 1378 865 aheni‘l

168 888 303 941 Non
327 891 462 943 tales
490 893 712 945 volucer
736 896 928 963 pandit
949 895 986 948 J
990 897 1225 950 unonius
1251 899 1368 950 alas
1391 916 1404 951 :

163 1022 398 1063 quacumque
428 1014 567 1066 spirat,
593 1016 708 1055 rubor
733 1018 836 1056 veris
864 1020 1031 1059 succedit
1044 1034 1057 1059 .-
1098 1024 1204 1060 terra
1235 1021 1358 1061 omnis
1385 1020 1573 1070 turgescit
1601 1022 1652 1059 ad
1684 1020 1818 1061 herbas
1839 1024 1987 1074 produ·

164 1065 318 1126 cendas,
350 1070 394 1127 et·
420 1069 552 1106 coelam
580 1075 755 1119 apertum
787 1075 844 1110 est
879 1073 923 1111 in
958 1073 1083 1112 media
1118 1073 1350 1114 serenitate=
1392 1074 1510 1112 vestit
1539 1083 1646 1112 rosas
1668 1073 1829 1124 fulgore
1854 1074 1986 1125 rubro,

163 1129 335 1157 reectum
353 1132 483 1180 nigro,
500 1126 538 1160 et
568 1122 744 1172 depingit
770 1125 890 1163 violas
918 1125 995 1164 leni
1018 1138 1204 1177 purpura.
1261 1126 1359 1171 Qua»
1386 1138 1492 1165 zona·
1510 1126 1772 1176 Babylonica,
1801 1128 1982 1177 ligaturoe

164 1174 287 1232 vestes
302 1183 449 1232 regnas,
467 1173 765 1224 distinguuntur
792 1180 852 1215 tot
880 1177 1078 1226 gemmis?
1135 1178 1234 1223 Quoe
1260 1180 1348 1218 lana
1365 1179 1459 1217 adeo
1477 1177 1645 1217 rubescit
1666 1179 1835 1228 pretioso
1850 1192 1986 1220 cruore

163 1233 336 1264 murtcls
365 1226 600 1267 ebulliente
631 1229 674 1267 iu
703 1228 824 1268 aheno
857 1228 1012 1281 Tyrio?
1065 1232 1164 1270 Avis
1196 1231 1365 1270 Junonis
1391 1243 1468 1271 non
1498 1231 1662 1271 ostendit
1687 1243 1834 1282 pennas
1863 1233 1982 1272 tales.-

953 1322 1225 1338 eeeeaeoonee

162 1371 315 1408 nectare
333 1369 431 1408 Vat.
452 1374 622 1421 pr.-—90
648 1372 823 1422 sequitur
838 1384 976 1412 vernus
1001 1374 1123 1412 Voss.
1140 1387 1205 1424 pr.
1247 1375 1350 1414 veris
1367 1374 1394 1416 J
1400 1387 1470 1414 uu.
1491 1387 1577 1414 sec.
1615 1387 1751 1415 vernus
1768 1377 1837 1416 vel
1854 1377 1987 1417 varius

164 1420 274 1482 Reg.
300 1421 385 1461 duo
419 1422 560 1462 Oxou.
601 1424 720 1463 rubor
747 1430 931 1476 quatuor
959 1426 1079 1465 Vatt.
1112 1426 1302 1466 Florent.
1335 1428 1418 1466 duo
1449 1428 1568 1467 Med.
1594 1427 1745 1467 Heius.
1765 1429 1821 1467 H.
1842 1434 1887 1468 et
1906 1430 1989 1470 inc.

163 1474 297 1524 ejusd.
318 1475 419 1513 Put.
436 1475 603 1515 Bonon.
630 1476 802 1517 Tholos.
834 1477 975 1516 Oxou.
1011 1489 1073 1528 pr.
1102 1479 1187 1517 duo
1217 1479 1342 1518 Voss.
1373 1478 1456 1518 duo
1484 1479 1587 1520 Jun.
1611 1486 1694 1519 tres
1714 1480 1868 1520 Petav.
1887 1480 1988 1522 Vat-

165 1526 300 1565 Livin.
320 1527 424 1566 Exc.
444 1527 599 1567 Petav.
636 1534 773 1579 quart.
800 1531 902 1568 color
919 1531 1017 1568 Vat.
1040 1542 1105 1580 pr.
1126 1530 1231 1570 Cod.
1251 1531 1484 1570 Bartholiu.
1504 1533 1607 1571 Exc.
1624 1532 1805 1582 Schotti,
1833 1533 1875 1572 in
1895 1534 1986 1585 qui—

163 1578 242 1618 bus
277 1580 525 1630 ascriptum,
558 1592 610 1619 an
630 1580 766 1621 calor?
806 1582 923 1621 rubor
950 1582 1018 1621 vel
1046 1584 1147 1622 color
1163 1583 1269 1634 Reg.
1290 1584 1430 1623 Oxou.
1451 1587 1640 1623 see—91
1668 1586 1893 1635 madidoque
1911 1598 1987 1637 pro

162 1632 359 1683 medioque
378 1633 479 1673 Put.
519 1646 689 1673 connexa
709 1646 787 1686 pro
803 1647 972 1674 convexa
988 1635 1088 1675 Vat.
1117 1636 1250 1687 quint.
1273 1636 1369 1675 Pal.
1416 1635 1512 1676 NB.
1531 1636 1599 1676 hic
1617 1637 1750 1676 multa
1774 1637 1926 1676 desunt
1943 1638 1988 1677 iu

163 1685 264 1725 Vat.
285 1691 385 1739 tert.
415 1698 546 1739 usque
567 1686 620 1726 ad
640 1699 703 1726 vs.
725 1690 926 1729 148.—92
955 1687 1176 1739 Sanguine«)
1193 1689 1393 1739 splendore
1413 1700 1518 1727 rosas
1548 1688 1632 1728 vid.
1655 1688 1810 1729 Auson.
1830 1689 1986 1741 Cupid.

163 1737 294 1778 Cruci
323 1738 422 1779 fixo.
469 1739 715 1789 Sanguineas
746 1740 830 1781 inc.
863 1740 1120 1781 Heium—93
1163 1741 1302 1781 Induit
1336 1741 1419 1780 duo
1450 1741 1571 1780 Vatt.
1606 1740 1710 1781 Cod.
1746 1742 1986 1784 Bartholin.

164 1789 316 1832 Ambr.
337 1797 440 1832 tert.
460 1792 560 1832 Ald.
583 1792 652 1832 ed.
675 1794 817 1834 Parm.
844 1798 890 1833 et
909 1794 1052 1833 Vicet.
1098 1794 1244 1833 Imbuit
1275 1798 1364 1835 tres
1394 1794 1515 1833 Vatt.
1543 1799 1587 1833 et
1606 1793 1647 1832 d.
1666 1794 1758 1833 Pal.
1778 1794 1861 1834 duo
1879 1795 1984 1836 Jun-

160 1843 343 1891 totidem
366 1844 505 1886 Oxou.
524 1850 570 1885 et
587 1846 710 1886 Voss.
731 1847 832 1887 Var.
852 1847 936 1887 LL.
956 1859 980 1886 e
1000 1858 1132 1898 marg.
1154 1847 1299 1886 Parm.
1323 1846 1475 1897 phialas
1491 1846 1519 1887 J
1525 1859 1593 1885 un.
1617 1859 1700 1886 sec.
1740 1847 1862 1896 tingit
1880 1847 1983 1889 Jun-

163 1901 339 1948 ρι·.-94
368 1898 532 1938 Partica
550 1912 618 1939 nec
635 1899 735 1940 Jun.
756 1912 841 1940 sec.
882 1912 957 1939 non
975 1899 1098 1939 tantis
1126 1900 1224 1939 vat.
1245 1899 1378 1951 quint.
1399 1899 1583 1939 chartac.
1605 1898 1755 1939 Heius.
1774 1900 1898 1939 Voss.
1919 1911 1986 1950 pr.

165 1950 239 2002 qui
258 1955 302 1991 et
321 1956 557 1991 venerantur
574 1964 651 2003 pro
670 1953 874 1993 variantur
893 1953 1184 1992 exhibet.-95
1213 1954 1367 1992 victura
1384 1952 1485 1992 Vat.
1514 1958 1654 2003 quart.
1676 1952 1871 2001 ¹,iunctura
1888 1952 1988 1993 Vat.

165 2004 307 2055 quint.
349 2005 528 2044 vinctura
542 2007 730 2045 Florent.
750 2007 852 2045 Put.
881 2007 987 2057 Reg.
1016 2003 1140 2045 voss.
1171 2017 1237 2056 pr.
1263 2005 1430 2044 Tholos.
1458 2005 1618 2044 Moret.
1652 2016 1716 2055 pr.
1741 2005 1843 2044 Var.
1861 2004 1988 2045 une

163 2067 298 2107 marg.
318 2057 570 2098 Parm.-——96
587 2058 793 2106 sulcantur
824 2057 968 2099 Ambr.
997 2062 1114 2098 terte
1126 2058 1340 2105 sus-cantur
1372 2063 1458 2096 tres
1477 2058 1599 2096 Vatt.
1617 2064 1662 2096 et
1680 2057 1723 2095 d.
1745 2057 1840 2096 Pal.
1859 2057 1987 2096 Voss.

165 2120 233 2160 pr.
268 2109 376 2150 Cod.
406 2110 646 2150 Bartholin.
680 2111 778 2152 edd.
806 2111 946 2151 Vicet.
977 2111 1121 2150 Parm.
1146 2111 1266 2152 Junt.
1296 2108 1396 2150 Ald.
1427 2109 1584 2159 Isingr.
1614 2114 1659 2148 et
1677 2109 1784 2148 aliae.
1806 2110 1851 2147 in
1868 2109 1990 2148 Voss.

164 2160 414 2213 ascriptum,
434 2163 578 2202 malim
587 2164 795 2211 fucantur.
828 2165 1050 2202 colorantur
1070 2162 1154 2202 vid.
1173 2162 1312 2201 Gloss.
1332 2161 1535 2200 variantur
1554 2162 1659 2200 Exc.
1675 2161 1832 2200 Petav.
1852 2167 1990 2212 quart.

163 2215 341 2267 :Assyriis
355 2215 465 2255 aenis
478 2217 581 2256 Vat.
601 2217 739 2268 quint.
759 2216 912 2257 PetaV.
932 2218 1139 2257 tem—9⁷
1170 2216 1261 2255 Non
1293 2216 1390 2253 tales
1419 2215 1502 2254 alas
1531 2213 1675 2264 pandit
1690 2213 1884 2254 Junonius
1912 2214 1991 2253 ales

993 2317 1170 2360 NOTAE

163 2401 273 2454 plet,
297 2412 453 2453 easque
482 2405 605 2452 aptas
624 2400 730 2441 facit
748 2400 802 2440 ad
822 2411 1048 2452 procrean-

164 2463 283 2514 dum,
304 2464 422 2516 quasi
438 2463 638 2503 maritum
656 2468 795 2503 nactae
815 2469 976 2503 essent.

215 2529 268 2565 91
299 2526 503 2577 Mediaque
527 2530 666 2577 patent
698 2538 870 2565 convexa
898 2524 1048 2576 sereno]

166 2589 272 2630 Cum
289 2588 495 2641 proximae
517 2589 710 2640 regiones
729 2588 911 2628 nubibus
939 2599 1047 2639 prae-

164 2657 416 2706 graventur,
445 2653 537 2692 sola
569 2652 728 2692 Henna
751 2650 909 2692 fruitur
937 2651 1046 2689 coelo

163 2725 341 2754 sereno:
372 2727 461 2766 seu,
489 2727 585 2754 cum
604 2714 790 2766 undique
809 2714 966 2754 circum
986 2713 1047 2753 lo-

165 2787 217 2816 ca
235 2776 382 2816 nubila
400 2777 501 2828 sint,
530 2777 716 2817 medium
736 2776 831 2816 coeli
849 2776 1048 2828 spatium,

165 2839 278 2892 quod
309 2840 470 2891 campis
505 2840 805 2880 Hennensibus
839 2840 1048 2891 imminet,

165 2903 305 2943 solum
325 2915 521 2943 serenum
542 2909 624 2944 est.

219 2970 273 3006 92
302 2966 543 3019 sanguineo]
585 2966 749 3006 Alludit
777 2966 830 3005 ad
854 2977 1048 3006 cruorem

167 3031 367 3082 Veneris,
389 3043 472 3082 quo
493 3031 627 3070 tincta
643 3036 711 3070 est
729 3043 837 3071 rosa.

218 3095 273 3133 93
302 3093 461 3144 Induit]
491 3094 698 3133 Nonnulli
717 3094 878 3145 legunt,
895 3091 1049 3142 imbuit,

170 3153 216 3195 id
237 3159 321 3206 est,
341 3154 479 3195 inficit
497 3161 543 3195 et
556 3148 699 3196 notat.

220 3216 365 3269 Daton]
400 3217 473 3257 Sic
505 3218 736 3269 Virgilius:
780 3217 792 3240 ‘
813 3218 952 3258 Suave
981 3230 1050 3257 ru·

168 3278 273 3320 bens
293 3279 599 3330 Hyacinthus.'

1113 2410 1188 2438 seu
1208 2399 1348 2439 colore
1367 2398 1564 2438 coeruleo.

1167 2463 1220 2500 94
1247 2459 1439 2500 Parthica
1455 2459 1633 2512 cingula]
1661 2460 1790 2500 Zonae
1809 2460 1991 2513 Babylo·

1114 2525 1239 2574 nicae,
1256 2536 1332 2564 seu
1352 2525 1514 2576 Regum
1529 2524 1800 2575 Parthorum,
1815 2525 1991 2576 gemmis

1113 2587 1358 2638 illustratae,
1390 2599 1476 2627 non
1505 2587 1565 2627 sic
1594 2587 1779 2639 radiant,
1810 2592 1859 2627 nt
1875 2592 1991 2628 terra

1114 2647 1288 2689 floribus
1308 2649 1526 2689 distincta.
1917 2679 1919 2681 -

1167 2715 1221 2751 96
1238 2712 1396 2763 Assyrii
1412 2712 1544 2763 aheni]
1564 2712 1616 2752 Id
1633 2716 1718 2762 eat,
1733 2712 1856 2751 aheni
1867 2710 1991 2763 Tyrii

1113 2774 1155 2814 iu
1173 2774 1405 2826 Phoenicia,
1424 2787 1519 2827 quae
1539 2775 1678 2814 vicina
1696 2780 1763 2814 est
1777 2773 1990 2825 Assyriae3

1113 2837 1253 2888 Tyros
1271 2842 1414 2876 autem
1438 2842 1482 2875 et
1506 2836 1635 2876 Sidon
1657 2835 1783 2875 urbes
1805 2847 1993 2887 purpura

1114 2899 1486 2940 celebratissimae:
1517 2899 1584 2938 vel
1616 2898 1809 2950 intellige
1835 2896 1994 2950 simpli·

1115 2963 1226 3002 citer
1246 2963 1463 3014 Assyriam
1484 2961 1599 3001 Asiae
1618 2962 1850 3013 regionem.

1168 3024 1346 3076 Spumis]
1384 3027 1545 3064 cruore
1578 3023 1747 3063 muricis
1766 3023 1992 3064 ebulliente

1116 3093 1163 3129 et
1180 3087 1388 3128 fumante.

1171 3150 1390 3201 fucantur]
1426 3150 1666 3201 Tinguntur
1699 3153 1825 3200 atque
1845 3145 1992 3187 rubes-

1119 3221 1416 3316 eug-Votum
1431 3269 1641 3321 Junonius]
1666 3271 1744 3309 Est
1763 3280 1886 3320 pavo,
1916 3281 1988 3309 cu-

223 3340 463 3395 Rev-rugiae]
480 3341 534 3381 Id
546 3346 631 3395 est,
645 3355 837 3397 purpura
847 3342 1053 3396 nigriore,
1110 3338 1184 3390 jus
1204 3337 1343 3378 cauda
1366 3335 1556 3385 oculata,
1582 3330 1757 3384 gemmis
1783 3329 1991 3372 stellanti·
