2300 3906
766 232 845 272 DE
889 233 970 274 vt.
1005 233 1180 275 ooNS.
1221 233 1457 275 HONOR.

203 350 464 404 EventuS.

1904 224 2016 279 789

539 349 799 411 Fortuna,
825 365 1029 404 novum
1049 353 1243 405 molita
1265 359 1572 422 tyrannum,

199 434 238 485 J
242 450 330 486 am
352 434 450 485 tibi
477 433 759 499 quaerebat
784 433 1030 499 Latium3
1067 436 1321 504 belioque
1346 436 1592 489 secundo

197 517 453 569 Protinus
479 515 597 566 an
624 516 787 568 velox
813 520 1021 571 accitus
1044 519 1114 571 ab
1134 520 1260 571 aula

196 600 449 665 Suscipis
477 599 808 667 Hesperiam
835 604 1014 669 patrio
1035 604 1122 654 bis
1151 602 1331 656 Marte
1357 610 1656 674 receptam.

193 683 330 750 Ipsa
354 699 453 749 per
480 683 730 751 Illyricas
760 688 944 751 urbeS,
974 687 1199 740 Oriente
1225 688 1434 753 relicte,

194 764 286 818 Ire
309 765 515 818 Serena
542 783 744 831 comes,
771 771 920 822 nullo
946 771 1201 823 deterrita
1225 787 1379 835 casu,

193 847 450 901 Materna
474 855 530 900 te
554 857 738 902 monte
763 852 976 917 fovens,
1004 852 1280 922 Latioque
1306 854 1555 907 futurum

193 928 510 995 Rectorem,
539 951 903 1004 generumque
927 939 1053 991 sibi.

1129 939 1350 991 Senior-e
1375 956 1641 1008 supernas
1938 940 2011 992 95

187 1015 227 1069 J
231 1033 320 1068 am
344 1022 618 1084 repetente
643 1019 860 1086 plagaS,
887 1021 986 1073 illo
1013 1023 1118 1074 sub
1145 1023 1366 1074 cardine
1391 1040 1585 1088 rerum,

188 1098 395 1152 Sedula
419 1105 699 1152 servatum
722 1118 819 1169 per
844 1107 924 1155 tot
944 1104 1264 1158 discrimina
1289 1108 1484 1174 pignus

186 1181 452 1236 Restituit
477 1185 713 1252 sceptris
738 1188 940 1252 patrui,
970 1189 1280 1255 castrisque
1305 1190 1504 1241 mariti.

185 1263 429 1323 Certavit
450 1267 660 1335 pietate
683 1267 897 1331 domus,
924 1269 1164 1338 fidaeque
1185 1270 1471 1323 reductum

180 1406 269 1444 tua.
325 1403 503 1445 Fortuna
528 1405 793 1445 exterminans
830 1409 1041 1458 tyrannum
1072 1419 1227 1457 novam,
1247 1407 1335 1456 jam
1364 1406 1590 1459 exquirebat
1620 1407 1778 1448 Italiam
1796 1421 1875 1461 pro
1893 1413 1948 1460 te,
1966 1415 2005 1450 et

179 1462 277 1509 post
303 1459 484 1508 proelium
511 1459 690 1507 alterum,
720 1466 766 1498 tu
793 1461 930 1499 statim
961 1465 1138 1501 evocatus
1173 1466 1326 1511 promte
1361 1474 1412 1501 ex
1440 1462 1571 1512 Regia
1613 1462 1803 1511 Orientis,
1833 1463 2003 1502 modera-

176 1510 236 1548 ris
268 1511 429 1550 Italiam
474 1511 535 1550 bis
573 1511 776 1550 liberatam
808 1525 833 1551 a
861 1514 955 1552 hello
984 1515 1106 1554 civili.
1159 1514 1306 1554 Serena
1338 1516 1437 1565 ipsa,
1470 1517 1644 1554 deserens
1682 1516 1881 1555 Orientem
1917 1517 2005 1555 visa

178 1567 247 1602 est
260 1563 320 1602 ire
338 1575 462 1603 comes
480 1563 558 1604 tibi
574 1576 649 1615 per
664 1564 777 1604 urbes
793 1564 961 1616 Illyrioe,
980 1579 1057 1606 non
1087 1567 1284 1617 prohibita
1302 1568 1378 1606 ullo
1406 1569 1591 1618 periculo,
1620 1569 1789 1617 diligens
1817 1573 1856 1608 te
1875 1581 2003 1608 amore

175 1620 366 1666 materno,
397 1622 442 1656 te
465 1615 651 1664 futurum
682 1622 721 1657 et
751 1620 1029 1658 moderatorem
1051 1620 1197 1668 Itatioe,
1227 1624 1266 1659 et
1281 1632 1468 1670 generum
1487 1633 1614 1660 saum.
1643 1621 1888 1660 Theodosio
1912 1634 2000 1661 sene

164 1669 254 1716 jam
272 1670 458 1709 redeunte
470 1670 514 1708 in
532 1670 710 1720 reg-iones
725 1672 909 1722 eoelestes,
922 1673 964 1711 in
983 1672 1054 1711 hoc
1071 1673 1295 1712 discrimine
1312 1685 1453 1723 rerum,
1466 1673 1627 1713 Serena
1641 1673 1811 1725 impigra
1829 1675 2001 1713 reddidit

175 1723 348 1773 Imperio
371 1724 509 1774 patrui
538 1723 600 1762 sui
629 1723 884 1772 Theodosii3
921 1729 960 1764 et
978 1726 1168 1765 exercitui
1200 1726 1376 1775 conjugis
1407 1727 1470 1765 sui
1487 1728 1631 1777 pignus
1648 1731 1908 1766 conservatum
1924 1739 1998 1778 per

174 1779 235 1815 tot
250 1776 439 1827 pericula.
466 1777 619 1816 Domus
631 1783 772 1817 vestra
783 1777 979 1818 exhibuit
996 1779 1176 1819 certatim
1190 1779 1376 1831 pietatem
1387 1792 1525 1830 suam5
1542 1792 1631 1820 nam
1646 1792 1755 1819 amor
1768 1779 1998 1820 Stilichonis

939 1883 1233 1900 “ONOO‘OOOO

173 1959 225 1996 88
254 1956 390 1996 molita
425 1955 528 1996 Put.
561 1956 667 1996 Exc.
689 1956 800 1996 Laeti
818 1961 863 1996 et
880 1958 1058 1997 Lucens.
1078 1969 1145 2008 pr.
1187 1958 1330 1998 mirata
1344 1958 1411 1998 ed.
1434 1958 1578 1999 Parm.
1596 1963 1641 1998 et
1657 1958 1908 1998 Vicet.—90
1935 1971 1997 1997 ae-

170 2011 319 2050 cinctus
359 2010 587 2050 Rutu-91
613 2010 788 2060 patriam
820 2011 921 2050 Vat.
963 2010 1098 2062 quint.
1145 2017 1339 2062 repertam
1384 2011 1512 2051 Far-n.
1557 2015 1747 2051 retentam
1790 2010 1892 2050 Jun.
1932 2023 1996 2061 pr.

171 2063 314 2103 Oxou.
335 2066 529 2103 sem—92
548 2062 625 2102 lua
645 2063 804 2102 Mor-et.
821 2075 886 2115 pr.
905 2068 1053 2102 remoto
1065 2064 1334 2104 'rituam—93
1354 2065 1541 2104 dotem-ita
1557 2065 1622 2104 vel
1635 2063 1849 2115 perterrita
1862 2063 1997 2104 Oisel.

169 2120 277 2157 ——94
305 2121 479 2157 materno
513 2120 554 2156 te
582 2128 686 2156 more
712 2114 853 2164 serene
883 2116 1041 2155 Moret.
1077 2127 1164 2156 sec.
1209 2118 1344 2156 Marte
1364 2129 1445 2167 pro
1462 2129 1567 2157 more
1594 2116 1696 2157 Jun.
1718 2119 1886 2168 pr.—95
1916 2128 1997 2156 ree-

163 2174 248 2209 tore
265 2181 341 2221 pro
359 2171 506 2210 seniore
519 2170 547 2212 J
551 2181 618 2209 nn.
635 2180 699 2221 pr.
715 2169 859 2209 Oxou.
873 2181 957 2210 sec.
993 2169 1177 2221 superbae
1189 2170 1280 2209 Pal.
1308 2171 1491 2220 superbas
1505 2171 1568 2210 vel
1587 2182 1773 2220 supernas
1789 2169 1907 2210 Med.
1927 2181 1991 2220 pr.

166 2227 276 2264 -96
302 2235 434 2263 reram
451 2223 602 2263 deerat
623 2223 667 2262 in
689 2223 965 2264 Thalna—97
991 2226 1079 2274 post
1092 2226 1151 2262 tot
1168 2222 1396 2263 discrimina
1417 2223 1538 2264 Med.
1568 2230 1672 2264 tert.
1694 2223 1819 2263 male.
1849 2228 1993 2262 notum

167 2282 237 2317 est
255 2277 424 2329 Virgilii
437 2276 543 2317 illud
564 2276 657 2316 AEn.
677 2287 710 2316 1.
732 2288 793 2315 vs.
808 2279 903 2327 208.
932 2277 945 2298 ‘
959 2275 1049 2315 Per
1078 2276 1217 2315 varios
1237 2289 1376 2324 casus,
1391 2288 1469 2328 per
1489 2282 1552 2317 tot
1567 2276 1809 2316 discrimina
1827 2276 1996 2315 rernm.'

165 2334 274 2372 -98
297 2330 444 2384 patriis
473 2342 553 2383 pro
579 2329 718 2382 patrui
749 2330 910 2370 Mazar-
930 2329 1089 2369 Moret.
1106 2341 1195 2369 sec.
1232 2329 1381 2382 patriis
1397 2331 1519 2381 ceptis
1534 2330 1637 2372 Jun.
1657 2341 1722 2381 pr.
1743 2328 1886 2369 Oxon.
1905 2340 1993 2370 sec.

983 2443 1026 2484 N
1032 2442 1162 2484 01*AE

166 2542 262 2569 nam
283 2532 329 2569 et
351 2527 640 2568 Mediolanum
660 2538 775 2580 saepe
797 2526 991 2567 incoluit.

220 2596 272 2632 88
301 2591 468 2644 Molita]
512 2591 712 2639 Emerita,
756 2589 1044 2630 exterminans

165 2662 390 2707 tyrannum
415 2667 585 2708 novum,
602 2654 841 2707 Eugenium
860 2651 1043 2704 scilicet,

165 2718 220 2758 de
241 2730 323 2771 qno
342 2730 484 2770 supra.
971 2736 975 2738 ·

215 2783 270 2820 89
300 2778 527 2832 Quoerebat]
573 2778 705 2820 Velut
723 2790 875 2831 magno
893 2777 1042 2818 labore

162 2842 244 2885 tibi
260 2843 457 2895 parabat.

215 2909 267 2948 91
296 2907 439 2946 Patrio
466 2906 526 2946 bis
543 2904 697 2957 Marte]
741 2905 884 2946 Patris
914 2904 1041 2945 armis

156 2968 386 3010 liberatam
407 2981 433 3008 a
451 2969 564 3008 bello
581 2968 758 3020 duplici,
777 2974 822 3008 et
843 2968 1042 3020 Eugenii,

160 3037 207 3073 'et
221 3030 420 3083 Maximi,
438 3032 493 3072 de
512 3032 665 3085 quibus
685 3032 846 3071 dictum
866 3037 946 3072 est.

210 3099 263 3137 93
296 3095 450 3147 Comes]
478 3095 636 3135 Serena
648 3094 855 3147 Byzantio
870 3092 1037 3145 profec-

157 3161 207 3197 ta
221 3161 287 3198 est
305 3169 401 3197 curn
421 3155 614 3197 Honorio
631 3169 643 3206 ;
658 3156 744 3209 qni,
761 3161 858 3207 post
873 3156 1037 3197 cladem

157 3220 362 3273 Eugenii,
381 3220 435 3260 ad
448 3220 643 3271 Patrem,
657 3220 872 3272 simulque
884 3219 939 3259 ad
954 3220 1038 3259 Im·

158 3284 324 3333 perium
343 3283 598 3324 Occidentis
619 3283 897 3335 properabat.
949 3283 1036 3323 Sed

157 3345 259 3395 heu,
289 3356 430 3385 rernm
460 3345 599 3387 vices!
631 3345 701 3385 vix
730 3344 947 3389 Honorius
963 3359 1035 3399 ap-

158 3407 331 3462 pulerat
353 3405 671 3458 Mediolanum,
704 3420 801 3449 cum
818 3408 880 3449 ibi
896 3409 1035 3450 Theo-

1110 2524 1254 2565 dosius
1273 2524 1366 2577 ejus
1389 2529 1517 2576 pater
1534 2522 1653 2564 obiit.

1162 2591 1214 2627 95
1243 2586 1423 2640 Seniore]
1448 2586 1689 2626 Theodosio
1723 2585 1776 2625 ad
1796 2591 1987 2626 senectu-

1108 2654 1198 2691 tem
1231 2649 1482 2700 accedente,
1509 2661 1592 2690 non
1613 2654 1699 2689 tam
1721 2648 1777 2688 ob
1796 2654 1987 2699 aetatem,

1107 2712 1224 2766 (erat
1247 2711 1357 2763 enim
1385 2717 1550 2752 tantum
1578 2709 1986 2764 quinquagenarius)

1110 2787 1236 2829 quarn
1255 2775 1312 2815 ob
1330 2774 1499 2815 labores
1519 2779 1565 2814 et
1582 2773 1763 2825 vigiliae.

1160 2841 1214 2879 96
1243 2838 1434 2890 Cardine]
1459 2837 1514 2877 In
1539 2841 1660 2877 tanto
1678 2848 1818 2876 rerum
1838 2834 1987 2876 discri-

1106 2901 1236 2952 mine,
1251 2913 1350 2941 cum
1366 2899 1629 2940 Theodosius
1644 2899 1835 2951 obiisset,
1865 2911 1983 2939 cum-

1106 2977 1189 3019 que
1218 2976 1333 3005 mors
1367 2965 1457 3017 ejus
1483 2964 1747 3004 occasionem
1764 2962 1867 3003 dare
1887 2973 1984 3015 pos-

1106 3034 1173 3069 set
1219 3028 1340 3070 novis
1393 3028 1536 3078 rebus,
1583 3027 1771 3067 servavit
1812 3026 1983 3078 pignus,

1105 3091 1274 3132 scilicet
1323 3091 1573 3141 Honor-inm,
1617 3102 1744 3142 quem
1782 3087 1979 3132 reddidit

1102 3152 1293 3206 ImperIo
1325 3153 1467 3206 patrui
1495 3153 1576 3193 sui.
1630 3152 1782 3205 virgil.
1812 3153 1825 3175 ‘
1849 3150 1978 3194 Haud

1102 3222 1227 3258 tanto
1244 3215 1428 3257 cessabit
1445 3215 1621 3256 cardine
1641 3213 1812 3254 reruml

1155 3284 1209 3321 99
1237 3280 1406 3332 Domus]
1446 3278 1698 3319 Stilichonia
1717 3277 1863 3316 donnus
1882 3285 1977 3314 cer·

1103 3343 1215 3385 tavit
1228 3344 1408 3395 pietate,
1420 3342 1502 3382 hoc
1516 3346 1599 3392 est,
1611 3340 1785 3381 Stilicho
1799 3343 1844 3378 et
1854 3337 1977 3376 Sere·

1102 3418 1161 3448 na
1178 3407 1298 3447 velut
1324 3406 1437 3448 inter
1455 3417 1501 3446 ee
1518 3403 1846 3454 contenderunt,
1877 3406 1978 3442 uter
