2300 3906
642 215 883 258 RAP'rus
924 219 1215 259 PROSERP.
1257 222 1379 262 mn.
1422 222 1487 263 ιι.
1863 216 1977 268 957

160 329 358 397 Carpit
381 330 536 398 signa
561 334 666 386 sui.
738 334 944 388 Varios
970 342 1086 390 tum
1113 344 1299 392 cetera
1323 341 1503 393 saltus

159 411 422 464 Invasere
447 415 668 467 cohorS.
743 415 950 471 Credas
975 424 1230 478 examina
1254 423 1409 475 fundi

159 493 458 561 Hyblaeum
486 503 706 565 raptura
729 500 989 569 thymum,
1018 520 1140 555 cum
1166 521 1324 558 cerea
1348 522 1500 574 regas

161 576 360 630 Castra
384 589 623 645 movent,
652 583 874 653 fagique
900 586 1339 646 cavademissus
1365 590 1436 640 ab
1458 590 1585 643 alvo

160 660 397 714 Mellifer
419 666 609 716 electis
633 668 903 720 exercitus
928 670 1200 737 obstrepit
1220 670 1420 725 herbis,

157 744 448 798 Pratorum
475 751 746 816 spoliatur
769 752 969 806 honos,
1045 754 1193 805 Haec
1229 754 1349 807 lilia
1373 755 1546 810 fuscis

158 827 362 881 Intexit
380 831 574 883 violis:
610 834 751 885 hanc
770 836 952 887 mollis
977 851 1272 888 amaracus
1298 845 1474 893 ornat.

119 950 127 957 .
159 910 308 977 Haec
335 914 575 979 graditur
598 918 815 970 stellata
839 919 1016 983 rosis;
1050 920 1171 973 haec
1199 921 1327 974 alba
1344 923 1607 989 ligustris,

156 994 239 1047 Te
264 1012 486 1066 quoque
513 999 784 1054 flebilibus
808 1018 1067 1067 moerenS‚
1097 1003 1429 1073 Hyacinthe,
1456 1008 1641 1075 figuris

1853 927 1961 981 130

157 1162 291 1201 rosae,
322 1165 416 1215 quae
446 1160 545 1194 sunt
570 1156 714 1197 indicia
745 1159 886 1198 doloris
913 1159 995 1199 sui:
1022 1165 1105 1200 tum
1125 1162 1238 1202 turba
1255 1165 1404 1215 reliqua
1421 1167 1617 1216 occupavit
1634 1167 1760 1217 sylvas
1776 1166 1975 1212 diversae,-

152 1208 268 1265 putes
281 1218 440 1254 agmzna
455 1219 579 1258 apum
593 1209 768 1260 dispergi
785 1213 991 1251 collectura
1020 1214 1192 1265 thymum
1213 1216 1366 1267 Hymae,
1381 1230 1465 1256 cum
1483 1231 1594 1267 reges
1617 1222 1780 1258 educunt
1806 1219 1977 1258 cohortes

159 1256 334 1305 opifices
349 1270 463 1308 ceree,
483 1266 519 1298 et
534 1262 648 1300 turba
667 1262 857 1310 mellifera
875 1276 1028 1313 egressa
1043 1278 1092 1304 ex
1109 1271 1243 1306 ventre
1260 1282 1351 1307 cavo
1359 1269 1471 1320 sagi,
1489 1271 1669 1309 bombilut
1689 1271 1976 1321 circumflores

157 1309 306 1370 eleetos.
337 1310 479 1349 Flores
495 1318 760 1372 ornamentum
774 1320 977 1364 pratorum
989 1318 1253 1368 diripiuntur:
1271 1332 1346 1359 una
1357 1324 1504 1361 consuit
1519 1323 1601 1362 lilia
1614 1335 1706 1362 cum
1719 1323 1832 1361 violia
1847 1323 1978 1361 subni-

155 1372 245 1409 gris
251 1373 267 1407 ;
282 1374 483 1422 amaracus
497 1364 595 1402 lenes
605 1370 761 1403 coronat
773 1369 936 1406 alteram
945 1382 957 1406 .·
977 1370 1210 1416 oliagincedit
1218 1371 1380 1422 fulgens
1394 1375 1507 1421 rosis,
1518 1376 1596 1413 alia
1608 1376 1771 1414 eandida
1785 1375 1975 1424 ligustris.

163 1413 216 1454 Te
236 1417 369 1466 ettam,
389 1427 413 1454 ο
435 1416 662 1467 Hyacinthe
680 1419 813 1457 dolens
826 1418 978 1471 figuris
1008 1419 1202 1473 tristibus,
1234 1427 1272 1463 et
1305 1425 1532 1465 Narcissum
1559 1426 1771 1477 colligunt:
1798 1426 1979 1478 nuucflo·

918 1548 939 1566 δ
946 1551 1160 1568 OOOOOO‘O‘
1167 1553 1213 1568 Ὀ

161 1643 239 1680 123
267 1653 383 1682 vanos
411 1654 488 1695 pro
517 1641 646 1686 varios
678 1649 785 1688 Exc.
805 1648 958 1690 Petav.
979 1655 1118 1701 quart.
1158 1654 1250 1690 tunc
1281 1655 1422 1690 coetera
1451 1651 1635 1691 Floreat.
1665 1654 1709 1690 et
1734 1650 1976 1703 quindecim

161 1694 247 1744 alu,
279 1694 374 1741 Ald.
405 1703 450 1737 et
479 1699 546 1738 ed.
578 1701 851 1742 Vicet.—124
874 1705 1016 1752 predas
1046 1715 1122 1754 pro
1153 1705 1286 1742 credas
1316 1703 1547 1743 Pan—125
1575 1708 1739 1754 ruptura
1765 1705 1887 1743 Voss.
1909 1715 1977 1753 pr.

159 1750 199 1785 et
215 1751 344 1787 cetera
367 1750 469 1789 Exc.
489 1751 644 1794 Petav.
667 1760 806 1805 quart.
846 1756 910 1794 cui
927 1768 1036 1795 cerea
1066 1756 1159 1795 Pal.
1201 1760 1327 1795 cetera
1346 1756 1581 1796 Pan—120
1607 1769 1697 1795 caro
1716 1756 1813 1795 edd.
1832 1756 1976 1795 Vicet.

159 1798 304 1840 Parm.
323 1801 444 1842 Junt.
463 1803 564 1843 Ald.
585 1806 738 1845 Parrh.
760 1807 894 1847 Colin.
924 1808 1023 1856 jaba
1044 1820 1119 1858 pro
1143 1821 1236 1847 cat-a
1267 1809 1367 1847 Put.
1402 1808 1579 1847 dimissus
1599 1809 1697 1848 Vat.
1715 1808 1756 1849 d.
1776 1809 1871 1847 Pal.
1891 1807 1975 1847 duo

158 1851 280 1893 Med.
300 1855 408 1906 Reg.
427 1856 528 1896 Put.
551 1857 633 1898 duo
654 1859 806 1899 Petav.
837 1861 1002 1900 Bonon.
1022 1862 1188 1900 Tholos.
1213 1859 1358 1900 Ambr.
1389 1866 1489 1900 tert.
1509 1862 1591 1899 duo
1609 1861 1712 1902 Jun.
1733 1862 1815 1899 duo
1835 1861 1977 1900 Oxou.

158 1904 267 1966 Eyfc.
285 1906 436 1947 Petav.
455 1915 729 1961 quarn—12⁷
757 1925 778 1952 e
805 1914 914 1952 lectis
931 1914 957 1954 J
964 1926 1032 1952 un.
1054 1925 1118 1963 pr.
1157 1914 1299 1964 ereptis
1316 1915 1424 1952 Exc.
1444 1913 1595 1954 Petav.
1614 1918 1755 1964 quart.
1798 1912 1977 1952 erectis...

160 1958 238 1996 ahs
256 1959 358 1998 Var.
380 1961 466 2001 LL.
486 1974 510 2001 e
530 1974 663 2014 marg.
679 1965 822 2004 Parm.
860 1968 1028 2016 astrepit
1044 1966 1153 2017 Reg.
1166 1967 1328 2005 Tholos.
1347 1966 1488 2005 Oxon.
1506 1978 1569 2015 pr.
1590 1966 1663 2004 alis
1675 1966 1758 2004 inc.
1773 1965 1978 2004 Heius.—

163 2013 243 2049 128
270 2013 369 2051 talia
384 2025 461 2064 pro
477 2015 562 2054 lilia
581 2016 665 2056 inc.
683 2017 835 2057 Heius.
871 2018 982 2064 fusis
999 2018 1146 2057 Ambr.
1172 2024 1274 2057 tert.
1311 2017 1439 2065 salvis
1466 2018 1618 2056 Petav.
1644 2020 1880 2056 tert.—l29
1896 2015 1980 2066 flos

160 2073 240 2114 pro
261 2065 386 2104 mollis
404 2067 503 2106 Vat.
525 2070 659 2119 quint.
688 2081 888 2109 aramacus
907 2071 1046 2110 Oxou.
1066 2082 1129 2121 pr.
1157 2075 1266 2109 ornet
1289 2070 1530 2120 Reg.—130
1546 2070 1635 2109 Huc
1650 2070 1766 2119 grad.
1783 2073 1835 2109 st.
1852 2080 1888 2108 r.
1906 2067 1977 2106 huc

993 2194 1167 2238 NOTAE

160 2305 248 2334 sam
295 2306 349 2335 ex
396 2297 655 2339 Mahometis
705 2300 860 2340 sudore
897 2306 1040 2342 natam

159 2360 309 2400 Turcae
329 2361 525 2402 credunt.

216 2425 294 2461 124
325 2422 505 2463 Invasere
535 2424 685 2475 cohors]
746 2426 907 2466 Cohors
938 2438 1038 2476 gau·

161 2483 282 2535 dent,
298 2484 531 2525 invadunt:
563 2485 770 2526 familiare
798 2493 864 2527 est
891 2488 1040 2527 Poetis

160 2545 224 2585 ita
241 2546 370 2598 loqui,
389 2559 486 2586 cum
507 2560 659 2587 nornen
680 2549 721 2588 in
742 2550 946 2600 singulari
968 2562 1041 2589 nu·

160 2609 279 2648 mero
297 2608 430 2648 multa
448 2609 674 2661 significat.

216 2673 293 2710 125
326 2671 447 2711 Cerea
464 2672 611 2723 castra]
654 2671 821 2712 Alludit
841 2673 893 2713 ad
914 2687 1040 2725 apum

161 2737 373 2783 naturam,
402 2746 495 2785 quae
512 2741 611 2774 'cum
643 2735 695 2773 ad
725 2747 830 2786 opus
866 2742 1040 2787 exeunt,

162 2796 399 2836 exercitum
419 2803 730 2848 repraesentare
752 2797 964 2838 videntur.

218 2859 364 2910 Reges]
395 2860 487 2899 Rex
519 2872 661 2911 apum,
678 2861 971 2909 magnitudine
991 2874 1041 2900 ac

160 2920 300 2961 nitore
319 2922 468 2973 major,
485 2922 625 2961 medio
659 2935 708 2961 ac
740 2929 834 2962 tuto
864 2924 958 2963 loco
977 2935 1040 2962 se-

162 2981 254 3034 det,
270 2983 508 3035 coliturque
529 2984 721 3023 immunis
739 2985 791 3023 ab
809 2996 954 3034 onere,
971 2997 1041 3024 ex-

163 3049 284 3085 actor
314 3044 544 3084 alienorum
584 3057 775 3095 onerum,
808 3046 882 3085 sed
927 3047 1040 3086 solus

163 3106 326 3159 absque
355 3106 529 3146 aculeo:
559 3107 638 3146 hoc
672 3108 822 3146 amisso
843 3107 1042 3147 dilabitur

165 3181 360 3209 examen.

219 3235 298 3271 127
328 3231 477 3271 Electis
493 3232 640 3284 herbis]
680 3233 891 3282 Floribus,
912 3236 958 3271 ut
978 3244 1041 3271 ro-

166 3295 239 3344 sis,
254 3293 393 3343 violis,
410 3293 526 3346 liliis,
543 3295 706 3346 thymo,
724 3299 770 3335 et
789 3294 895 3334 aliis.

223 3358 300 3396 128
340 3355 551 3396 Pratorum
582 3356 718 3408 honos]
772 3356 934 3409 Flores,
970 3355 1041 3408 qui

1108 2299 1336 2340 conferunt
1366 2299 1421 2339 ad
1448 2302 1740 2340 ornamentum
1757 2310 1831 2338 seu
1849 2299 1978 2340 hono·

1107 2375 1196 2402 rem
1216 2368 1448 2414 pratorum.

1162 2428 1239 2464 130
1268 2425 1438 2464 Stellam
1454 2422 1570 2473 rosis]
1599 2422 1763 2463 Ornata
1783 2421 1886 2461 rosis
1906 2434 1977 2462 ve·

1108 2487 1172 2525 lut
1204 2487 1380 2526 totidem
1415 2486 1571 2525 stellis:
1604 2496 1710 2523 rosae
1743 2483 1899 2535 quippe
1933 2489 1978 2523 et

1106 2549 1231 2589 flores
1250 2549 1450 2589 dicuntur
1477 2550 1695 2587 hortorum
1721 2547 1877 2597 sidera,
1901 2558 1977 2586 seu

1109 2612 1330 2652 terrestria
1348 2610 1501 2650 sidera.

1160 2673 1377 2724 Ligustris]
1389 2674 1629 2716 Ligustrum
1642 2677 1708 2711 est
1720 2671 1860 2722 arbor,
1872 2671 1975 2712 oleae

1107 2735 1228 2784 folio,
1246 2734 1348 2775 flore
1369 2735 1550 2774 candido
1571 2740 1615 2773 et
1634 2733 1825 2772 odorato.

1163 2802 1238 2838 131
1273 2795 1510 2849 Hyacinthe]
1542 2795 1812 2847 Hyacinthus
1849 2793 1978 2845 Amy-

1109 2862 1187 2901 clae
1204 2861 1329 2912 filins,
1348 2865 1508 2899 amatus
1525 2859 1579 2898 ab
1604 2858 1819 2908 Apolline,
1848 2862 1894 2896 et
1922 2856 1978 2896 ab

1109 2935 1159 2962 eo
1192 2935 1268 2974 per
1299 2934 1482 2962 errorem
1517 2921 1621 2960 disci
1647 2921 1767 2971 jactu
1800 2919 1980 2970 occisus,

1108 2990 1153 3025 et
1168 2985 1208 3023 in
1226 2983 1372 3023 florem
1395 2983 1459 3021 sui
1478 2982 1654 3020 nominis
1673 2986 1872 3021 mutatus.

1161 3044 1543 3097 Flebilibusfiguris]
1578 3044 1686 3081 Nam
1712 3049 1830 3082 notas
1847 3042 1979 3082 habet

1106 3109 1150 3147 in
1167 3107 1277 3147 foliis
1297 3103 1337 3146 αἲ
1354 3105 1407 3156 αἳ,
1426 3117 1519 3157 quae
1536 3110 1636 3144 sunt
1651 3103 1845 3142 dolentis.
1874 3100 1978 3141 Ovi·

1110 3171 1231 3210 dius:
1267 3167 1399 3220 ‘Ipse
1434 3179 1531 3207 suos
1563 3166 1742 3217 gemitus
1767 3162 1877 3202 foliis
1911 3162 1976 3202 in-

1109 3231 1274 3281 scribit,
1302 3235 1347 3270 et
1375 3228 1416 3269 αῒ
1448 3228 1489 3268 αἳ
1528 3229 1620 3267 Flos
1643 3225 1771 3264 habet
1799 3223 1976 3278 inscrip-

1110 3299 1212 3343 tum,
1232 3292 1485 3345 funestaque
1504 3290 1627 3331 litera
1641 3287 1774 3327 ducta
1790 3283 1887 3326 est?
