2300 3906
588 198 652 238 m
695 199 734 237 1.
777 198 950 238 cons·
989 198 1256 241 s'rimcn.
1300 201 1419 240 mn.
1461 203 1529 243 11.
1563 189 1574 200 ’
1875 194 1980 250 681

171 314 428 382 Diligeris
453 333 466 369 :
502 331 677 383 neque
703 315 848 368 enim
874 319 1149 385 neglectas
1174 336 1316 388 pace
1339 320 1590 373 cohortes

167 398 329 451 Tunc
354 399 518 461 ditas,
546 414 671 451 cum
694 400 841 452 bella
865 402 1112 456 fremunt.

1189 405 1316 456 Scis
1341 405 1496 457 nulla
1519 404 1741 472 placere

172 481 425 544 Munera,
452 497 576 548 quae
602 486 844 534 metuens
869 485 1000 548 illis,
1028 502 1170 553 quos
1195 489 1484 554 spreverit,
1511 486 1668 540 offert
1883 485 1991 538 150

169 564 354 628 Serus,
380 569 434 615 et
457 566 739 616 incassum
765 568 970 619 servati
993 568 1255 636 prodigus
1281 569 1418 620 auri.
1461 586 1469 594 ·

168 645 471 699 Antevenis
494 653 732 715 tempuS‚
760 665 865 701 non
885 651 1308 718 expectantibus
1334 652 1475 703 ultro

167 728 492 795 Munificus,
516 748 832 800 mensaeque
859 733 1107 798 adhibeS,
1133 738 1190 786 et
1209 734 1427 786 nomine
1455 750 1726 803 quemque

168 811 511 880 CompellaS,
538 816 692 879 clari,
721 817 821 868 sub
848 821 899 868 te
925 818 1074 885 quod
1101 818 1334 885 gesserit
1359 818 1509 882 olim,

165 893 495 950 Admonitus
520 898 686 964 facti3
725 900 1050 968 figendaque
1077 902 1330 955 sensibus
1357 902 1519 954 addis
1875 904 1981 958 155

165 979 375 1044 Verba,
403 982 604 1050 quibus
628 985 813 1051 magni
839 987 1141 1052 geminatur
1165 987 1342 1054 gratia
1365 987 1511 1039 doni.

163 1115 269 1156 tibus
286 1118 365 1159 etsi
383 1131 536 1170 porcus,
565 1132 632 1160 neo
668 1121 771 1161 enim
799 1134 884 1162 eum
917 1123 1015 1164 bella
1046 1128 1183 1165 tonant
1211 1126 1421 1176 locupletos
1451 1125 1646 1164 exercitus
1671 1129 1880 1166 contemtos
1906 1138 1987 1178 per

161 1182 311 1222 pacem.
367 1171 488 1212 Nosti
517 1174 623 1213 nulla
651 1175 751 1214 dona
779 1180 899 1224 grata
931 1189 1027 1226 esse,
1043 1190 1128 1228 quae
1147 1177 1239 1229 quis
1254 1179 1380 1223 lentus
1397 1182 1434 1218 et
1450 1178 1584 1227 largus
1591 1177 1748 1225 frustra
1765 1179 1853 1219 astri
1868 1192 1992 1220 reser-

165 1223 248 1263 vati
272 1225 342 1263 dae
369 1224 420 1263 iis
448 1237 541 1276 quos
562 1228 819 1267 oontemserit.
874 1229 1077 1270 Praevem‘s
1101 1235 1266 1282 tempus,
1302 1231 1473 1270 liberalis
1495 1233 1627 1281 sponte
1649 1231 1692 1269 ia
1721 1231 1889 1271 homines
1914 1245 1990 1272 non

168 1275 423 1327 opperientes,
450 1283 488 1318 et
513 1281 691 1319 admoves
710 1292 782 1320 eos
800 1292 939 1320 mensoe
960 1288 1063 1332 tuae,
1086 1288 1125 1323 et
1142 1284 1311 1334 appellas
1327 1294 1627 1333 unumquemque
1640 1295 1716 1322 suo
1732 1284 1900 1335 nomine,
1914 1298 1994 1324 mo-

165 1329 273 1368 nitor
280 1328 476 1377 facinoris
490 1332 666 1383 gloriosi,
693 1335 790 1384 quod
799 1333 945 1382 fecerit
963 1336 1062 1375 alias
1079 1336 1148 1375 sub
1165 1340 1205 1376 te
1220 1335 1342 1386 duce,
1359 1340 1397 1375 et
1415 1336 1600 1385 adiungis
1615 1335 1721 1375 dicta
1737 1336 1994 1387 imprimenda

167 1382 209 1421 in
232 1383 315 1423 alta
342 1388 482 1437 mente,
515 1385 652 1437 quibus
683 1386 810 1427 dietis
831 1386 952 1437 favor
982 1389 1168 1429 amicitiae
1196 1389 1371 1439 ingentis
1384 1393 1564 1439 augetur.
1622 1388 1731 1428 Etsi
1748 1390 1815 1429 des
1830 1389 1996 1443 aliquid,

934 1481 1227 1498 OOOOO‘OOOOOO

168 1540 288 1583 Prie.
306 1554 326 1581 e
345 1544 468 1584 milite
486 1545 647 1586 Mazar.
676 1551 815 1598 partus
845 1547 947 1589 Var.
981 1548 1067 1588 LL.
1101 1547 1168 1588 ed.
1201 1547 1467 1589 Antra—148
1494 1561 1564 1589 nec
1592 1547 1686 1589 Pal.
1714 1549 1841 1588 Farn.
1871 1547 1992 1590 Med.

169 1606 235 1645 pr.
254 1595 416 1637 Bonon.
434 1598 534 1639 Jnn.
567 1605 613 1640 et
632 1599 780 1640 Ambr.
801 1613 867 1652 pr.
888 1601 1046 1640 Moret.
1065 1612 1148 1641 sec.
1186 1603 1362 1651 neglecta
1394 1601 1498 1641 Put.
1526 1602 1690 1642 Bonon.
1709 1601 1806 1640 Pat.
1824 1601 1993 1642 melos.

168 1647 325 1701 Ambr„
348 1661 412 1700 pr.
444 1651 604 1692 Moret.
623 1665 707 1693 sec.
742 1653 826 1693 duo
859 1654 1009 1693 Petav.
1039 1654 1142 1693 Var.
1163 1654 1246 1694 LL.
1266 1654 1335 1694 ed.
1356 1653 1486 1695 Antv.
1527 1667 1576 1694 ne
1606 1655 1717 1693 loetas
1746 1653 1992 1704 Jun.pr.—-

168 1703 247 1739 149
278 1701 336 1741 Tu
354 1703 455 1743 Vat.
471 1704 606 1756 quint.
622 1706 740 1746 Med.
758 1713 894 1758 quart.
936 1707 1038 1746 Tum
1054 1705 1138 1745 duo
1166 1706 1317 1747 Leidd.
1351 1707 1433 1746 duo
1464 1707 1586 1746 Vatt.
1619 1706 1736 1746 Med.
1755 1717 1839 1746 sec.
1885 1706 1992 1745 Tunc

168 1752 359 1794 Florent.
379 1755 462 1795 duo
497 1758 614 1799 Med.
650 1759 758 1809 Reg.
788 1759 954 1799 'l'hnam
986 1759 1146 1799 Mazar.
1165 1759 1264 1800 Pat.
1285 1759 1434 1800 Ambr.
1454 1772 1540 1800 sec.
1559 1759 1664 1799 vat.
1698 1758 1838 1798 Livin.
1886 1758 1991 1798 ditos

168 1805 292 1846 Voss.
332 1820 418 1858 quoe
435 1808 532 1848 bella
551 1809 699 1851 Ambr.
728 1824 794 1862 pr.
827 1810 1005 1859 fremant
1035 1811 1196 1852 Moret.
1227 1824 1313 1852 sec.
1345 1813 1546 1852 Heinsius
1578 1811 1834 1863 ascripserat
1850 1810 1992 1851 locum

168 1857 396 1898 Prudentii
426 1861 667 1915 Hamartig.
710 1864 721 1886 ‘
744 1864 913 1903 vesania
937 1870 982 1904 et
1011 1876 1131 1903 error
1169 1864 1472 1916 Suppeditant,
1501 1870 1550 1903 ut
1580 1865 1695 1904 bella
1725 1862 1994 1903 fremant!—

170 1914 251 1950 160
275 1913 466 1963 spreveris
498 1915 617 1956 Med.
647 1928 713 1967 pr.
744 1922 791 1955 et
822 1922 924 1957 tert.
966 1920 1162 1968 spreverat
1198 1918 1299 1956 Pat.
1319 1918 1486 1957 Mazar.
1507 1917 1612 1955 LoV.
1633 1917 1789 1956 Moret.
1810 1928 1874 1966 pr.
1890 1916 1997 1956 Vat-

168 1963 306 2005 Livin.
327 1966 433 2005 Exc.
453 1966 620 2008 Schott.
649 1974 694 2008 et
715 1970 896 2010 Lucens.
925 1974 1025 2010 sem
1053 1969 1240 2021 proeferot
1261 1971 1367 2022 Reg.
1392 1973 1591 2021 presserat
1608 1970 1707 2008 Vat.
1728 1972 1830 2007 tert.
1851 1980 1908 2006 m.
1926 1979 1992 2018 pr.

170 2016 306 2058 Oisel.
325 2018 468 2058 Oxou.
499 2032 564 2071 pr.
583 2022 702 2062 Med.
726 2034 812 2062 sec.
856 2026 896 2062 et
921 2023 1069 2074 spernit
1098 2028 1137 2062 et
1155 2022 1272 2073 offe-rt
1290 2023 1389 2063 Jun.
1411 2034 1476 2072 pr.
1504 2021 1694 2072 spreverit
1714 2021 1783 2060 vel
1799 2024 1993 2071 presserat

169 2069 270 2110 Vat.
289 2076 487 2122 pr.—15l
517 2074 663 2114 Servus
679 2075 781 2116 Jun.
803 2087 870 2126 pr.
910 2075 1053 2114 incussi
1069 2079 1244 2114 servator
1260 2076 1501 2127 Reg.—152
1530 2073 1742 2114 Antevenit
1764 2071 1914 2113 Ambr.
1929 2084 1994 2124 pr.

169 2133 269 2163 nune
284 2124 312 2165 J
317 2137 385 2165 un.
399 2130 598 2176 tin—153
617 2127 855 2181 Magnificus
867 2129 936 2167 vel
955 2127 1169 2180 Mumfious
1184 2127 1335 2168 Ambr.
1349 2130 1549 2179 [πη-154
1563 2127 1746 2177 Appellas
1757 2125 1911 2166 Petav.
1929 2137 1996 2177 pr.

168 2187 225 2217 m.
241 2188 305 2227 pr.
324 2178 426 2218 Vat.
448 2184 492 2219 et
505 2180 625 2220 Med.
644 2187 784 2233 quart.
812 2181 883 2221 sub
903 2184 942 2221 te
954 2182 1056 2232 quod
1073 2181 1167 2220 Pal.
1181 2181 1309 2221 Farn.
1328 2182 1426 2232 quod
1444 2181 1512 2221 sub
1529 2183 1568 2219 te
1587 2181 1775 2219 Florent.
1794 2178 1912 2219 Med.
1930 2190 1996 2230 pr.

169 2228 318 2270 Ambr.
347 2242 432 2271 sec.
463 2233 548 2273 inc.
582 2234 731 2274 Heius.
762 2235 926 2274 Thoan.
961 2235 1125 2274 Mazar.
1157 2234 1256 2275 Jun.
1279 2239 1325 2273 et
1354 2234 1497 2274 Oxon.
1531 2245 1599 2284 pr.
1638 2235 1811 2282 gesserat
1849 2242 1995 2271 omnes

170 2281 293 2324 Vatt.
321 2284 440 2324 Prie.
471 2287 593 2327 Rott.
623 2287 762 2328 Oisel.
798 2287 966 2337 gesserit
998 2287 1082 2327 duo
1114 2287 1234 2327 Med.
1267 2287 1424 2327 Petav.
1458 2291 1559 2326 tert.
1578 2287 1684 2325 Exc.
1704 2286 1886 2324 Lucens.
1908 2295 1995 2325 sec.

171 2335 338 2376 disserat
356 2337 593 2380 Pus—15⁵
621 2340 856 2380 Admonitor
875 2345 960 2380 vet.
979 2340 1085 2390 Gyr.
1104 2339 1173 2380 ed,
1189 2339 1333 2380 Vicet.
1350 2339 1501 2379 Heins.
1519 2338 1652 2378 Gesn.
1672 2342 1716 2376 et
1731 2336 1994 2398 ed2·Bipont.

171 2387 387 2429 Admonitu
408 2388 573 2431 'Morem
606 2404 672 2442 pr.
714 2393 981 2435 Ammonitum
1006 2392 1132 2445 Voss..
1170 2391 1424 2432 ,admonitum
1442 2391 1564 2431 Leid.
1582 2401 1668 2429 sec.
1687 2393 1733 2428 et
1752 2389 1824 2427 alu
1841 2399 1996 2440 magno

168 2451 366 2491 numero,
384 2443 492 2483 Exc.
512 2444 639 2493 Laeti,
657 2444 835 2485 Gevart.
855 2446 1036 2486 Lucens.
1056 2456 1144 2484 see.
1171 2445 1275 2497 Var3
1306 2445 1392 2483 LL.
1424 2455 1448 2482 e
1482 2455 1538 2482 m.
1559 2442 1703 2481 Parm.
1732 2440 1996 2503 fingendoquae

173 2491 268 2531 Pal.
283 2493 408 2534 Farn.
425 2493 547 2535 Rott.
567 2496 684 2536 Prie.
703 2497 804 2536 Vat.
822 2509 885 2548 pr.
901 2509 954 2537 m.
975 2509 1041 2547 pr.
1058 2498 1182 2536 Voss.
1202 2494 1321 2537 Med.
1340 2507 1425 2539 sec.
1440 2495 1545 2536 Jun.
1566 2504 1631 2545 pr.
1649 2492 1788 2534 Oxon.
1808 2497 1854 2533 et
1872 2493 1996 2536 Leid.

161 2555 259 2596 see.
275 2546 382 2587 Exc.
402 2547 579 2589 Gevart.
594 2548 832 2602 figendaque
851 2550 920 2589 vel
938 2549 1205 2602 fingendoque
1230 2547 1351 2589 Med.
1377 2549 1577 2600 pr.--156
1600 2546 1756 2597 gemino
1772 2557 1857 2586 cum
1873 2546 1998 2586 Voss.

1002 2652 1179 2694 NOTAE

177 2736 181 2740 '
228 2732 307 2770 148
336 2731 545 2783 Negleetos
557 2744 653 2784 pace
668 2731 858 2784 cohortes]
882 2732 935 2773 Id
955 2744 1052 2784 per·

174 2791 284 2832 didit
301 2793 490 2835 Probum
504 2795 710 2846 optimum
723 2795 1053 2847 Imperatorem,

176 2866 260 2908 quo
279 2868 390 2898 caeso
417 2858 576 2900 milites
606 2858 950 2911 pretiocorrupti
967 2859 1053 2901 Im-

174 2922 396 2969 peratores
410 2925 679 2961 creaverunt.

230 2983 308 3022 150
353 2980 571 3034 Spreverit]
642 2984 743 3024 Non
802 2983 1054 3024 subveniens

177 3043 415 3095 egentibus,
446 3051 522 3087 aut
542 3046 688 3087 debita
710 3047 861 3087 virtuti
881 3046 1056 3099 praemia

178 3117 258 3157 per
274 3108 496 3147 avaritiam
516 3108 745 3161 denegans.

208 3183 211 3187 ’
234 3166 387 3223 Offert]
415 3172 503 3212 Dat
519 3172 631 3212 enim
656 3177 858 3213 coactus:
887 3184 984 3212 nam
1003 3172 1053 3212 ti-

179 3230 297 3284 mens
344 3233 489 3283 hostes
522 3241 688 3288 partem
721 3235 795 3276 dat
829 3235 1054 3287 militibus,

179 3299 233 3334 nt
279 3307 354 3337 sua
382 3298 545 3340 virtute
589 3297 780 3340 efficiant
817 3311 873 3340 ne
914 3303 1055 3341 totum

183 3355 370 3400 amittat.

1171 2735 1250 2772 152
1276 2730 1507 2783 Antevenis]
1540 2721 1779 2772 ‘Praevenis
1824 2733 1996 2782 tempus

1117 2806 1201 2849 quo
1217 2795 1442 2848 indigeant
1461 2795 1588 2836 amici
1606 2795 1680 2836 tui.

1171 2861 1248 2900 153
1278 2859 1446 2899 Nomine
1480 2858 1697 2910 compellas]
1752 2854 1918 2898 Efficax
1951 2856 1996 2896 in

1118 2920 1310 2973 principe
1329 2919 1669 2961 blandimentum
1684 2919 1738 2959 ad
1765 2917 1997 2959 concilian-

1120 2981 1196 3023 dos
1215 2982 1296 3022 sibi
1311 2982 1481 3030 milites,
1500 2993 1574 3021 eos
1600 2980 1769 3021 nomine
1790 2991 1867 3020 suo
1884 2990 1998 3019 eom-

1119 3047 1280 3098 pellare
1298 3059 1310 3087 z
1358 3045 1422 3086 ita
1441 3046 1593 3098 Cyrus,
1610 3045 1674 3085 ita
1693 3042 1937 3086 Alexander
1953 3049 1999 3084 et

1120 3110 1192 3151 alii
1211 3122 1257 3150 se
1277 3109 1503 3162 gerebant.

1160 3175 1252 3215 ‘155
1279 3172 1530 3227 Admonitus]
1569 3172 1704 3215 Juvat
1732 3176 1777 3212 te
1797 3180 1997 3213 revocare

1120 3235 1166 3276 in
1201 3235 1449 3279 memoriam
1487 3235 1696 3287 praeclara
1739 3232 1870 3285 saeta,
1901 3241 1996 3284 quae

1122 3299 1200 3340 sub
1223 3304 1267 3338 te
1288 3298 1400 3338 duee
1421 3301 1675 3350 gesserunt(
1889 3352 1893 3357 ¹

1174 3366 1254 3404 156
1283 3362 1429 3403 Gratia
1457 3361 1569 3413 doni]
1613 3359 1743 3401 Bonis
1776 3352 1994 3398 officiosis·
