2300 3906
828 209 988 250 LAUS
1027 209 1308 254 SERENAE.

161 320 389 374 Lumine
416 324 701 376 fraudatus
725 325 990 396 CyclopS,
1018 336 1293 387 contemta
1317 333 1603 405 Calypso;

159 404 459 473 Penelopae
486 408 656 460 decus
680 414 799 463 est:
840 417 1003 481 atque
1029 417 1122 467 uni
1147 421 1298 471 tanta
1322 426 1551 487 paratur
1906 425 1979 477 25

157 487 338 540 Scena
362 491 664 557 pudicitiae.
737 495 922 551 Terrae
951 500 1239 569 pelagique
1264 504 1502 570 labores,

155 568 227 622 Et
245 574 474 625 totidem
494 578 631 628 saevi
657 579 835 645 bellis,
857 589 993 650 quot
1013 583 1290 648 fiuctibus»,
1317 590 1445 640 anni

155 654 419 725 conjugii
444 659 675 714 docuere
698 665 878 721 fidem.
954 668 1039 720 Sit
1063 667 1299 722 Claudia
1322 671 1457 724 felix

151 740 316 793 Teste
343 742 484 806 Dea,
512 752 807 816 castosque
833 754 1033 819 probet
1060 755 1162 806 sub
1186 757 1406 807 numine
1430 773 1631 821 mores»,

149 819 460 879 Absolvens
486 834 803 901 puppisque
827 853 1014 888 moras
1041 839 1354 908 crimenque
1379 840 1609 908 pudoris
1631 858 1645 895 ε
1899 843 1971 896 30

143 909 431 991 vPenelope
460 914 639 967 trahat
665 922 783 970 arte
810 937 1028 987 procos,
1055 923 1326 993 fallatque
1352 925 1590 979 furentes

144 1049 246 1098 quod
273 1049 437 1102 Cyclops
469 1053 646 1114 privatas
665 1060 731 1094 est
763 1058 870 1095 oculo
889 1070 979 1107 suo,
997 1062 1099 1111 quod
1123 1061 1290 1113 Calypso
1306 1067 1438 1113 spreta
1457 1067 1543 1110 est;
1576 1067 1613 1103 et
1643 1067 1753 1103 tanta
1777 1065 1971 1115 tragoedia

141 1107 392 1164 praeparatur
423 1117 492 1144 um
524 1108 702 1146 castitati
737 1109 992 1160 Penelopes.
1047 1113 1215 1152 Labores
1234 1119 1351 1154 lerroe
1370 1121 1409 1155 et
1435 1116 1572 1164 maris,
1605 1121 1644 1156 et
1680 1117 1773 1158 anni
1808 1119 1971 1157 totidem

142 1153 322 1215 najestati
350 1162 418 1197 tot
456 1160 619 1209 proeliis‚
649 1165 740 1210 quot
774 1164 982 1212 erroribus,
1017 1166 1281 1215 *probaverunt
1309 1167 1437 1220 fidem
1474 1170 1726 1219 conjugalem.
1801 1170 1970 1210 Claudia

139 1211 196 1268 σιξ
212 1207 423 1270 =fortumala
455 1212 544 1252 Dea
571 1212 777 1259 judicante
813 1216 990 1267 Cybele,
1025 1222 1063 1256 et
1097 1220 1272 1258 ostendat
1306 1233 1428 1259 mores
1461 1233 1556 1260 suos
1591 1223 1752 1272 pudicos
1790 1223 1858 1262 sub
1894 1223 1968 1274 ju-

143 1258 254 1300 dicio
299 1263 431 1314 Divoe,
470 1277 646 1315 purgans
689 1271 727 1306 et
767 1270 1071 1309 retardationem
1111 1272 1223 1311 navis
1264 1277 1301 1311 el
1347 1274 1469 1313 scelus
1511 1274 1755 1324 virginitatis
1795 1271 1970 1326 pollute.

140 1309 331 1367 Penelope
342 1319 550 1368 protrahat
569 1320 763 1360 industria
781 1333 854 1360 sua
873 1326 1062 1373 amantes,
1090 1328 1129 1362 et
1144 1329 1325 1377 retexens
1341 1327 1540 1376 sagaciter
1555 1327 1635 1380 fila
1652 1329 1739 1368 telae
1753 1333 1967 1381 nocturna,

908 1439 1205 1456 OOOOOOOOOO

135 1513 234 1555 Vat.
268 1520 367 1556 tert.
399 1517 520 1556 Med.
554 1530 621 1569 pr.
652 1520 924 1561 Buslid.—24
954 1527 993 1562 et
1025 1527 1171 1574 tempta
1192 1525 1359 1576 Calypso
1376 1526 1478 1564 Vat.
1513 1537 1599 1564 sec.
1629 1524 1780 1564 Ambr.
1808 1530 1965 1566 tert.—

133 1570 184 1605 25
215 1567 426 1619 Penelopes
441 1571 542 1610 Var.
563 1573 649 1611 LL.
681 1574 749 1612 ed.
782 1573 910 1614 Antv.
929 1577 1043 1615 decus
1076 1581 1159 1616 est.-
1187 1582 1304 1628 alque
1323 1578 1391 1616 uni
1410 1579 1509 1616 Vat.
1542 1590 1607 1628 pr.
1628 1578 1722 1616 Pal.
1743 1579 1826 1618 dno
1851 1579 1965 1621 Med.

134 1620 242 1659 Exc.
263 1621 359 1662 Pat.
377 1634 462 1662 rec.
481 1636 535 1663 m.
555 1637 640 1665 sec.
660 1626 763 1665 Vat.
794 1627 926 1667 Livin.
945 1628 1047 1668 Var.
1068 1631 1156 1669 LL.
1177 1631 1245 1670 ed.
1266 1629 1400 1670 Antv.
1420 1633 1534 1670 decus
1561 1635 1679 1681 atque
1697 1632 1764 1669 uni
1782 1632 1846 1670 cui
1863 1631 1961 1672 Vat.

131 1684 218 1714 sec.
240 1674 361 1716 Rott.
378 1676 460 1715 inc.
480 1677 633 1719 Heius.
653 1677 754 1718 l’ut.
772 1680 933 1730 Thuan.
967 1681 1052 1721 duo
1081 1684 1233 1722 Petav.
1253 1684 1416 1723 Bonon.
1449 1683 1534 1723 duo
1553 1682 1703 1724 Ambr.
1722 1684 1880 1724 Moret.
1897 1696 1963 1735 pr.

135 1725 281 1766 Oxon.
317 1738 404 1769 sec.
438 1730 606 1770 Buslid.
641 1732 745 1772 cod.
778 1734 926 1784 Epigr.
950 1734 1093 1776 Ambr.
1113 1737 1222 1775 Exc.
1245 1736 1342 1776 Pat.
1363 1748 1446 1775 rec.
1475 1741 1521 1776 et
1541 1737 1719 1775 Lucens.
1752 1749 1817 1787 pr.
1847 1738 1962 1777 decus

133 1783 250 1830 atque
280 1794 390 1822 suum
422 1784 486 1822 cai
506 1785 542 1822 V
548 1790 605 1823 at.
630 1790 729 1824 tert.
749 1786 940 1827 Florent.
962 1789 1081 1828 Med.
1107 1801 1169 1840 pr.
1196 1790 1310 1828 decus
1336 1794 1394 1829 est
1420 1794 1535 1840 atque
1567 1801 1676 1828 suum
1710 1789 1781 1829 ed.
1814 1790 1960 1832 Parm.

132 1834 248 1872 decus
263 1839 379 1885 atque
396 1837 460 1875 rui
479 1837 635 1877 Sched.
655 1838 770 1878 Gud.
790 1840 867 1878 viri
887 1853 967 1892 pro
987 1842 1055 1880 uni
1085 1843 1182 1881 olim
1203 1843 1450 1893 conjecerat
1470 1842 1688 1892 Heinsius,
1719 1843 1791 1881 sed
1813 1848 1962 1893 postea

135 1886 377 1926 Rubenium
422 1896 595 1928 secutus
639 1903 731 1930 esse
778 1893 965 1943 videtur,
1004 1895 1076 1946 qui
1114 1896 1156 1934 in
1191 1896 1387 1946 Epistola
1415 1896 1469 1934 ad
1502 1895 1725 1934 Heinsium
1756 1895 1859 1935 data
1888 1907 1956 1937 Χῖ.

133 1940 232 1979 Kal.
265 1941 392 1982 Febr.
428 1953 555 1982 Mncr,
587 1955 619 1982 1.
654 1955 706 1983 ex
741 1946 845 1986 Mss.
880 1947 1081 1998 legebat:
1118 1949 1321 1999 Penelopae
1353 1948 1447 1996 (aut
1482 1948 1716 1998 Penelopes)
1741 1950 1857 1988 decus
1886 1954 1961 1998 est,

131 1996 248 2044 atque
280 1995 351 2033 uni
378 1999 491 2034 tanta
524 2001 693 2047 paratur
720 1998 857 2038 Scaena
901 2001 1116 2051 pudicitiae.
1174 2001 1295 2040 Idem
1333 2001 1535 2040 Heinsius
1582 2002 1635 2039 ad
1674 2013 1819 2040 vocem
1849 2003 1962 2041 decus

131 2048 390 2099 ascripserat
432 2049 572 2088 locum
611 2050 740 2090 Statii
778 2052 1062 2093 Genethliaco
1106 2054 1280 2095 Lucani.
1321 2067 1380 2093 vs.
1409 2058 1475 2094 62.
1502 2055 1513 2075 ‘
1534 2054 1597 2092 Tu
1628 2060 1758 2093 castae
1790 2054 1962 2094 titulum

131 2098 347 2152 decusque
380 2103 515 2141 Pollae
547 2103 748 2144 Jucunda
766 2104 898 2145 dabis
945 2107 1341 2146 allocutione.’—-26
1368 2109 1536 2146 Deerat
1563 2106 1631 2146 hic
1663 2119 1810 2145 versus
1840 2107 1959 2148 Med.

129 2165 194 2204 pr.
216 2159 263 2193 et
281 2159 525 2206 quarn—27
554 2157 648 2196 saevi
666 2158 828 2196 totidem
848 2160 945 2198 Vat.
965 2172 1052 2198 sec.
1075 2160 1196 2199 Rott.
1215 2160 1377 2199 totidem
1407 2161 1502 2199 soevi
1522 2160 1708 2199 Floreat.
1729 2161 1812 2198 duo
1831 2160 1954 2201 Med.

128 2207 212 2246 inc.
231 2208 383 2248 Heius.
406 2209 508 2249 Put.
528 2209 613 2250 duo
633 2211 786 2251 Petav.
806 2212 971 2252 Bonon.
1006 2212 1090 2252 duo
1119 2213 1270 2253 Ambr.
1290 2213 1449 2253 Moret.
1484 2225 1548 2263 pr.
1570 2213 1711 2253 Oxon.
1732 2224 1815 2252 sec.
1850 2213 1957 2254 Cod.

126 2260 273 2312 Epigr.
304 2261 451 2302 Ambr.
480 2264 587 2303 Exc.
618 2264 718 2302 Pat.
752 2276 839 2304 rec.
874 2266 1037 2305 totidem
1069 2267 1182 2305 soevis
1212 2296 1223 2306 .
1253 2295 1262 2306 .
1293 2295 1303 2306 .
1323 2267 1438 2306 annis
1470 2266 1631 2305 Buslid.
1650 2266 1733 2305 seni
1765 2278 1842 2315 pro
1860 2267 1956 2306 saevi

127 2312 211 2352 duo
229 2315 348 2355 Med.
367 2328 511 2367 quoque
532 2328 608 2367 pro
627 2322 718 2367 quot
737 2318 839 2357 Vat.
860 2330 946 2357 sec.
978 2318 1161 2369 bellisque
1190 2323 1230 2358 et
1263 2331 1341 2369 pro
1371 2319 1480 2357 bellis
1509 2322 1601 2369 quot
1619 2319 1725 2358 Exc.
1746 2319 1846 2359 Pat.
1865 2330 1953 2360 rec.

124 2369 234 2406 -28
265 2369 468 2419 conjugiis
485 2371 586 2409 Vat.
617 2382 680 2420 pr.
707 2371 866 2410 decuere
885 2370 976 2410 Pal.
996 2371 1080 2411 duo
1101 2371 1219 2411 Med.
1250 2372 1303 2410 sit
1321 2373 1484 2412 Bonon.
1504 2371 1653 2411 Ambr.
1672 2376 1774 2410 tert.
1790 2372 1952 2412 Moret.

127 2431 194 2470 pr.
212 2421 313 2460 Vat.
331 2423 467 2461 Livin.
483 2424 589 2462 E‘xc.
611 2424 791 2463 Lucens.
812 2436 877 2474 pr.
906 2430 951 2463 et
971 2425 1066 2464 Pat.
1087 2437 1172 2465 rec.
1194 2438 1247 2465 m.
1269 2425 1404 2475 pusio
1420 2429 1509 2464 tres
1527 2425 1648 2464 Vatt.
1670 2424 1790 2464 Rott.
1813 2423 1952 2464 Oisel.

124 2473 315 2513 Floreat.
359 2475 440 2513 duo
483 2475 603 2515 Med.
638 2475 724 2516 inc.
765 2477 915 2516 Heius.
961 2477 998 2516 si
1040 2478 1135 2517 Pal.
1184 2477 1303 2517 Med.
1339 2482 1476 2529 quart.
1517 2476 1789 2516 anlid.—29
1813 2476 1951 2528 probat

127 2527 222 2566 Pal.
266 2527 350 2566 duo
391 2527 623 2569 Mem—30
666 2530 884 2582 crinemque
925 2541 1003 2583 pro
1046 2531 1264 2582 crimenque
1304 2530 1401 2571 Pal.
1445 2529 1529 2570 duo
1575 2530 1800 2570 Μαι-31
1846 2530 1952 2574 viros

957 2650 1132 2690 NOTAE

125 2744 279 2783 vitavit
297 2744 500 2797 Ulysses3
530 2744 602 2785 ubi
633 2745 654 2782 ὁ
683 2743 798 2796 κηρὸς
825 2746 907 2784 τοῖς
936 2742 1008 2784 ὠσὶ

122 2808 202 2846 τῶν
239 2805 399 2859 ἑταίρων
441 2806 749 2859 ἐναλειφόμενος,
780 2807 846 2847 καὶ
894 2806 1009 2847 αὐτὸς

70 2896 72 2899 -
122 2869 231 2921 ὀρθὸς
275 2871 317 2909 ἐν
361 2869 545 2924 ἱστοπέδῃ
593 2869 880 2920 δεσμευόμενος,
919 2882 1009 2910 cera

121 2934 308 2974 sociorum
335 2934 494 2973 auribus
523 2934 698 2984 inuncta,
713 2935 852 2985 etipse
878 2938 1006 2973 rectus

123 2998 174 3036 ad
218 2998 362 3036 malum
402 2997 589 3047 alligatus
630 3001 700 3038 est.
757 2998 1004 3049 Polyaenus.

120 3059 295 3099 Sirenas
328 3072 483 3099 revera
513 3071 608 3099 esse
642 3060 798 3111 probat
822 3059 1007 3099 Alexan-

119 3123 200 3164 der
218 3124 272 3164 ab
294 3123 556 3165 Alexandro.

173 3189 226 3227 24
249 3189 429 3240 Cyclops]
448 3189 752 3240 Polyphemus,
767 3188 885 3241 cujus
905 3201 1004 3229 ocu-

120 3249 207 3289 lnm
225 3251 402 3302 Ulysses
422 3252 546 3293 eruit.

178 3313 380 3364 Calypso]
437 3316 649 3367 Nympha,
695 3316 886 3356 Atlantis
933 3317 1003 3356 vel

122 3375 288 3418 Oceani
307 3380 353 3415 et
364 3376 556 3433 Tethyos
574 3377 677 3432 filia,
695 3391 789 3433 quae
809 3376 1004 3432 regnavit

1072 2745 1115 2784 in
1137 2743 1310 2796 Ogygia
1329 2744 1397 2783 vel
1416 2743 1531 2784 AEaea
1551 2743 1702 2794 insula,
1734 2744 1804 2785 ubi
1823 2745 1950 2798 Ulys-

1073 2818 1162 2846 sem
1181 2804 1432 2858 naufragum
1447 2817 1522 2846 sex
1542 2812 1616 2846 aut
1633 2811 1800 2859 septem
1819 2818 1951 2848 annos

1073 2869 1199 2910 fovit.

1127 2937 1176 2973 31
1202 2933 1368 2985 Trahat]
1394 2932 1630 2972 Protrahat
1644 2931 1779 2983 magis
1795 2943 1844 2971 ac
1861 2943 1949 2971 ma-

1074 2998 1137 3048 gis
1175 2997 1217 3035 in
1256 2996 1347 3035 dles
1374 3002 1474 3035 vota
1512 3008 1756 3047 procorum,
1788 3006 1948 3047 eosque

1071 3060 1207 3111 ludat,
1228 3060 1327 3099 dum
1355 3059 1571 3110 promittit
1598 3072 1644 3099 se
1676 3059 1739 3098 his
1771 3069 1948 3099 consen-

1073 3135 1213 3162 suram
1234 3123 1318 3162 tela
1338 3122 1561 3161 absoluta:
1591 3127 1637 3161 at
1656 3122 1837 3161 solerter
1868 3132 1946 3173 per

1072 3193 1243 3226 noctem
1279 3185 1441 3226 retexit
1476 3185 1678 3237 quicquid
1722 3197 1798 3236 per
1829 3184 1943 3224 diem

1072 3256 1287 3301 texuerat,
1318 3261 1399 3303 quo
1428 3249 1646 3289 obscoeuas
1680 3260 1823 3287 eorum
1843 3257 1942 3298 spes

1069 3314 1280 3353 eluderet.
1335 3312 1494 3365 Sicque
1513 3317 1580 3352 tot
1599 3310 1764 3351 labores
1783 3314 1829 3349 et
1847 3313 1942 3347 tan·

1069 3370 1126 3419 {ae
1146 3376 1308 3430 Ulyssis
1323 3388 1452 3426 morae
1469 3373 1633 3416 faciunt
1651 3372 1781 3413 decus
1799 3370 1940 3423 Pene-
