2300 3906
617 189 682 227 IN
726 188 1092 229 EU'I'ROPIUM
1135 188 1255 226 LlB·
1295 187 1363 225 11.

84 307 199 372 Qui
225 311 460 361 ventrem
480 307 714 358 invitant
738 308 936 374 pretio,
962 308 1290 376 traduntque
1311 305 1506 375 palato

84 393 335 444 Sidereas
355 390 393 442 J
396 391 596 441 unonis
624 406 770 452 aveS,
796 396 868 453 et,
890 394 943 454 >si
973 409 1084 459 qua
1104 390 1368 459 loquendi

84 475 269 528 Gnara
293 475 555 526 coloratis
581 474 771 525 viridis
798 475 1038 527 defertur
1064 478 1135 527 ab
1163 475 1339 537 Indis»,

86 557 373 622 Quaesitos
401 564 549 609 trans
574 574 739 625 regna
761 560 919 611 cibos
941 577 953 612 ε
993 575 1337 627 quorumque
1360 557 1692 626 profundam

78 641 387 708 Ingluviem
408 659 515 694 non
541 643 790 709 AEgaeus,
816 661 927 695 nou
950 646 1066 697 alta
1089 643 1411 710 PropontiS,

85 723 216 776 Non
239 724 378 777 freta
402 727 718 794 longinquis
746 727 979 779 Maeotia
999 727 1254 794 piscibus
1279 725 1526 792 explent.

81 806 269 860 Vestis
294 809 538 862 odoratae
565 811 828 879 studium,
855 811 976 862 laus
1005 811 1249 862 maxima
1271 810 1438 862 risum

1798 810 1907 863 335

80 954 290 993 accendunt
317 955 453 1004 gulam
483 956 650 994 caritate
677 955 887 1004 ciborum,
919 960 957 995 et
991 955 1144 995 sorbent
1180 968 1245 994 ore
1277 956 1447 994 volucres
1463 955 1839 1006 stellatas-Iunonis,
1869 961 1909 997 et

79 1007 114 1046 si
133 1019 206 1058 qua
225 1007 314 1045 avis
331 1007 473 1046 viridis
490 1004 750 1060 (Psittacus)
764 1009 895 1058 perita
922 1007 1097 1059 loquendi
1114 1009 1320 1047 advehitur
1336 1009 1384 1047 ab
1403 1008 1516 1047 Indis
1532 1008 1674 1058 nigris,
1695 1021 1788 1060 quae
1809 1016 1909 1050 sunt

78 1061 196 1111 dapes
228 1061 400 1110 quoesitae
431 1064 540 1099 trans
572 1060 758 1111 imperia:
785 1073 944 1111 quorum
973 1062 1068 1110 gula
1094 1061 1330 1100 insatiabilis
1357 1073 1434 1100 non
1460 1062 1630 1101 satiatur
1649 1062 1754 1102 cibis
1773 1065 1909 1113 AEgoei

81 1113 221 1162 maris,
234 1125 310 1152 non
330 1114 582 1165 Propontidis
597 1113 812 1165 profundae,
826 1126 900 1153 non
914 1114 1081 1165 piscibus
1099 1114 1257 1152 remotis
1262 1113 1463 1161 fretorum
1485 1115 1768 1155 Maeoticorum.
1826 1117 1907 1155 His

79 1178 171 1205 eura
188 1172 256 1206 est
273 1167 436 1206 vestium
455 1167 759 1217 fragrantium;
783 1167 902 1205 honor
933 1179 1095 1216 magnus
1113 1167 1177 1205 his
1208 1171 1274 1206 est
1293 1167 1484 1206 excitasse
1513 1167 1638 1206 risum
1652 1180 1721 1219 per
1738 1167 1910 1216 facetias

839 1285 1134 1302 OOOOOOOOOOO

81 1377 233 1419 variare
261 1379 379 1420 Prie.
411 1378 560 1420 Ambr.
594 1386 639 1420 et
673 1380 815 1421 Oxon.
847 1394 912 1432 pr.
947 1383 1051 1421 Exc.
1081 1382 1186 1422 Cod.
1228 1381 1520 1421 Rhem.-329
1547 1382 1910 1426 venereminvitant

77 1431 201 1477 Med.
221 1438 322 1473 tert.
340 1434 464 1473 vitam
484 1435 588 1474 Put.
609 1435 751 1478 Oxou.
791 1447 879 1474 sec.
913 1448 968 1475 m.
1007 1447 1070 1485 pr.
1104 1441 1194 1474 vota
1222 1436 1386 1475 Bonon.
1422 1439 1575 1474 mutant
1605 1436 1723 1476 Med.
1763 1443 1906 1487 quart.

79 1485 241 1525 irritant
261 1487 371 1538 legit
390 1488 739 1528 Heinsius.-331
770 1490 880 1528 Nata
912 1501 989 1540 pro
1009 1489 1148 1528 Gnara
1180 1490 1284 1528 Exc.
1306 1488 1416 1528 Laeti
1443 1501 1499 1527 m.
1530 1501 1595 1540 pr.
1615 1489 1736 1529 viridi
1755 1489 1908 1530 Petav,

79 1549 166 1578 sec.
193 1538 379 1591 differtur
400 1541 498 1580 Vat.
535 1547 635 1581 tert.
657 1541 801 1581 Oxou.
838 1554 924 1581 sec.
959 1542 1074 1581 undis
1106 1543 1226 1581 Rott.
1259 1542 1565 1581 Tholos.-—332
1595 1542 1791 1587 Quoesitos
1807 1544 1909 1582 Vat.

80 1602 145 1640 pr.
186 1592 373 1648 Quaesitis
398 1594 502 1633 cibus
528 1595 646 1634 Rott.
682 1595 879 1639 Quaesitos
913 1595 1015 1634 cibos
1049 1595 1146 1634 Vat.
1179 1595 1317 1634 Livin.
1354 1596 1552 1640 Quaesitus
1583 1596 1691 1635 cibus
1727 1600 1908 1648 quatuor

81 1644 202 1684 Vatt.
221 1646 312 1686 Pal.
333 1647 455 1687 Farn.
474 1646 592 1688 Prie.
612 1647 749 1687 Oisel.
769 1649 875 1687 Exc.
904 1648 1165 1688 Laeti.—333
1194 1649 1378 1698 AEgaeum
1400 1648 1547 1687 Ambr.
1582 1661 1645 1699 pr.
1678 1650 1799 1689 Leid.
1821 1662 1907 1689 see.

81 1695 200 1737 Med.
230 1705 371 1750 quart.
406 1701 511 1740 Exc.
546 1700 723 1740 Gevart.
747 1702 920 1751 AEqevus
936 1702 1040 1741 Var.
1074 1702 1160 1741 LL.
1190 1701 1258 1739 ed.
1289 1700 1421 1741 Antv.
1442 1702 1638 1751 Propontz·
1656 1702 1738 1741 inc.
1759 1703 1909 1742 Heius.

80 1753 160 1789 334
190 1752 356 1791 Maeotia
374 1754 474 1792 Vat.
495 1765 557 1804 pr.
578 1760 622 1792 et
644 1765 730 1793 sec.
751 1754 916 1795 Bonan.
946 1753 1066 1794 Med.
1101 1759 1202 1794 tert.
1231 1754 1422 1793 Moeotida
1442 1753 1526 1793 duo
1546 1755 1694 1794 Leidd.
1713 1759 1759 1794 et
1778 1756 1909 1795 unde-

81 1804 165 1842 cim
183 1804 269 1842 alii.
326 1806 513 1845 Maeotica
530 1812 619 1845 tres
634 1808 755 1845 Vatt.
776 1807 869 1846 Pal.
888 1808 1010 1845 Farn.
1026 1813 1113 1846 tres
1132 1806 1252 1846 Med.
1279 1807 1441 1846 Thuan.
1460 1808 1620 1846 Mazar.
1653 1808 1734 1847 duo
1752 1808 1907 1849 Petav.

81 1855 166 1896 duo
186 1855 692 1899 Ambr.Tholos.Moret.
713 1871 778 1910 pr.
800 1859 880 1898 inc.
914 1859 1064 1899 Heius.
1096 1860 1204 1898 Exc.
1238 1860 1347 1898 Laeti
1384 1866 1430 1898 et
1468 1861 1646 1898 Lucens.
1686 1873 1772 1901 sec.
1810 1860 1909 1901 Ald.

78 1909 177 1970 γαν.
216 1910 300 1949 LL.
334 1923 358 1950 e
394 1924 526 1960 marg.
561 1912 708 1951 Parm.
741 1915 891 1962 aequent
911 1913 1012 1952 Vat.
1050 1924 1116 1964 pr.
1153 1925 1210 1950 m.
1249 1924 1334 1951 sec.
1366 1911 1450 1951 inc.
1480 1912 1628 1951 Heius.
1658 1913 1911 1954 Exc.Laeti.

78 1963 236 2013 amplent
258 1964 382 2004 Far-n.
407 1964 527 2004 Med.
545 1977 632 2004 seo.
649 1965 751 2007 Jun.
773 1971 817 2004 et
836 1964 986 2005 Ambr.
1018 1977 1082 2016 pr.
1105 1965 1225 2004 Leid.
1244 1977 1331 2003 sec.
1363 1977 1418 2004 m.
1455 1977 1540 2003 sec.
1579 1967 1735 2015 explent
1762 1977 1909 2006 omnes

79 2015 200 2056 Vatt.
222 2017 315 2057 Pal.
335 2018 450 2058 Prie.
470 2019 589 2058 Rott.
619 2018 754 2059 Oisel.
783 2018 886 2058 Exc.
919 2019 1028 2058 Laeti
1054 2030 1108 2058 m.
1135 2021 1355 2057 sea—335
1385 2019 1556 2057 odoratoe
1585 2024 1768 2069 quatuor
1787 2020 1911 2060 Vatt.

0 2084 1 2111 1
81 2066 171 2109 Pal.
192 2071 320 2111 Fax-m
347 2072 451 2111 Exc.
470 2072 594 2111 Laeti.
612 2073 786 2111 adoratae
808 2073 908 2111 Vat.
938 2083 1024 2111 sec.
1045 2073 1163 2111 Rott.
1192 2072 1309 2110 Med.
1336 2080 1429 2110 seo.
1465 2083 1518 2110 m.
1554 2083 1640 2110 sec.
1665 2071 1813 2111 Ambr.
1845 2083 1910 2123 pr.

0 2120 1 2169 ἶ
81 2121 243 2162 Bonon.
263 2124 366 2164 Var.
388 2124 520 2164 LL.-e
551 2137 686 2176 marg.
709 2125 855 2164 Parm.
889 2129 935 2164 et
966 2125 1069 2164 edit.
1102 2123 1232 2164 Antv.
1265 2126 1464 2163 adornatae
1497 2125 1611 2164 Prie.
1636 2125 1911 2177 Reg.·0xon.

82 2185 144 2226 pr.
162 2178 332 2217 odoratae
348 2179 416 2218 vel
431 2180 604 2218 adoratae
624 2179 708 2219 inc.
729 2178 879 2218 Heius.
895 2190 990 2230 pars
1008 2180 1182 2219 maxima
1200 2178 1300 2217 Vat.
1325 2184 1424 2218 tert.
1442 2178 1546 2218 risus
1563 2178 1731 2218 Thuau.
1752 2178 1910 2219 Petav.

907 2301 947 2342 N
956 2296 1084 2341 OTAE

135 2396 214 2434 329
248 2394 446 2447 Invitant]
524 2397 718 2436 Invitant
765 2408 861 2436 sese
906 2395 960 2435 ad

82 2454 309 2513 edendum,
324 2459 379 2497 ob
399 2459 584 2509 pretium
603 2459 792 2498 ciborum
813 2458 959 2510 exqui-

80 2518 392 2567 sitissimorum‚
423 2522 494 2572 qui
529 2523 668 2560 carius
710 2521 812 2560 emti
851 2526 961 2560 sunt.

82 2580 170 2620 Alii
208 2582 370 2633 legunt,
410 2582 594 2631 irritant,
632 2594 712 2621 nec
749 2583 876 2631 male,
916 2581 960 2620 id

81 2649 161 2694 est,
177 2646 358 2697 pretium
375 2645 565 2685 incendit
583 2645 960 2696 ingluviem‚quasi

82 2707 204 2748 cibus
224 2721 274 2747 eo
295 2709 442 2747 melior
461 2708 532 2757 sit,
560 2720 643 2759 quo
665 2706 803 2746 carius
823 2713 961 2746 emtus

81 2777 159 2821 est,
169 2776 215 2812 et
229 2772 411 2823 superbo
424 2772 596 2811 delectu
612 2771 654 2809 in
673 2770 817 2822 sylvis,
829 2776 901 2809 ant
919 2772 961 2809 in

82 2835 187 2875 mari
223 2836 455 2887 longinquo
501 2835 776 2888 conquisitus.
832 2834 963 2875 Juve-

84 2898 215 2938 nalis:
262 2901 274 2921 ‘
311 2899 488 2950 Optima
533 2899 746 2948 sylvarum
796 2898 963 2937 interea

82 2961 308 3016 pelagique
330 2960 524 3010 vorabit‚’
540 2966 620 3000 &m

137 3028 217 3066 830
244 3026 414 3066 Junonis
445 3025 553 3075 aves]
608 3025 821 3072 Pavones,
859 3035 961 3075 quo-

84 3085 176 3129 rum
196 3102 296 3129 caro
312 3090 525 3140 exquisita
554 3087 727 3137 dicitur,
756 3087 833 3126 sed
866 3099 961 3126 cru-

86 3152 232 3203 ditatis
253 3166 415 3204 parens.
474 3152 599 3192 Adeo
636 3155 648 3173 ‘
671 3151 773 3190 nihil
808 3156 874 3190 est
909 3150 962 3190 ab

86 3216 205 3257 omni'
232 3217 366 3256 Parte
395 3214 604 3256 beatuml'
652 3214 869 3253 Horatius.
898 3214 964 3253 Si-

89 3278 224 3317 aereas
238 3285 376 3318 autem
409 3278 519 3318 dixit
558 3277 750 3316 alludens
772 3276 825 3315 ad
846 3275 965 3316 fabu-

89 3340 189 3391 lam,
208 3352 302 3392 quae
321 3339 380 3380 ait
399 3341 616 3382 Junonem
634 3338 743 3391 Argi
772 3338 966 3379 custodis

1028 2395 1173 2435 oculos
1193 2395 1281 2434 avis
1301 2406 1387 2433 suae
1407 2391 1570 2443 caudae,
1590 2389 1710 2443 quasi
1730 2389 1909 2430 totidem

1026 2458 1185 2507 sidera,
1213 2456 1455 2495 inseruisse.

1082 2523 1159 2558 331
1192 2515 1403 2566 eoloratis]
1441 2513 1673 2568 Virgilius:
1705 2514 1717 2536 ‘
1739 2514 1913 2554 Colora-

1028 2581 1082 2620 tis
1101 2580 1250 2620 Indis.’

1082 2647 1161 2683 332
1195 2642 1318 2682 Trans
1334 2641 1474 2692 regna]
1519 2641 1635 2681 Hinc
1653 2641 1829 2681 Seuecae
1849 2641 1913 2681 in-

1029 2706 1222 2757 dignatio
1242 2704 1286 2743 in
1307 2716 1395 2754 eOS,
1412 2703 1565 2756 quibus
1584 2703 1638 2742 ob
1655 2704 1797 2754 gulam
1824 2709 1912 2743 tam

1030 2773 1236 2819 angustus
1291 2773 1385 2807 erat
1429 2767 1643 2806 Romanus
1688 2765 1802 2806 orbis
1861 2770 1914 2807 ut

1030 2833 1165 2882 dapes
1186 2843 1237 2869 ex
1254 2831 1348 2869 aliis
1369 2830 1613 2878 regionibus
1631 2831 1843 2880 peterent.

1083 2899 1163 2935 334
1211 2892 1412 2943 Piscibus]
1463 2893 1614 2932 Pisces
1658 2892 1701 2930 in
1749 2890 1917 2932 deliciis

1031 2959 1144 3012 apud
1165 2963 1350 3006 veteres,
1369 2962 1418 2997 ut
1439 2962 1654 2996 testantur
1674 2955 1831 3007 Apicii.

1084 3022 1268 3074 Maeotia]
1321 3021 1452 3060 Palus
1498 3019 1670 3068 Maeotis,
1715 3019 1916 3070 Moeotim,

1031 3085 1098 3124 vel
1119 3084 1299 3133 Maeotia,
1326 3096 1456 3135 supra
1474 3083 1663 3122 Pontum
1686 3082 1912 3121 Euxinum.

1084 3151 1162 3188 335
1199 3148 1327 3188 Vestis
1361 3145 1550 3196 odoratoe]
1578 3145 1755 3184 Scilicet
1790 3149 1913 3184 veste

1032 3212 1214 3251 odorata
1249 3216 1295 3250 et
1331 3221 1462 3249 aurea
1499 3208 1807 3260 gloriabantur,
1841 3205 1912 3259 qui

1031 3275 1148 3315 ferro
1169 3279 1214 3315 et
1233 3286 1319 3315 aere
1339 3273 1511 3326 gloriari
1526 3271 1780 3313 debuerant.
