2300 3906
316 196 425 252 752

313 330 349 383 J
356 348 446 384 am
471 335 654 398 captae
680 327 884 381 vindex
909 326 1106 393 patriae
1128 340 1143 389 ς
1178 329 1240 376 tu
1265 326 1494 393 sospitis
1518 326 1680 379 ultor.

314 412 366 466 Ο
393 422 654 482 quantum
681 416 887 463 mutata
910 414 1006 462 tuo
1033 407 1280 460 Fortuna
1304 411 1583 477 regressu!

314 495 399 549 Ut
422 515 547 549 sese
575 498 775 565 pariter
799 493 1018 547 diffudit
1038 495 1094 545 in
1120 494 1304 545 omnia
1329 495 1475 561 regni

316 580 571 633 Membra
596 583 774 647 vigor,
799 581 1070 646 vivusque
1096 577 1236 629 redit
1261 577 1417 628 color
1442 579 1671 631 urbibus
1699 578 1888 646 aegris!

387 664 641 717 Creditur
670 665 964 717 Herculeis
986 665 1165 715 lucem
1187 676 1479 714 renovasse
1503 661 1729 716 lacertis

319 746 578 802 Foemina
603 750 797 801 dilecti
821 749 950 801 fatis
976 749 1227 815 impensa
1250 746 1452 798 mariti.

310 830 385 884 Et
399 831 656 901 juvenem
681 838 882 900 spretae
907 832 1174 905 lani-atum
1197 830 1387 882 fraude
1410 845 1660 883 novercae

873 209 966 250 CL.
1007 208 1359 249 ChA-UnlANl
1400 206 1588 248 xxvi.

2033 829 2145 883 440

315 985 446 1024 tumis.
505 986 542 1023 0
567 997 680 1034 quam
703 983 870 1031 fortuna
887 994 1001 1022 versa
1030 987 1096 1022 est
1124 983 1254 1022 reditu
1283 980 1382 1021 tuo!
1439 983 1480 1020 Ο
1499 994 1614 1033 quam
1631 982 1817 1022 similiter
1832 981 1893 1021 vis
1909 980 2091 1031 dispersit
2110 991 2151 1019 se

311 1036 357 1076 in
375 1042 531 1076 cunctos
544 1042 677 1088 portes
690 1036 865 1086 Imperii,
876 1040 914 1074 et
922 1035 1054 1083 facies
1064 1040 1203 1083 vegeta
1219 1035 1374 1076 redditu
1389 1038 1447 1074 est
1462 1035 1622 1074 urbibus
1633 1035 1822 1089 afflictis!
1850 1034 1999 1074 Mulier
2015 1035 2154 1072 devota

316 1092 560 1128 avertendae
599 1089 717 1128 morti
752 1088 927 1137 conjugis
960 1090 1044 1128 curi
1078 1089 1328 1128 existimatur
1363 1100 1556 1132 revocasse
1573 1090 1696 1128 vitum
1727 1089 1903 1127 munibus
1932 1085 2154 1126 Herculeis.

318 1142 377 1181 Et
390 1142 558 1182 Latonia
580 1143 718 1181 Diana
734 1154 811 1181 nou
829 1143 970 1193 absque
981 1143 1227 1192 graminibus
1239 1142 1375 1182 Circes
1393 1141 1641 1182 resuscitavit
1655 1142 1930 1181 adolescentem
1945 1141 2154 1180 laceratum

1083 1270 1378 1286 oooooooooooo

315 1372 466 1420 oportet
496 1379 575 1419 pro
600 1372 759 1419 uterque
777 1369 943 1408 Bonan.
974 1367 1129 1417 utrique
1144 1366 1451 1405 Tholos.—434
1485 1366 1588 1405 Nom
1606 1364 1725 1404 Leid.
1744 1366 1945 1415 pr.-÷›4a5
1977 1363 2154 1403 Fortuna

316 1425 383 1461 tuo
419 1426 571 1461 mutata
606 1423 710 1463 Rea.
731 1422 872 1462 Oxou.
894 1433 957 1472 pr.
995 1421 1060 1471 pio
1091 1432 1167 1470 pro
1202 1423 1270 1457 tuo
1290 1418 1407 1458 Med.
1445 1430 1531 1457 sec.
1570 1429 1721 1457 recessu
1739 1418 1840 1456 Vat.
1875 1426 1940 1467 pr.
1975 1417 2159 1456 Fam.—

316 1478 400 1515 436
426 1474 619 1526 diffundit
656 1475 774 1514 Leid.
806 1485 870 1524 pr.
894 1487 947 1512 m.
969 1485 1035 1524 pr.
1054 1472 1192 1512 Oisel.
1209 1470 1456 1511 dqumbr.
1474 1472 1516 1509 in
1535 1472 1663 1509 omium
1681 1469 1802 1509 Leid.
1822 1472 2023 1520 pin—⁴37
2044 1470 2157 1519 rigor

315 1536 395 1577 pro
411 1529 522 1577 vigor
540 1527 607 1566 ed.
632 1529 771 1566 Vicet.
792 1527 998 1576 niveusque
1023 1537 1100 1575 pro
1116 1575 1117 1578 Ἴ
1135 1528 1317 1575 vivusque
1337 1526 1439 1563 Lov.
1461 1524 1633 1574 vivisque
1666 1521 1773 1569 Reg.
1805 1524 1906 1560 color
1938 1522 2042 1560 redit
2070 1521 2155 1560 duo

313 1579 438 1619 Vatt.
457 1581 548 1619 Pal.
563 1579 682 1619 Med.
700 1592 761 1630 pr.
784 1581 884 1618 Put.
900 1579 1064 1618 Mazar.
1081 1579 1190 1616 Exc.
1205 1576 1310 1615 Cod.
1329 1577 1480 1615 Rbem.
1494 1578 1594 1614 Var.
1614 1575 1699 1614 1211ae
1712 1574 1779 1612 ed.
1796 1577 1929 1613 AntV.
1941 1574 2044 1612 calor
2054 1575 2156 1615 Vat.

317 1643 384 1682 pr.
418 1633 547 1672 Farn.
570 1633 717 1671 Ambr.
754 1638 853 1670 tert.
875 1632 980 1670 Exc.
1019 1630 1144 1668 Laeti.
1178 1630 1280 1667 color
1298 1629 1382 1668 duo
1415 1628 1566 1667 Leidd.
1588 1628 1671 1666 duo
1692 1626 1813 1666 Med.
1835 1627 2024 1666 Floreat.
2044 1627 2156 1678 Bag.

313 1684 475 1723 Thuan.
501 1686 660 1723 Ronon.
698 1685 795 1723 Pat.
830 1685 998 1723 Tliolos.
1038 1684 1140 1721 Lov.
1175 1682 1300 1720 ambo
1338 1682 1495 1720 Moret.
1528 1681 1611 1719 dno
1631 1681 1775 1720 Oxou.
1807 1678 1984 1718 totidem
2005 1677 2155 1720 Ambr.

313 1741 403 1775 tres
423 1736 578 1776 Petav.
595 1738 679 1775 inc.
703 1737 852 1776 Heius.
876 1739 976 1775 Exc.
1000 1735 1177 1775 Gevart.
1200 1740 1248 1774 et
1272 1735 1447 1773 Lucens.
1467 1746 1530 1784 pr.
1552 1734 1621 1771 ed.
1642 1734 1788 1773 Parm.
1805 1735 1912 1771 calor
1948 1732 2016 1770 vel
2051 1733 2156 1772 color

316 1788 439 1828 Med.
461 1801 524 1840 pr.
539 1791 711 1829 omnibus
731 1789 822 1828 Pal.
840 1788 1013 1827 omnibus
1029 1790 1095 1827 vel
1126 1787 1284 1827 urbibus
1303 1787 1424 1826 Med.
1457 1799 1520 1838 pr.
1549 1786 1673 1838 (equis
1704 1798 1780 1837 pro
1800 1785 1920 1835 aegris
1938 1786 2157 1827 Mazara—-

313 1844 395 1882 438
425 1842 614 1882 Gronov.
645 1843 689 1881 in
709 1843 816 1882 Exc.
848 1842 1016 1881 Schott.
1050 1841 1310 1891 ascripserat
1346 1840 1496 1880 Liban.
1530 1840 1582 1878 ad
1613 1838 1821 1879 Theodos.
1852 1849 1954 1878 xm.
1987 1850 2028 1888 p.
2061 1840 2156 1879 408.

315 1906 516 1945 reparasse
550 1895 701 1936 Ambr.
741 1908 828 1934 sec.
864 1907 1060 1934 revocasse
1098 1895 1207 1933 Exe.
1242 1894 1367 1933 Laeti.
1391 1893 1546 1946 figuris
1577 1893 1644 1931 vel
1681 1892 1838 1931 lacertis
1861 1893 1962 1931 Vat.
2000 1897 2157 1931 tert.—

315 1951 399 1987 439
429 1950 601 2000 impensa
637 1950 705 1989 vel
743 1949 932 2000 impressa
968 1949 1074 1988 Exc.
1111 1947 1374 1987 beeth—440
1404 1948 1461 1986 Et
1496 1946 1681 1996 ‚iuvenem
1726 1947 1838 1986 Εκο.
1875 1945 2055 1985 Lucens.
2093 1956 2156 1996 pr.

1145 2079 1321 2120 NOTAE

369 2190 450 2227 434
478 2186 647 2239 Sospitis
682 2188 803 2239 ultor]
855 2187 919 2226 Tu
970 2185 1201 2225 vindicasti

314 2250 511 2301 patriam,
527 2257 756 2301 antequam
772 2250 954 2301 periret:
978 2249 1200 2300 gloriosior

316 2318 398 2362 est,
417 2313 490 2365 qui
511 2312 677 2352 cladem
692 2317 828 2363 vetat,
843 2322 969 2364 quam
989 2312 1060 2364 qui
1079 2323 1200 2362 repa-

314 2380 396 2414 rat.

369 2440 449 2477 435
475 2436 613 2486 Vigor,
632 2436 752 2487 color]
780 2437 845 2476 Te
866 2437 1043 2476 absente
1064 2437 1200 2477 Roma

316 2505 412 2539 erat
442 2510 575 2550 aegra,
609 2499 832 2550 languens,
853 2499 1041 2549 pallida:
1073 2505 1116 2538 te
1136 2510 1199 2537 re·

314 2560 494 2612 deunte,
525 2561 799 2611 convalescit,
836 2562 1112 2613 vigoremque
1146 2573 1196 2600 ac

314 2621 473 2663 faciem
495 2623 716 2674 pristinam
741 2623 949 2671 resumit;
978 2623 1022 2662 in
1053 2623 1198 2674 pristi-
1231 2677 1237 2681 .

313 2696 416 2725 num
435 2690 595 2725 statum
625 2691 673 2725 et
705 2685 974 2737 splendorem
1012 2686 1198 2726 restitui·

315 2753 403 2789 tur.

367 2814 448 2852 438
469 2811 688 2861 Herculeis,
724 2813 790 2863 ᾅσ.
807 2810 1094 2863 foemina,35c.]
1123 2810 1196 2851 Al-

313 2874 460 2925 cestis,
493 2887 601 2914 uxor
632 2874 808 2915 Admeti
842 2876 1073 2916 Thessaliae
1111 2877 1194 2916 Re-

312 2935 393 2988 gis,
408 2949 505 2976 cum
526 2937 760 2977 Oraculum
793 2938 1080 2989 respondisset
1099 2950 1195 2978 eum

312 3008 399 3038 non
418 3001 682 3047 moriturum,
703 3001 739 3040 si
758 3003 850 3053 quis
870 3014 923 3040 ex
943 3001 1193 3054 propinquis

311 3065 494 3101 mortem
526 3062 609 3113 ipsi
647 3069 839 3113 paratam
872 3063 1017 3103 subire
1039 3066 1193 3115 vellet3

308 3120 420 3173 ipsa,
436 3121 748 3173 refugientibus
769 3125 940 3175 ceteris,
953 3137 1043 3164 sese
1073 3129 1194 3167 obtu-

310 3184 379 3236 lit,
398 3190 444 3224 et
462 3186 605 3224 mariti
638 3193 819 3225 mortem
854 3199 930 3226 sua
964 3196 1101 3229 morte
1133 3201 1196 3228 re·

311 3245 454 3299 pulit:
494 3247 601 3287 adeo
638 3249 753 3287 illum
784 3251 975 3290 amabat!
1007 3263 1090 3304 quo
1109 3251 1196 3292 fac-

312 3312 360 3351 to
380 3321 408 3349 a
423 3310 518 3350 Diis
537 3312 711 3361 meruit,
727 3318 774 3351 ut
788 3312 841 3351 ab
857 3311 1006 3354 inferis
1026 3325 1198 3354 revoca·

314 3377 451 3414 retur.
493 3373 622 3415 Plato
657 3373 700 3413 in
736 3374 881 3427 Symp.
930 3377 1055 3417 Hanc
1084 3375 1196 3417 Her·

1268 2183 1387 2223 cules
1405 2183 1670 2224 descendens
1701 2183 1754 2223 ad
1787 2182 1949 2224 inferos
1970 2182 2156 2224 resusci-

1267 2246 1391 2296 tavit,
1411 2252 1579 2286 terrens
1609 2253 1789 2285 mortem
1808 2258 1903 2298 quae
1924 2258 2016 2285 eam
2037 2253 2155 2285 tene·

1266 2309 1356 2348 bat.
1403 2308 1574 2349 Natalis
1596 2309 1764 2349 Comes.
1810 2309 2045 2359 Robertus,
2065 2309 2155 2349 Gu-

1265 2372 1399 2412 lielmi
1431 2373 1566 2412 Nothi
1600 2372 1729 2423 tilius,
1761 2374 2010 2413 Normaniae
2038 2374 2155 2424 Dux,

1266 2436 1309 2475 in
1330 2448 1474 2488 pugna
1494 2436 1890 2488 Hierosolymitana
1909 2437 1951 2475 in
1973 2436 2153 2476 brachio

1264 2499 1397 2538 letale
1418 2500 1568 2538 vulnus
1583 2489 1955 2551 exceperat,quod
1975 2498 2019 2537 in
2038 2497 2157 2539 fistu-

1269 2561 1351 2600 lam
1371 2561 1739 2612 degeneraverat:
1773 2561 1872 2600 hinc
1906 2560 2077 2600 transiit
2109 2561 2153 2601 in

1263 2623 1482 2675 Apuliam,
1512 2630 1558 2664 et
1589 2624 1785 2663 Scholam
1820 2623 2153 2676 Salernitanam,

1264 2700 1361 2740 quae
1381 2688 1535 2728 vulnus
1572 2686 1790 2740 frequenti
1824 2687 1908 2725 oris
1938 2691 2060 2727 suctu
2087 2699 2154 2727 sa-

1266 2750 1362 2789 nari
1387 2753 1396 2759 ⁴
1426 2761 1553 2802 posse
1618 2749 1871 2802 respondit:
1927 2752 1939 2771 ⁴
1963 2749 2156 2791 Nolebat

1267 2815 1478 2866 Princeps
1516 2816 1611 2867 pius
1648 2820 1694 2855 et
1739 2815 1927 2866 optimus
1964 2812 2151 2854 fistulam

1259 2876 1493 2929 sugendam
1553 2876 1690 2917 alicui
1757 2876 2041 2924 committere,
2095 2886 2152 2913 nc

1260 2951 1500 2992 quenquam
1519 2939 1575 2979 ob
1603 2951 1826 2979 venenum
1857 2937 1900 2975 in
1919 2937 2020 2975 vitae
2039 2936 2153 2988 peri-

1262 3005 1410 3044 culum
1470 3009 1676 3044 vocaret:
1732 3002 1823 3052 ejus
1882 3000 2151 3040 nihilominus

1261 3078 1370 3105 uxor
1387 3065 1619 3119 (Sibylla),
1649 3075 1760 3104 novo
1778 3062 1932 3102 amoris
1951 3065 2151 3116 exemplo

1261 3129 1468 3176 excitata,
1486 3128 1664 3175 dicitur,
1696 3125 1854 3165 marito
1895 3126 2150 3177 dormiente,

1262 3188 1447 3229 fistulam
1479 3188 1660 3238 suxisse,
1686 3194 1731 3228 et
1764 3199 1934 3227 sanasse
1955 3188 2044 3229 sine
2061 3189 2151 3228 ullo

1264 3252 1414 3304 salutis
1449 3250 1726 3291 discrimine.5
1784 3251 2014 3290 Zacharias
2057 3250 2153 3303 Syl-

1264 3305 1356 3354 ·'nus
1373 3315 1416 3354 in
1438 3314 1572 3355 Praef.
1592 3315 1644 3354 aa
1665 3315 1857 3355 Scholam
1875 3314 2042 3355 satem.

1318 3381 1399 3419 440
1426 3378 1636 3431 Juvenem]
1663 3378 1977 3431 Hippolytum.
2017 3377 2148 3419 Hunc
