2300 3906
1853 171 1967 226 671:

158 298 288 351 Non
312 299 479 351 alium
498 302 644 351 certe
670 298 942 350 Romanae
969 299 1174 353 clarius
1200 317 1357 355 arces
1889 302 1962 353 30

156 385 462 451 Suscepere
489 383 704 444 ducem,
730 398 832 433 nec
858 399 982 435 cum
1005 385 1236 437 cedente
1258 386 1455 439 rediret

156 467 444 519 Fabricius
471 465 702 533 PyrrhO,
728 482 828 517 nec
851 483 974 519 cum
999 468 1281 535 Capitolia
1306 486 1470 523 curru

154 550 382 602 Pellaeae
402 550 632 600 domitor
659 549 886 602 Paullus
911 551 1293 603 conscenderet
1315 554 1477 605 aulae.

156 635 279 688 Nec
305 633 498 685 similis
522 631 714 685 Latias
739 636 1000 701 patefecit
1024 637 1197 702 gloria
1221 641 1429 703 portaS,

154 718 293 770 Post
315 716 594 768 Numidas
622 717 818 780 Mari0,
845 729 973 785 post
995 721 1230 772 classica
1254 719 1450 772 Martis
1470 719 1575 772 Eoi
1893 719 1966 773 35

151 801 437 868 Pompeio.
509 799 659 853 Nulli
686 817 812 870 pars
839 803 1037 855 aemula
1060 803 1232 856 defuit
1257 808 1515 872 unqua'm,

155 883 295 948 Quae
319 886 498 952 gravis
525 886 858 953 obstreperet
880 887 1092 951 laudeS,
1114 889 1456 956 stimulisque
1481 889 1736 958 malignis

153 968 330 1020 Facta
354 968 700 1035 sequebatur,
727 971 980 1037 quamvis
1003 971 1259 1037 ingentia,
1288 972 1474 1025 Livor.

152 1053 317 1105 Solus
338 1053 428 1104 hic
447 1052 674 1104 'invidiae
704 1053 838 1104 fines
861 1055 1059 1105 virtute
1083 1056 1324 1123 reliquit,

151 1135 575 1204 Humanumque
597 1135 837 1187 modum.
913 1136 1057 1201 Quis
1084 1139 1228 1190 enim
1251 1140 1515 1193 livescere
1538 1141 1735 1208 possit,
1892 1143 1967 1196 40

632 181 692 220 IN
739 181 804 220 11.
846 180 1020 221 CONS.
1059 180 1328 221 S'rlmcn.
1371 181 1490 222 Lm.

150 1274 268 1313 alium
304 1273 501 1312 ductorem
535 1272 861 1325 magnificentius,
889 1286 1010 1324 neque
1045 1280 1135 1315 tum
1167 1290 1254 1318 cum
1282 1277 1487 1316 Fabricius
1509 1281 1782 1326 reverteretur,
1814 1277 1967 1328 Pyrrho

141 1326 343 1376 fugiente,
357 1338 475 1376 neque
492 1338 578 1364 cum
595 1327 742 1366 Paulus
760 1327 884 1366 victor
902 1327 1044 1377 Regioe
1074 1330 1316 1369 Macedoniae
1341 1332 1561 1370 ascenderet
1590 1342 1707 1369 curru
1734 1330 1778 1368 in
1810 1330 1969 1380 Capito-

151 1379 261 1430 lium,
289 1391 410 1430 neque
429 1379 548 1418 honor
566 1380 726 1431 ‹equalis
751 1379 903 1431 aperuit
930 1385 1066 1431 portas
1090 1382 1286 1429 Romanas
1315 1384 1450 1422 Mario
1479 1387 1568 1434 post
1600 1382 1793 1422 Numidas
1820 1382 1974 1432 victos,

150 1444 292 1485 neque
306 1432 492 1483 Pompeio
506 1436 594 1483 post
608 1433 720 1472 tubas
745 1433 833 1472 belli
853 1434 944 1474 Eoi.
998 1435 1104 1474 Pars
1120 1435 1262 1487 aliqua
1287 1438 1459 1488 zelotypa
1476 1449 1551 1475 uon
1569 1436 1696 1483 defuit
1714 1448 1881 1486 unquam
1899 1435 1970 1474 ulli

149 1486 315 1536 horum,
333 1498 416 1536 quae
435 1497 534 1536 pars
553 1486 711 1524 inimica
727 1490 954 1526 extenuaret
977 1489 1148 1537 gloriam
1176 1490 1324 1529 horum
1351 1494 1391 1529 et
1421 1490 1572 1530 invidia
1591 1490 1771 1528 incitata
1801 1488 1971 1528 stimulis

150 1539 293 1590 iniquis
310 1538 560 1578 comitabitur
579 1538 764 1586 facinora
783 1551 944 1590 eorum,
960 1542 1034 1580 etsi
1049 1554 1204 1591 magna.
1259 1543 1343 1581 Hic
1359 1555 1456 1582 unus
1481 1542 1659 1582 Stilicho
1677 1542 1873 1593 superavit
1890 1542 1971 1580 vir-

150 1595 234 1632 tute
266 1604 342 1634 sua
367 1591 513 1633 limites.
536 1591 694 1632 ineidioe
709 1596 748 1634 et
764 1593 948 1633 terminos
977 1595 1247 1647 praescriptos
1277 1595 1505 1636 hominibus.
1564 1596 1670 1635 Nam
1693 1595 1819 1646 ecquis
1843 1595 1971 1646 possit-

913 1696 1207 1714 “IN“‘OO‘O

150 1777 214 1805 vs,
231 1767 430 1806 124.--31
458 1766 684 1806 concedente
703 1766 821 1806 Med.
843 1771 978 1817 quart.
998 1766 1070 1806 illa
1087 1779 1156 1808 nec
1173 1780 1259 1807 cum
1276 1770 1431 1808 cedente
1450 1779 1584 1819 usque
1612 1766 1666 1806 ad
1686 1767 1843 1818 Pyrrho
1860 1777 1970 1807 mar·

152 1818 239 1869 gini
258 1817 446 1868 ascripta
466 1824 589 1857 erant
604 1819 645 1857 in
664 1819 873 1859 Low—32
900 1832 976 1859 non
992 1821 1113 1859 Rott.
1134 1822 1237 1860 Put.
1254 1834 1409 1861 currum
1431 1822 1580 1860 Petav.
1607 1823 1800 1859 sem—33
1827 1831 1970 1869 parcus

150 1882 229 1922 pro
249 1871 411 1909 Paullus
430 1871 547 1909 Med.
570 1883 636 1921 pr.
655 1873 898 1911 contenderet
916 1873 1039 1912 Voss.
1058 1885 1113 1913 m.
1144 1877 1317 1925 pr.—34
1346 1875 1438 1913 Non
1458 1874 1581 1912 Farn.
1603 1873 1703 1911 Put.
1723 1873 1864 1911 Latios
1876 1885 1970 1922 por-

149 1928 214 1963 tus
232 1924 390 1963 Moret.
412 1927 582 1975 lin—35
607 1925 698 1974 plus
728 1925 1000 1966 Bonon.—-36
1027 1927 1132 1965 nulla
1148 1927 1250 1967 Jun.
1283 1930 1456 1976 pr.——3'7
1484 1926 1716 1975 instreperet
1740 1925 1858 1963 Med.
1885 1937 1970 1965 sec.

151 1976 321 2016 obstaret
351 1977 420 2016 vel
451 1976 685 2028 obstreperet
715 1978 833 2017 Prie.
866 1977 974 2016 laudi
1006 1977 1109 2018 Put.
1143 1980 1245 2018 Vat.
1278 1978 1416 2018 Livin.
1436 1979 1563 2017 laudis
1580 1978 1679 2016 Pat.
1712 1976 1880 2015 Tholas.
1899 1977 1969 2017 ed.

150 2030 291 2070 Vicet.
309 2031 439 2069 laudes
457 2029 541 2069 duo
562 2030 711 2070 Leidd.
731 2031 852 2071 Voss.
867 2031 970 2069 Vat.
992 2042 1079 2071 sec.
1113 2030 1196 2071 inc.
1227 2031 1375 2070 Heius.
1397 2032 1536 2071 Oxon.
1565 2042 1652 2070 sec.
1683 2029 1833 2069 Petav.
1865 2029 1970 2069 item

152 2082 302 2123 Ambr.
323 2095 408 2123 sec.
428 2082 552 2122 ambo
571 2084 729 2122 Moret.
750 2084 858 2122 Exc.
888 2083 1067 2123 Gevart.
1084 2082 1186 2123 Ald.
1204 2085 1308 2124 Var.
1343 2085 1427 2124 LL.
1456 2096 1479 2123 e
1511 2095 1643 2133 marg.
1670 2083 1815 2121 Parm.
1842 2082 1976 2122 laudes·

148 2137 220 2175 vel
240 2137 347 2176 laudi
365 2135 484 2177 Med.
518 2141 622 2176 tert.
657 2137 764 2176 Lov.
794 2136 1023 2186 tumulisque
1053 2137 1207 2176 Petav.
1230 2141 1421 2178 sem—38
1447 2140 1668 2188 sequeretur
1687 2133 1833 2174 Ambr.
1852 2146 1972 2185 pr.—

151 2192 204 2229 39
221 2188 354 2237 fasces
373 2190 532 2230 Moret.
554 2202 638 2230 sec.
659 2202 715 2229 m.
734 2201 797 2240 pr.
816 2189 1004 2242 relinquit
1031 2191 1129 2230 Vat.
1151 2190 1284 2243 quint.
1318 2190 1440 2230 Med.
1459 2194 1560 2229 tert.
1592 2189 1676 2228 inc.
1699 2188 1849 2228 Heins.
1870 2188 1973 2231 Put.

150 2241 300 2283 Ambr.
319 2255 386 2295 pr.
404 2242 525 2284 Leid.
544 2247 717 2298 pr.—40
738 2242 1039 2294 Humanumque
1052 2255 1177 2293 genus
1193 2244 1294 2286 Jun.
1310 2256 1374 2299 pr.
1391 2245 1511 2284 nescit
1528 2243 1691 2283 Mazar.
1704 2245 1833 2292 posset
1852 2241 1970 2281 Prie.

974 2335 1155 2376 NOTAE

148 2411 364 2455 hominum
383 2414 549 2466 animis,
569 2426 674 2467 quos
694 2413 871 2464 devicit,
890 2412 1034 2453 simul-

153 2487 235 2530 que
255 2476 447 2517 devinxit
465 2478 546 2517 sibi
561 2489 704 2517 amore
723 2476 974 2526 comitante,
986 2481 1031 2514 et

153 2539 268 2578 omni
287 2551 442 2591 genere
456 2539 675 2579 virtutum.
701 2539 896 2578 Tiberius
916 2537 1031 2589 apud

152 2602 373 2642 Tacitum:
404 2604 415 2625 ‘
437 2603 545 2642 Haec
574 2603 674 2642 mihi
702 2602 746 2641 in
766 2600 915 2641 animis
936 2613 1028 2640 ves-

152 2664 230 2704 tris
255 2666 430 2716 templa,
460 2666 524 2704 hae
554 2664 847 2716 pulcherrimae
866 2662 1029 2714 effigies

152 2732 199 2767 et
219 2740 442 2768 mansurae.
489 2729 599 2768 Nam
619 2741 711 2780 quae
739 2739 841 2766 saxo
861 2731 1030 2766 struun-

153 2794 238 2841 tur,
258 2789 292 2828 si
303 2790 512 2841 judicium
541 2796 808 2842 posterorum
827 2789 868 2830 in
889 2788 1030 2828 odium

152 2851 299 2902 vertit,
318 2864 395 2902 pro
415 2853 622 2903 sepulcris
642 2849 928 2902 spernuntur!

206 2918 261 2954 32
308 2915 531 2965 Fabricius]
580 2915 814 2965 Fabricius,
857 2913 930 2965 qui
976 2912 1030 2954 de

153 2975 322 3028 Pyrrho
349 2991 403 3018 ex
435 2978 561 3018 Italia
594 2978 771 3028 expulso
803 2976 1031 3027 triumpha-

153 3039 232 3089 vit,
247 3051 331 3079 non
365 3046 452 3080 tum
480 3039 705 3092 magnifice
738 3044 944 3091 exceptus
964 3042 1031 3079 est

153 3112 281 3152 quam
306 3103 498 3143 Stilicho.

207 3166 259 3203 33
302 3165 457 3204 Pelloeae
487 3166 605 3216 aulae]
653 3165 777 3205 Pella
821 3169 888 3204 est
930 3163 1031 3203 urbs

157 3219 438 3277 Macedoniae,
468 3227 700 3267 Alexandri
726 3226 942 3267 natalibus
969 3226 1032 3265 in-

155 3284 314 3335 signis;
341 3289 514 3339 ponitur
532 3302 610 3341 pro
643 3290 738 3341 ipsa
756 3287 1031 3339 Macedonia,

156 3347 280 3400 cnjus
297 3349 394 3392 Rex
410 3351 565 3394 Perses
582 3352 778 3402 devictus
796 3356 863 3396 est
879 3363 906 3400 a
923 3352 1036 3396 Pau-

1098 2415 1140 2455 lo
1167 2415 1353 2466 AEmilio,
1382 2413 1455 2466 qui
1483 2425 1586 2465 gaza
1612 2412 1702 2463 ejus
1729 2410 1860 2450 allata
1887 2411 1971 2450 Ro-

1098 2489 1208 2516 mam
1228 2476 1397 2516 ditavit.

1151 2542 1201 2578 35
1233 2536 1443 2587 Numidas]
1471 2537 1662 2578 Quorum
1691 2535 1786 2574 Rex
1812 2533 1972 2585 Jugur-

1097 2602 1172 2642 tha
1186 2612 1211 2640 a
1228 2600 1366 2640 Mario
1384 2605 1450 2639 est
1469 2598 1763 2648 triumphatus.
1934 2625 1936 2627 .

1148 2663 1298 2703 Martis
1343 2662 1441 2712 Eoi]
1498 2660 1611 2700 Belli
1649 2659 1703 2698 ad
1746 2658 1969 2698 Orientem

1096 2726 1222 2778 gesti,
1243 2726 1285 2765 in
1305 2737 1387 2777 quo
1418 2722 1713 2764 Mithridatem
1739 2720 1973 2772 Pompeius

1099 2788 1346 2830 debellavit.

1152 2855 1204 2890 39
1250 2850 1367 2890 Solus
1397 2849 1460 2888 hic
1492 2847 1653 2887 invidia?
1680 2845 1806 2899 fines]
1848 2844 1971 2884 Solus

1100 2913 1279 2954 Stilicho
1313 2911 1515 2950 invidiam
1550 2909 1792 2960 superavit;
1830 2906 1973 2960 (quasi

1098 2987 1200 3015 vero
1229 2973 1468 3014 invidorum
1487 2970 1783 3010 malevolentia
1801 2979 1972 3019 oppres-

1097 3051 1165 3078 sus
1196 3036 1286 3088 est)
1315 3036 1423 3075 adeo
1468 3034 1607 3073 nullus
1640 3033 1757 3072 locus
1788 3035 1856 3070 est
1886 3041 1973 3084 quo

1098 3112 1179 3139 non
1200 3098 1332 3151 pestis
1350 3098 1421 3136 illa
1441 3094 1676 3147 grassetur!

1150 3166 1204 3202 40
1230 3161 1431 3202 Livescere
1456 3159 1598 3211 possit]
1626 3156 1759 3197 Livor
1791 3166 1876 3194 non
1909 3157 1974 3193 at-

1098 3224 1229 3277 tingit
1246 3236 1312 3265 res
1328 3222 1560 3267 subductas
1576 3219 1794 3263 hominum
1813 3219 1974 3260 morta·

1097 3288 1228 3329 litati.
