2300 3906
354 212 463 266 816
876 227 970 265 ci..
1008 222 1362 263 anumANi
1405 221 1644 262 xxvm.

357 342 535 396 Electi
560 343 819 396 candoris
844 356 1041 408 eqUOS,
1065 345 1118 391 et
1142 340 1380 391 nominis
1411 356 1598 392 arcum
2070 343 2178 396 370

355 427 394 480 J
398 444 485 479 am
509 429 700 480 molita
725 427 825 488 tui,
852 441 950 492 per
977 441 1140 492 quem
1166 425 1413 477 radiante
1434 426 1667 478 decorus

354 512 697 580 Ingrederere
718 515 864 577 toga,
891 525 1092 576 pugnae
1118 515 1472 561 monumenta
1494 510 1774 573 dicabam,

354 595 657 647 Defensam
683 593 844 645 titulo
866 592 1106 661 Libyam
1131 598 1335 645 testata
1359 595 1599 661 perenni.

352 680 591 746 Jamque
615 680 950 746 parabantur
976 695 1197 747 pompae
1225 679 1527 731 simulacra
1545 678 1744 733 suturae

350 764 595 831 Tarpeio
619 763 921 831 spectanda
944 762 981 815 J
985 764 1097 825 ovi,
1123 764 1327 815 coelata
1350 763 1573 814 metallo
2072 762 2181 816 375

356 847 566 901 Classis
590 854 650 900 ut
676 853 927 900 auratum
953 850 1194 902 sulcaret
1218 850 1422 916 remige
1446 848 1696 912 fluctum,

355 933 435 985 Ut
462 932 718 1001 Massyla
743 937 868 984 tuos
893 935 1156 984 anteirent
1180 934 1391 1001 oppida
1416 949 1626 996 curruS,

354 1016 719 1084 Palladiaque
742 1032 934 1068 comas
957 1017 1194 1068 innexus
1222 1017 1486 1069 arundine
1512 1017 1705 1073 Triton

353 1099 627 1152 Edomitis
652 1101 935 1155 veheretur
960 1102 1140 1169 aquiS,
1165 1105 1218 1152 et
1240 1101 1299 1151 in
1325 1118 1432 1154 aere
1455 1106 1766 1154 trementem

354 1184 662 1238 Succinctae
685 1185 950 1238 famulum
975 1186 1176 1237 ferrent
1202 1185 1426 1238 Atlanta
1451 1186 1718 1239 cohortes,
2070 1179 2178 1238 380

351 1359 504 1410 eximii,
519 1358 658 1409 quibus
669 1358 870 1398 sublimior
898 1359 1101 1407 venereris,
1120 1363 1159 1399 et
1196 1360 1289 1410 ipsa
1308 1371 1388 1410 ego
1413 1358 1503 1407 jam
1530 1358 1687 1408 faciens
1717 1371 1850 1398 arcum
1875 1356 2180 1408 triumphalem

350 1417 544 1451 ornatum
563 1416 628 1451 tuo
655 1413 822 1462 nomine,
850 1425 922 1464 per
939 1425 1050 1462 quem
1069 1425 1211 1452 arcum
1232 1418 1276 1453 tu
1293 1414 1513 1464 splendidus
1543 1413 1729 1462 intrares,
1755 1416 1860 1451 veste
1878 1410 2076 1462 fulgente,
2092 1422 2180 1450 con-

348 1465 542 1505 secrabam
560 1470 806 1505 monumenta
840 1466 967 1516 praelii
983 1466 1205 1506 indicatura
1233 1467 1483 1516 inscriptione
1515 1479 1592 1504 sua
1628 1470 1774 1504 oeterna
1803 1465 1968 1515 Libyam
1985 1476 2183 1503 conserva-

349 1522 444 1558 tam.
501 1520 557 1557 Et
575 1519 662 1567 jam
690 1519 883 1568 imagines
915 1532 1066 1569 pompa:
1094 1523 1268 1558 venturoe
1293 1519 1525 1569 aspiciendae
1558 1519 1652 1557 Jovi
1685 1518 1850 1568 Tarpeio
1868 1516 2181 1567 apparabantur:

347 1572 484 1611 classis
501 1573 694 1622 insculpta
726 1573 878 1610 metallo
911 1570 1030 1609 fulvo
1063 1572 1314 1621 parabatur,
1333 1576 1377 1610 ut
1407 1583 1502 1610 cum
1535 1570 1747 1621 remigibus
1771 1570 1946 1622 finderet
1965 1581 2084 1620 aquas
2113 1582 2181 1608 au-

347 1636 448 1671 reas,
465 1629 510 1663 ut
529 1625 733 1675 imagines
752 1624 904 1663 urbium
924 1624 1187 1675 Massylarum
1216 1626 1478 1675 praecederent
1499 1636 1657 1664 currum
1682 1628 1792 1663 tuum
1812 1623 2123 1674 triumphalem,
2141 1627 2181 1662 et

351 1683 399 1716 ut
422 1677 558 1717 Triton
575 1677 734 1716 habens
761 1677 888 1717 crines
906 1689 1027 1716 nexos
1044 1678 1233 1717 arundine
1254 1677 1450 1728 Palladia,
1467 1677 1648 1726 serretur
1663 1677 1856 1729 fluctibns
1873 1676 2046 1727 domitis,
2064 1679 2101 1716 et
2120 1688 2184 1716 ca-

347 1734 468 1769 terrae
486 1732 681 1782 expeditae
707 1733 908 1780 gestarent
927 1731 1133 1770 Atlantem
1152 1732 1345 1783 captivum
1378 1731 1638 1783 trepidantem
1655 1731 1698 1770 in
1729 1743 1821 1771 aere.
1876 1731 1937 1770 Ut
1955 1731 2037 1782 ipse
2066 1730 2182 1770 Atlas

1120 1839 1165 1853 &O
1173 1839 1413 1855 “edocet“

350 1916 503 1957 Petav.
523 1930 586 1969 pr.
620 1918 782 1958 Moret.
818 1923 1022 1971 pin—370
1052 1920 1205 1959 Electri
1226 1920 1326 1961 Vat.
1346 1933 1410 1973 pr.
1429 1934 1485 1962 m.
1505 1932 1571 1972 pr.
1591 1921 1761 1960 Bonon.
1781 1919 1938 1959 Petav.
1958 1921 2059 1957 tert.
2107 1917 2180 1956 Ce-

349 1971 457 2009 lestis
474 1972 594 2010 Med.
613 1976 850 2012 terh—371
876 1986 950 2024 per
978 1976 1078 2024 quod
1098 1975 1259 2013 Mon—et.
1282 1987 1344 2026 pr.
1387 1979 1478 2027 post
1496 1987 1604 2026 quem
1626 1974 1743 2014 Prie.
1772 1985 1885 2025 quam
1904 1972 2004 2011 Put.
2026 1972 2181 2011 PetaV.

351 2036 438 2063 sec.
465 2025 623 2064 radiata
640 2025 761 2065 Med.
783 2031 1023 2067 ωτι-372
1055 2028 1280 2077 Ingrediere
1296 2030 1397 2069 Vat.
1417 2035 1559 2080 quart.
1586 2027 1766 2068 docebam
1785 2039 1862 2078 pro
1880 2025 2055 2066 dicabam
2074 2025 2183 2064 Exc.

351 2078 534 2118 Lucens.
554 2090 639 2118 sec.
663 2079 852 2130 parabam
883 2081 1042 2120 Moret.
1077 2085 1280 2132 pin—373
1307 2082 1475 2133 Libyam
1493 2083 1609 2121 titulo
1641 2082 1737 2121 Pal.
1769 2080 1888 2120 Med.
1908 2091 1972 2130 pr.
2013 2081 2183 2117 testante

350 2131 469 2170 Med.
489 2143 577 2170 sec.
598 2132 680 2171 inc.
702 2132 852 2172 Heius.
877 2146 945 2184 per
965 2146 1091 2172 oevum
1106 2146 1183 2185 pro
1196 2136 1357 2184 perenni
1372 2136 1494 2175 Rott.
1515 2136 1676 2174 Moret.
1699 2137 1872 2185 piu—37
1877 2137 1902 2172 4
1915 2143 2061 2183 pugnae
2078 2132 2180 2171 Put.

349 2187 482 2222 —375
511 2186 718 2235 spectanda
738 2184 887 2226 Ambr.
911 2198 974 2237 pr.
1018 2190 1193 2238 suspecta
1211 2188 1310 2227 Low
1339 2192 1514 2238 spectata
1531 2189 1633 2227 Vat.
1654 2199 1742 2227 sec.
1762 2187 1878 2225 Prie.
1910 2186 2037 2224 Farn.
2058 2185 2181 2225 Rott.

351 2237 471 2277 Med.
508 2250 569 2289 pr.
600 2239 685 2277 ine.
712 2239 860 2279 Heius.
897 2240 1050 2279 Petav.
1072 2252 1158 2279 sec.
1194 2241 1360 2280 Bonon.
1382 2242 1481 2281 Pat.
1498 2242 1668 2281 Tholos.
1687 2241 1849 2280 Moret.
1870 2251 1954 2278 sec.
1997 2238 2183 2277 simulata

352 2290 494 2330 Oxou.
515 2303 602 2330 sec.
630 2293 837 2331 simulacra
856 2293 957 2334 Jun.
980 2297 1184 2344 pin—376
1211 2298 1249 2332 et
1267 2298 1424 2334 auratos
1442 2295 1544 2334 Vat.
1576 2299 1714 2347 quart.
1742 2297 1880 2332 aurato
1896 2293 2058 2331 Thuan.
2092 2290 2182 2339 fus·

350 2348 456 2382 caret
478 2356 552 2394 pro
572 2347 740 2384 sulcaret
758 2346 860 2386 vat.
881 2358 965 2386 sec.
1011 2350 1193 2385 auratum
1208 2351 1373 2397 pontum
1392 2348 1513 2387 Med.
1536 2360 1621 2388 sec.
1653 2351 1836 2386 auratum
1864 2347 2011 2386 sulcum
2030 2344 2182 2385 Ambr-

350 2402 450 2436 tert.
477 2402 658 2436 auratum
679 2398 850 2448 fluctum
870 2399 954 2438 duo
975 2399 1125 2439 Leidd.
1147 2405 1192 2439 et
1225 2401 1321 2451 plus
1356 2413 1479 2452 quam
1501 2401 1677 2451 triginta
1696 2399 1832 2440 Codd.
1862 2400 1966 2439 Exc.
2000 2398 2180 2438 Gevart.

350 2450 534 2489 Lucens.
553 2463 616 2501 pr.
632 2452 799 2491 Schott.
820 2453 921 2492 Var.
943 2454 1030 2492 LL.
1051 2452 1119 2493 ed.
1138 2451 1273 2494 Antv.
1305 2459 1443 2493 aurato
1466 2454 1616 2506 fluctus
1631 2454 1765 2494 Gesn.
1799 2459 1842 2492 et
1862 2453 1929 2492 ed.
1947 2452 2182 2503 Bipont.-

347 2505 397 2542 37
402 2507 426 2543 7
448 2508 647 2543 armarent
662 2517 739 2556 pro
755 2506 949 2545 anteirent
969 2506 1090 2545 Med.
1112 2512 1255 2558 quart.
1283 2508 1475 2547 ambirent
1491 2508 1593 2549 Jun.
1613 2520 1679 2558 pr.
1701 2507 1844 2547 Oxon.
1864 2508 2090 2546 sem—378
2116 2505 2182 2544 Ti-

346 2556 433 2606 gris
453 2569 529 2608 pro
567 2558 707 2597 Triton
726 2558 861 2599 Oisel.
881 2571 937 2599 m.
959 2563 1181 2599 sem—379
1212 2561 1417 2601 Edomitus
1437 2561 1576 2601 Oxon.
1593 2573 1683 2601 sec.
1738 2562 1796 2599 Et
1815 2560 1976 2599 domitis
1992 2560 2093 2601 Vat.
2114 2570 2180 2610 pr.

348 2611 578 2650 veherentur
597 2612 750 2651 Petav.
770 2625 857 2653 sec.
887 2613 995 2664 equis
1012 2614 1114 2653 vat.
1136 2626 1220 2654 sec.
1239 2614 1349 2666 aquis
1367 2616 1465 2654 Vat.
1484 2616 1622 2655 Livin.
1644 2626 1741 2654 cum
1759 2612 2065 2665 septemdecim
2086 2612 2180 2651 aliis

349 2676 426 2703 oere
462 2665 646 2705 trementi
675 2666 780 2706 Lov.
817 2679 872 2705 ex
905 2667 1218 2707 emendatione.
1278 2668 1480 2708 Heinsius
1515 2669 1557 2708 in
1589 2668 1769 2709 Schedis
1803 2672 2030 2707 notaverat
2063 2678 2182 2718 seqq.

349 2718 361 2739 ‘
383 2716 642 2758 Concinnius
662 2724 708 2759 et
726 2721 894 2759 acutius
911 2721 1012 2771 erit,
1028 2721 1063 2760 si
1094 2722 1213 2772 legas
1242 2721 1286 2760 in
1303 2734 1381 2761 aere
1412 2723 1593 2763 trementi
1609 2736 1623 2762 .·
1652 2722 1839 2773 alioquin
1859 2721 1942 2760 duo
1966 2720 2181 2772 adjectiva

350 2778 623 2813 concurrent.
656 2774 776 2826 quasi
792 2770 925 2826 dicat,
944 2787 1002 2814 aes
1021 2774 1174 2826 spirare
1193 2787 1242 2814 ac
1262 2775 1587 2817 tremere.’—380
1604 2776 1802 2825 famulum
1815 2773 2007 2824 inferrent
2028 2772 2179 2827 Ambr.

1180 2881 1356 2922 NOTAE

403 2972 483 3009 370
510 2970 678 3023 Arcum]
706 2972 996 3026 Triumphalis
1015 2979 1061 3015 et
1076 2975 1233 3015 Currus
1299 2981 1369 3016 tur
1404 2976 1614 3029 ejusmodi
1647 2978 1939 3024 monumenta,
1970 2983 2092 3021 auro,
2112 2983 2178 3011 ar·

350 3037 396 3072 et
413 3032 553 3073 Arcus
575 3034 768 3075 Honorio
783 3037 1038 3079 destinatus.
1301 3046 1447 3092 gemo,
1467 3053 1570 3092 aere,
1586 3040 1696 3081 citro
1714 3038 1820 3079 ficta
1838 3037 1905 3078 vel
1924 3036 2092 3076 coelata.

402 3098 478 3134 371
529 3096 726 3136 Radiante
760 3100 874 3150 toga]
941 3100 1114 3141 Trabea
1157 3113 1232 3142 seu
1353 3106 1434 3143 3¹78
1462 3103 1684 3159 arundine]
1726 3101 1856 3141 Oliva
1889 3098 2084 3138 arundini
2117 3097 2180 3138 in·

349 3164 472 3198 veste
489 3158 713 3199 Consulari
729 3173 832 3201 auro
849 3162 1032 3204 intexta.
1298 3177 1437 3205 nexa:
1468 3166 1581 3205 oliva
1600 3171 1741 3206 autem
1760 3175 1882 3204 sacra
1901 3168 1969 3203 est
1996 3161 2178 3203 Palladi.

405 3224 483 3261 377
511 3222 722 3262 Anteirent
739 3223 897 3275 oppida]
933 3225 1110 3277 Species
1128 3227 1231 3267 ima·
1357 3228 1515 3279 Triton]
1556 3229 1730 3269 Fluvius
1760 3227 1940 3278 Africae,
1985 3230 2031 3266 et
2055 3226 2178 3277 palus

352 3284 554 3336 ginesque
575 3285 782 3324 montium
802 3287 1055 3341 urbiumque
1084 3296 1232 3342 capta·
1297 3290 1371 3330 ubi
1389 3296 1489 3330 nata
1509 3292 1667 3333 Pallas.

350 3359 442 3387 rum
475 3345 845 3388 transferebantur
889 3350 934 3390 in
972 3352 1232 3404 Capitolium
1351 3357 1432 3393 379
1462 3355 1658 3394 Edomitis
1690 3353 1819 3406 aquis]
1859 3352 1900 3393 A
1938 3352 2178 3394 Stilichone

349 3422 507 3463 pompa
531 3409 793 3465 triumphali,
807 3418 854 3453 et
882 3412 944 3454 ibi
974 3414 1232 3456 dedicaban·
1298 3416 1425 3458 victis
1441 3416 1520 3459 sub
1539 3417 1737 3471 auspiciis
1752 3416 1951 3460 Honorii.
