2300 3906
609 191 853 240 RAP'rus
894 194 1190 235 Pnosnm’.
1231 197 1351 236 mn.
1394 198 1461 238 11.
1839 184 1946 240 941

139 306 373 360 Firmior
399 306 676 360 Herculea
697 312 926 365 mundus
951 315 1160 367 cervice
1185 316 1464 385 pependit.

213 390 541 443 Lustrarunt
563 392 819 446 humeros
847 396 1092 450 Phoebus
1117 405 1173 450 et
1196 405 1345 452 astra
1370 404 1511 455 tuos,

139 473 411 526 Thracius
437 475 556 527 haec
582 481 740 528 vates
763 495 775 529 ε
815 480 914 531 sed
943 484 1001 532 tu
1026 481 1347 549 Tyrinthius
1368 483 1521 548 alter,

154 555 156 557 “
212 557 537 622 Florentiae,
563 561 720 613 mihi:
761 566 818 613 tu
845 579 965 615 mea
989 564 1197 631 plectra
1221 582 1438 618 moves:
1878 570 1950 622 50

137 638 419 709 Antraque
446 642 725 696 Musarum
751 646 911 713 longo
936 649 1212 715 torpentia
1237 664 1429 701 somno

211 725 467 790 ExcutiS,
491 733 543 779 et
567 730 817 796 placidos
844 732 1001 784 ducis
1026 733 1081 784 in
1103 733 1232 785 orbe
1258 733 1470 786 choros

139 873 259 914 meris
277 874 474 916 Herculis.
508 876 575 917 Sol
591 882 628 916 et
648 880 777 919 sidera
795 881 1063 921 illuminarunt
1079 882 1255 922 humeros
1268 886 1367 921 tuos.
1409 881 1534 921 Poeta
1553 882 1729 921 Thracioe
1749 882 1947 935 Orpheus

141 928 298 967 cecinit
318 928 387 967 has
407 941 492 967 res:
528 936 570 968 at
608 935 664 979 tu,
693 945 717 971 ο
739 934 977 983 florentine,
1006 947 1047 974 es
1073 935 1169 974 mihi
1202 935 1391 974 Hercules
1420 937 1550 981 altem
1577 940 1619 974 tu
1649 937 1797 974 excitas
1824 938 1949 988 lyram

137 993 262 1019 meam
273 994 288 1027 ;
315 985 358 1019 tu
389 983 537 1021 excitas
549 996 747 1025 cavernam
766 987 969 1027 Musarum
990 995 1224 1028 nostrarum
1244 992 1449 1028 cessantem
1470 990 1584 1038 longa
1602 991 1746 1039 requie,
1764 993 1803 1028 et
1821 990 1946 1030 trahis

136 1033 186 1073 ab
204 1046 269 1074 ore
284 1047 378 1074 meo
396 1040 533 1079 cantus
549 1049 696 1078 suaves.

907 1120 1197 1136 eeeeeeeeeeee

73 1211 84 1222 .
137 1166 247 1207 Exc.
269 1167 422 1209 Petav.
443 1174 692 1220 quam—47
722 1172 884 1211 Fortior
899 1173 1001 1211 Vat.
1035 1184 1101 1222 pr.
1133 1173 1323 1212 Floreut.
1358 1172 1503 1212 Ambr.
1527 1177 1624 1212 tert.
1640 1173 1747 1213 Cod.
1765 1173 1947 1215 Bartho-

137 1219 214 1259 lin.
244 1220 418 1260 Firmior
437 1224 500 1261 vel
522 1223 668 1262 Pur-ior
686 1225 807 1264 Voss.
828 1224 1036 1264 sem—48*
1051 1225 1288 1265 Lustrarunt
1321 1226 1484 1264 Bouon.
1512 1226 1822 1276 Lustraruntque
1839 1227 1944 1269 vat.

138 1283 226 1311 sec.
260 1272 385 1311 Voss.
421 1280 615 1315 sec—49
642 1277 711 1315 hoc
742 1282 850 1316 vates
873 1279 974 1316 Vat.
1009 1278 1141 1328 quint.
1169 1281 1238 1318 sed
1271 1290 1369 1316 nunc
1398 1278 1498 1318 Jun.
1525 1283 1719 1318 sem—50
1746 1292 1835 1318 nam
1861 1286 1949 1320 mea

136 1326 238 1364 Vat.
267 1336 331 1376 pr.
362 1326 468 1365 Cod.
498 1327 732 1368 Bartholin.
761 1331 826 1368 ed.
856 1330 996 1369 Vicet.
1027 1334 1070 1369 tu
1103 1343 1188 1370 mea
1219 1331 1407 1370 Florem.
1445 1331 1525 1369 duo
1554 1332 1674 1370 Med.
1705 1332 1804 1371 Put.
1844 1334 1951 1384 Reg.

139 1377 291 1418 Heius.
337 1379 392 1418 H.
432 1380 571 1419 Oxon.
607 1392 671 1431 pr.
709 1381 792 1420 duo
826 1382 927 1422 Jun.
968 1382 1051 1420 duo
1083 1383 1210 1421 Voss.
1247 1389 1334 1421 tres
1370 1383 1522 1421 Petav.
1566 1384 1729 1422 Bonon.
1775 1384 1947 1425 Tholos.

136 1430 242 1471 Exc.
277 1432 428 1472 Petav.
471 1438 613 1483 quart.
642 1435 742 1473 Vat.
776 1435 911 1474 Livin.
942 1435 1042 1474 Var.
1070 1435 1153 1474 LL.
1187 1447 1210 1474 e
1248 1447 1378 1483 marg.
1411 1434 1656 1475 Parm.—-51
1686 1437 1796 1485 largo
1827 1438 1950 1478 Voss.

135 1487 311 1534 pin—52
359 1485 528 1524 Excutis
559 1486 680 1525 voss.
734 1499 798 1537 pr.
830 1488 999 1526 Excutis
1036 1488 1104 1526 vel
1140 1488 1308 1538 Excipis
1344 1489 1444 1527 Vat.
1473 1501 1557 1527 sec.
1596 1490 1718 1528 Voss.
1750 1500 1835 1528 sec..
1864 1491 1951 1540 pla-

137 1536 245 1576 cidos
280 1537 382 1578 Jun.
414 1551 478 1588 pr.
508 1539 630 1577 Voss.
653 1550 719 1589 pr.
753 1541 938 1578 chartac.
967 1540 1118 1579 Heius.
1157 1539 1331 1579 ΊῚιοΙοε.
1361 1541 1460 1579 Vat.
1497 1541 1630 1591 quint.
1663 1542 1767 1579 Exc.
1798 1542 1950 1583 PetaV.

136 1594 279 1641 quart.
305 1592 483 1640 placidus
502 1604 631 1640 marg.
653 1592 805 1642 Isingr.
834 1593 987 1643 placido
1018 1598 1105 1632 tres
1126 1593 1246 1632 Vatt.
1278 1593 1371 1632 Pal.
1405 1594 1489 1632 duo
1520 1593 1638 1631 Med.
1672 1594 1860 1634 Florent.
1892 1607 1951 1635 m.

138 1655 225 1693 see.
246 1643 395 1684 Heius.
426 1645 483 1682 H.
502 1652 542 1683 et
571 1645 652 1683 inc.
673 1645 811 1696 ejusd.
835 1647 957 1685 Voss.
978 1651 1022 1685 et
1037 1645 1138 1686 Jun.
1158 1658 1244 1685 sec.
1266 1645 1350 1685 duo
1367 1645 1503 1685 Oxon.
1537 1646 1677 1696 placito
1704 1646 1811 1684 ducis
1822 1647 1869 1684 ab
1884 1659 1950 1686 ore

134 1707 246 1735 sonos
265 1697 382 1742 Clav.
404 1698 582 1748 Raphel.
600 1697 727 1737 Gesn.
749 1698 815 1738 ed.
835 1699 1009 1749 Bipont.
1027 1699 1176 1750 placido
1190 1699 1232 1737 in
1251 1698 1339 1738 orbe
1356 1699 1488 1737 choros
1508 1699 1671 1738 Bonon.
1691 1700 1798 1737 ducis
1824 1699 1871 1738 ab
1885 1712 1950 1739 ore

137 1761 249 1788 sonos
266 1750 365 1789 Vat.
397 1762 459 1800 pr.
495 1749 641 1790 Ambr.
680 1747 779 1790 tert.
813 1752 917 1793 Cod.
945 1752 1179 1792 Bartholin.
1207 1752 1315 1790 ducis
1332 1751 1374 1790 in
1390 1753 1477 1790 orbe
1495 1752 1625 1790 choros
1643 1752 1833 1791 Florent.
1851 1762 1947 1792 cum

136 1802 289 1895 {riginti
310 1804 474 1844 duobus
495 1804 603 1844 aliis.
636 1805 683 1843 ab
711 1805 802 1844 orbe
824 1805 924 1846 Jun.
961 1817 1044 1846 sec.
1073 1806 1204 1845 choros
1232 1805 1314 1845 duo
1340 1804 1442 1845 Jun.
1476 1805 1557 1844 duo
1593 1805 1734 1844 Oxon.
1766 1804 1947 1845 totidem

179 1867 260 1895 OSS.

961 1924 1136 1964 NOTAE

117 2036 119 2039 ,
190 2004 244 2040 49
277 2001 526 2053 Tyr-inthius]
577 2002 740 2054 Tyrios,
775 2002 1014 2053 Tyrinthos,
1137 2006 1189 2042 50
1216 2002 1457 2052 Florentine]
1505 2002 1584 2042 Hic
1620 2001 1750 2041 bonos
1786 2002 1951 2042 doctos·

138 2063 238 2115 olim
286 2063 442 2102 Haliea
479 2063 598 2104 dicta
649 2076 674 2102 a
716 2064 1014 2114 piscatoribus,
1084 2078 1166 2118 que
1186 2078 1260 2105 sua
1277 2066 1534 2104 liberalitate
1553 2064 1831 2104 sustentabat.

138 2131 208 2166 est
228 2125 327 2164 urbs
362 2125 454 2176 agri
490 2125 655 2176 Argivi,
692 2126 884 2166 Hercule
920 2127 1014 2166 cive
1134 2131 1187 2167 52
1217 2127 1414 2176 placidos]
1456 2126 1508 2165 Id
1529 2134 1611 2177 est,
1645 2128 1766 2167 ducis
1786 2127 1951 2178 choros,

137 2188 293 2229 nobilis
310 2201 322 2236 ;
352 2194 396 2227 et
414 2187 514 2228 inde
534 2187 743 2229 Hercules
763 2188 919 2229 dicitur
941 2190 1014 2241 Ty·
1082 2201 1158 2230 seu
1175 2196 1309 2230 coetus
1326 2189 1557 2230 Musarum.

137 2251 319 2292 rintliius.

897 2589 1198 2650 XXXV.

173 2799 312 2862 CL.
357 2797 855 2859 CLAUDIANI
906 2743 1251 2856 RAhTUS
1302 2792 1912 2855 PROSERPINAE.

873 2908 1055 2971 LIB.
1114 2909 1208 2968 ΙΙ.

790 3084 1305 3127 ARGUMENTUM.

195 3169 340 3210 MANE
360 3168 621 3220 Proserpina
640 3168 751 3220 petit
770 3166 1000 3206 infeliciter
1031 3167 1188 3218 sylvas,
1222 3171 1268 3205 et
1287 3177 1382 3204 cum
1401 3163 1479 3204 hac
1497 3162 1652 3210 Venus,
1682 3159 1837 3209 Diana,
1852 3158 1951 3200 Pal-

141 3237 230 3277 las:
260 3218 522 3287 Proserpina
537 3234 761 3287 magnifice
778 3233 948 3274 vestita.
1007 3233 1128 3271 Hanc
1148 3232 1407 3271 comitantur
1425 3230 1599 3279 Naides,
1618 3226 1722 3267 etin
1739 3226 1802 3265 his
1820 3224 1953 3276 major

15 3288 16 3292 Ἰ
56 3297 62 3301 ’
144 3303 305 3354 Cyane.
360 3302 518 3343 Credas
538 3314 632 3342 esse
652 3302 904 3351 Amazonas,
923 3300 1110 3351 aliasque
1130 3298 1361 3350 Nymphas.
1416 3297 1483 3338 Ab
1505 3295 1661 3335 Henna·
1680 3296 1851 3343 rogatus
1869 3291 1951 3332 Ze·

142 3371 301 3425 phyrus
320 3370 540 3412 foecundat
572 3366 875 3422 et'distinguit
910 3368 1000 3421 ejus
1032 3379 1154 3419 agros
1172 3365 1349 3408 floribus
1368 3370 1414 3407 et
1442 3361 1658 3406 arboribus
1690 3359 1734 3401 in
1769 3358 1953 3412 gratiam
