2300 3906
305 157 413 213 ⁷02
861 176 957 215 cr..
997 173 1354 214 anUmAm
1395 171 1581 212 xxrv.
1634 176 1637 177 ⁷

303 291 570 360 Inscripti
595 292 814 344 rutilum
840 292 1043 343 coelato
1068 288 1307 342 Consule
1331 307 1551 355 nomen,

303 375 412 429 Per
437 393 697 444 proceres
723 381 774 427 et
802 377 997 442 vulgus
1018 380 1169 441 eant;
1209 380 1401 443 stupor
1426 376 1683 428 omnibus
1710 374 1869 427 Indis

302 459 574 513 Plurimus
599 462 797 528 ereptis
823 460 1049 528 elephas
1074 461 1339 527 inglorius
1365 467 1508 513 errat
2017 456 2126 509 350

300 544 594 597 Dentibus.
674 545 886 597 Insedit
912 547 1061 613 nigra
1094 546 1307 597 cervice
1332 550 1658 611 gementum,

301 629 376 680 Et
400 629 571 680 fixum
607 629 725 681 Dea
753 636 982 697 quassat
1005 631 1157 693 ebur,
1184 630 1511 697 penitusque
1536 629 1780 680 cruentis

297 712 579 780 Stirpibus
606 715 815 766 avulsis
842 717 1069 782 patulos
1095 723 1345 767 exarmat
1369 718 1570 767 hiatus,

301 794 470 862 Ipsos
496 799 627 864 quin
654 801 818 849 etiam
846 800 1004 850 nobis
1031 800 1298 851 miracula
1321 800 1482 851 vellet

299 877 548 946 Ducere3
587 881 682 932 sed
707 878 867 949 pigra
891 885 1141 934 cunctari
1166 884 1309 933 mole
1336 887 1566 934 veretur.
2018 876 2127 930 355

299 962 607 1030 Tyrrhenas
632 965 797 1015 foetus
823 965 1065 1032 Libycos
1092 965 1351 1031 amplexa
1379 980 1477 1031 per
1502 961 1675 1014 undas

298 1043 556 1098 Classica
574 1047 732 1098 turba
755 1052 930 1110 sonat,
957 1047 1299 1116 caudamque
1326 1064 1361 1099 a
1384 1063 1572 1114 puppe
1598 1052 1924 1113 retorquens

295 1191 458 1231 tabellas
490 1190 724 1239 faciendas,
752 1196 791 1231 et
814 1191 1016 1242 fulgentes
1042 1206 1152 1241 auro,
1185 1192 1481 1244 habentesque
1511 1205 1647 1231 nomen
1678 1192 1922 1243 splendidum
1952 1190 2130 1232 Consulis

296 1246 440 1296 depicti
458 1246 707 1294 insculptum,
727 1245 915 1293 ferantur
930 1258 1000 1296 per
1013 1247 1204 1297 primores
1233 1250 1272 1284 et
1296 1247 1456 1297 populos
1479 1257 1640 1293 omnes,
1668 1251 1707 1284 et
1728 1248 1813 1284 sint
1832 1245 2040 1285 admiratio
2059 1246 2129 1285 In·

295 1300 431 1337 dorum
449 1299 631 1337 omnium.
683 1299 926 1349 Elephantus
943 1301 1085 1338 multus
1101 1300 1308 1338 inhonorus
1320 1302 1502 1347 vagatur,
1518 1299 1699 1337 dentibus
1714 1298 1880 1337 sublatis
1898 1299 1991 1338 sibi.
2020 1298 2129 1338 Diva

296 1351 442 1391 Diana
471 1353 573 1390 seuit
603 1351 645 1389 in
679 1353 774 1390 collo
805 1352 989 1401 nigrante
1021 1351 1209 1392 ferarum
1239 1352 1535 1401 ingementium,
1561 1355 1600 1390 et
1615 1352 1766 1390 excutit
1785 1353 1881 1390 ebur
1897 1352 2072 1404 affixum,
2087 1355 2128 1391 et

295 1404 377 1443 hoc
397 1406 546 1443 revulso
551 1405 738 1453 funditus
757 1417 782 1444 a
797 1405 995 1444 radicibus
1011 1406 1249 1455 sanguineis,
1264 1405 1406 1456 spoliat
1424 1417 1493 1444 ora
1517 1405 1694 1455 patentia
1712 1416 1867 1444 earum.
1927 1405 2130 1444 Proeterea

296 1456 439 1496 Diana
457 1462 609 1508 optaret
628 1460 817 1497 adducere
831 1459 935 1509 ipsos
953 1459 1201 1509 elephantos
1221 1458 1482 1505 admirandos,
1499 1459 1566 1496 sed
1591 1459 1704 1496 timet
1731 1458 1934 1496 retardare
1961 1463 2129 1507 specta-

294 1510 391 1549 cula
409 1511 681 1560 magnitudine
699 1522 831 1550 crassa
852 1511 1098 1550 bestiarum.
1131 1512 1298 1550 Caterva
1313 1511 1595 1549 classiariorum
1613 1510 1810 1560 complexa
1823 1514 1964 1560 partus
1988 1509 2126 1562 Libya

1061 1616 1358 1632 OOOOOOOOOOO

293 1676 415 1729 butas,
428 1674 543 1725 ferro
575 1678 675 1717 Vat.
702 1677 842 1717 Livin.
871 1677 968 1717 ΑΜ.
1008 1677 1175 1716 micante
1192 1677 1495 1717 Thuan.-—348
1524 1675 1713 1728 Inscripti
1732 1677 1800 1716 vel
1818 1676 2008 1729 Insculpti
2025 1677 2126 1720 Vat.

293 1736 395 1770 tert.
443 1731 621 1770 coelatum
641 1730 788 1770 Ambr.
809 1743 873 1781 pr.
923 1730 1109 1781 Principe
1135 1731 1234 1770 Vat.
1262 1734 1501 1770 tem—349
1526 1735 1619 1770 eunt
1639 1730 1734 1771 Pal.
1763 1731 1880 1770 Med.
1900 1743 1967 1782 pr.
2013 1735 2127 1772 erant

290 1783 416 1824 Farn.
458 1783 574 1823 undis
602 1784 722 1824 Med.
741 1786 962 1823 sem—350
991 1782 1177 1823 Pluribus
1195 1783 1253 1823 id.
1273 1783 1392 1824 Med.
1438 1784 1572 1823 electis
1593 1783 1688 1823 Pal.
1709 1784 1836 1825 Farn.
1887 1785 2023 1835 ejectis
2039 1785 2125 1825 duo

289 1837 411 1877 Vatt.
458 1837 597 1877 erectis
633 1838 729 1878 Pur.
755 1837 783 1878 J
790 1849 858 1876 un.
896 1850 958 1887 pr.
978 1837 1142 1876 Thuan.
1165 1838 1285 1877 Med.
1307 1842 1448 1889 quart.
1466 1837 1535 1876 ed.
1555 1837 1698 1877 Vicet.
1745 1837 1876 1886 eiectis
1896 1838 1963 1886 vel
1982 1838 2127 1890 ereptis

290 1888 443 1930 Petav.
465 1902 529 1940 pr.
570 1891 736 1929 exsectis
755 1890 1019 1941 conjiciebat
1038 1891 1190 1930 Heius.
1237 1891 1416 1941 elephans
1436 1890 1556 1930 Leid.
1580 1903 1645 1942 pr.
1666 1890 1751 1929 duo
1771 1890 1889 1930 Med.
1925 1890 2008 1930 ibat
2031 1893 2074 1930 M
2082 1904 2127 1931 o-

291 1950 373 1983 ret.
395 1956 459 1994 pr.
479 1944 596 1982 Med.
617 1947 835 1982 sem—351
865 1956 916 1982 an
933 1944 1034 1982 sedit
1054 1944 1170 1984 Prir.
1206 1944 1354 1984 incedit
1376 1945 1471 1983 Vat.
1493 1944 1630 1996 quint.
1650 1943 1770 1983 Med.
1788 1949 1927 1996 quart.
1957 1946 2126 1984 increvit

290 1997 360 2035 vel
379 1996 522 2035 insedit
540 1997 640 2036 Vat.
660 2000 898 2035 terh—352
917 1995 1025 2044 felix
1045 1996 1266 2050 profixam
1285 1998 1401 2037 Prie.
1422 1997 1565 2048 fissum
1586 1998 1686 2037 Vat.
1706 2009 1791 2037 sec.
1822 2000 1920 2038 olam
1942 2006 2027 2048 prr?
2036 1998 2125 2038 Dea

290 2047 442 2089 PetaV.
463 2061 546 2088 sec.
574 2053 698 2088 cassat
726 2050 830 2100 Reg.
858 2050 1009 2088 cruoris
1030 2050 1291 2089 Fara-353
1322 2050 1502 2101 Stipibus
1517 2052 1673 2090 Petav.
1694 2062 1779 2090 sec.
1821 2050 1995 2090 adversis
2011 2051 2127 2091 Tho·-

289 2102 374 2142 los..
414 2101 586 2141 advalsis
618 2101 740 2141 Leid.
771 2114 857 2142 sec.
883 2102 1045 2142 Moret.
1080 2114 1165 2142 sec.
1198 2103 1302 2143 Var.
1324 2104 1413 2153 LL.
1433 2103 1502 2142 ed.
1524 2103 1655 2143 Antv.
1698 2105 1847 2154 patulis
1866 2105 1968 2144 vat.
1984 2111 2125 2156 quart.

288 2156 442 2207 populis
469 2156 764 2195 Thanna-354
794 2156 887 2206 quin
915 2156 1026 2198 nobis
1054 2157 1174 2195 etiam
1207 2156 1399 2195 Florent.
1447 2158 1673 2195 munuscula
1698 2157 1793 2197 Pal.
1839 2158 2029 2197 miracula
2055 2159 2126 2198 vel

293 2210 514 2248 munuscula
531 2208 648 2247 Med.
673 2212 872 2259 pr.—355
902 2213 1081 2248 verentur
1108 2209 1421 2249 Tholos.--356
1451 2209 1667 2261 Tyrrhenos
1699 2209 1827 2248 Farn.
1859 2211 1979 2250 Rott.
2028 2211 2127 2263 Tyr-

290 2261 429 2302 rhenos
446 2261 616 2313 Libycas
635 2267 723 2301 tres
744 2262 866 2301 Vatt.
902 2261 1202 2313 Libycosfoetus
1220 2261 1317 2304 Pal.
1337 2262 1458 2302 Med.
1480 2274 1546 2314 pr.
1566 2262 1667 2303 Jun.
1690 2274 1755 2313 pr.
1782 2262 1952 2314 Libycas
1969 2262 2124 2305 Ambr.

291 2326 356 2365 pr.
398 2314 545 2365 Libyes
566 2315 674 2364 Reg.
717 2315 820 2354 senis
851 2327 929 2366 ριό
950 2314 1078 2362 foetus
1113 2316 1267 2357 Petav.
1299 2321 1398 2356 tert.
1445 2317 1642 2366 complexa
1657 2314 1808 2355 Ambr.
1830 2321 1930 2356 tert.
1975 2318 2126 2357 adnexa

290 2367 395 2407 Pur.
417 2367 570 2406 Petav.
592 2374 692 2408 tert.
714 2367 863 2407 Ambr.
879 2381 923 2419 p.
944 2369 1048 2407 Lov.
1070 2370 1229 2409 Moret.
1251 2381 1316 2419 pr.
1336 2370 1443 2408 Var.
1478 2369 1564 2408 LL.
1594 2369 1662 2408 ed.
1694 2368 1825 2409 Antv.
1872 2371 2023 2409 adnexa
2043 2371 2125 2410 duo

291 2421 413 2460 Vatt.
435 2420 517 2459 inc.
538 2420 691 2459 Heins.
722 2422 886 2462 Bonon.
913 2422 1066 2462 Petav.
1096 2434 1160 2473 pr.
1201 2423 1348 2462 adnixa
1367 2423 1520 2461 Petav.
1541 2434 1627 2462 sec.
1645 2421 1812 2461 Tliolos.
1846 2422 1994 2461 Ambr.
2018 2423 2125 2463 item

290 2474 450 2514 Moret.
464 2486 550 2514 sec.
565 2473 669 2514 Var.
690 2475 777 2514 LL.
799 2487 823 2513 e
843 2487 978 2526 marg.
1000 2474 1145 2514 Parm.
1178 2476 1326 2515 adnixa
1345 2481 1390 2515 et
1411 2475 1684 2515 emendatum
1703 2477 1900 2526 complexa
1919 2476 2038 2516 Leid.
2059 2489 2124 2528 pr.

291 2527 439 2567 adnixa
460 2528 526 2566 vel
542 2529 722 2579 amplexa
742 2528 932 2568 Florent.
974 2528 1122 2568 adnixa
1142 2529 1208 2567 vel
1227 2530 1380 2568 adnexa
1399 2530 1505 2569 Exc.
1525 2529 1690 2568 Schott.
1712 2529 1863 2568 Heins.
1883 2535 2127 2581 notaverat,

289 2578 404 2620 forte
434 2581 590 2632 corrigi
622 2593 746 2633 posse
778 2594 831 2621 ex
861 2582 934 2620 illo
965 2581 1089 2633 Virg.
1108 2582 1204 2622 AEn.
1233 2593 1308 2622 111.
1328 2585 1423 2623 208.
1445 2583 1457 2605 ‘
1477 2582 1593 2622 haud
1623 2594 1771 2632 mora;
1802 2587 1943 2623 nautae
1963 2582 2124 2623 Annixi

292 2639 497 2686 torquent
518 2646 703 2686 spumae,
722 2639 766 2674 et
788 2635 950 2674 coerula
965 2635 1308 2676 verrunt.'-—357
1341 2637 1491 2676 Classes
1522 2636 1680 2675 Petav.
1715 2642 1815 2676 tert.
1866 2637 2012 2676 Classis
2033 2642 2123 2677 tres

289 2688 414 2727 Vatt.
443 2688 565 2728 Farn.
592 2687 711 2727 Prie.
740 2693 828 2727 tres
857 2688 977 2728 Med.
1015 2689 1117 2740 Reg.
1153 2689 1312 2729 Thuan.
1345 2689 1505 2730 Mazar.
1538 2689 1691 2729 Petav.
1725 2701 1790 2741 pr.
1824 2689 1989 2729 Bonon.
2019 2689 2122 2730 Jun.

292 2739 433 2782 Oxou.
467 2741 572 2781 item
599 2741 719 2781 Leid.
755 2753 821 2793 pr.
851 2747 897 2782 et
930 2741 999 2781 ed.
1030 2741 1175 2782 Vicet.
1220 2742 1348 2783 Classi
1369 2743 1488 2784 Leid.
1521 2754 1607 2782 sec.
1627 2747 1674 2782 et
1694 2742 2018 2795 quatuordecim
2037 2743 2125 2796 alii,

1118 2856 1299 2899 NOTAE

338 2953 419 2990 349
437 2950 584 3002 Stupor
596 2952 769 2991 omnibus
780 2952 910 3004 Indis]
925 2951 1008 2993 Alii
1021 2951 1179 2992 τελείαν
1246 2953 1380 3004 gloria
1402 2958 1446 2993 et
1460 2953 1620 2993 honore
1639 2952 1845 2993 dentium.

293 3012 465 3063 στιγμὴν
495 3019 595 3065 post
625 3016 737 3054 Indis
761 3021 943 3066 ponunt,
962 3022 1010 3056 ut
1028 3028 1178 3056 sensus
1299 3018 1376 3055 361
1406 3017 1576 3067 Insedit]
1625 3016 1767 3056 Diana
1803 3015 1927 3055 sedet
1961 3015 2003 3054 in
2036 3015 2121 3054 ele-

292 3075 376 3117 sit:
397 3076 479 3116 Hae
503 3068 674 3116 tabellae
695 3085 781 3117 tam
804 3076 964 3118 affabre
982 3086 1027 3120 et
1042 3081 1172 3121 factae
1244 3078 1422 3130 phanio,
1441 3083 1486 3117 et
1503 3077 1651 3117 avellit
1667 3078 1786 3116 ebur·

294 3144 338 3179 ct
354 3139 577 3190 insculptae
596 3140 695 3190 sint,
711 3147 759 3180 ut
777 3141 896 3180 Indis
922 3142 1023 3194 ipsis
1043 3155 1176 3196 opera
1296 3143 1374 3180 357
1403 3138 1549 3189 Sonat]
1576 3139 1723 3178 Turba
1752 3151 1848 3191 quae
1876 3139 1991 3190 regit
2014 3138 2121 3178 clas-

295 3201 483 3241 eburnea
521 3201 787 3253 jactantibus
820 3216 968 3244 creare
1008 3206 1175 3258 possint
1242 3215 1347 3252 sem,
1367 3203 1537 3241 nautico
1555 3203 1739 3242 clamore
1757 3207 1941 3242 testatur
1964 3202 2121 3253 gaudia

295 3263 629 3305 admirationem.
1241 3279 1345 3317 sua3
1374 3268 1602 3306 clamorem
1640 3267 1758 3307 ilium
1791 3268 2015 3307 nauticum
2048 3279 2118 3307 vo-

348 3331 427 3367 350
456 3328 672 3382 Inglorius]
716 3329 899 3382 Elephas
931 3337 1050 3373 errat
1082 3331 1172 3373 sine
1241 3338 1341 3372 cant
1365 3331 1582 3373 celeusma.
