2300 3906
805 199 964 239 LAUs
1005 197 1284 239 SERENAE.
1846 189 1954 243 869

144 313 388 367 Nexuit:
426 314 569 366 hunc
596 314 823 366 domitis
843 318 1014 370 ambit
1037 322 1278 371 rostrata
1303 317 1524 372 carinis·

145 397 312 449 Solus
339 399 547 449 militiae
574 400 710 449 mira
735 401 984 452 mercede
999 402 1246 469 jugalem

143 481 451 532 Promeruit
477 481 761 544 Stilichon,
791 500 979 535 socero
1004 485 1285 547 referente,
1313 501 1584 539 coronam.
1852 483 1958 539 185

145 563 391 630 Agnovit
418 565 596 630 patrui
624 567 856 618 similem
881 567 1231 618 Thermantia
1257 583 1442 619 curam
1464 586 1476 621 ε

145 646 353 719 Nupsit
379 653 430 697 et
457 648 553 698 illa
578 649 719 701 duci.
794 652 903 703 Sed
931 652 1091 717 longe
1112 650 1226 702 fata
1251 652 1454 703 sororis

144 721 410 781 Inferiora
439 733 565 783 tuis,
641 732 768 785 Alio
794 736 897 786 tibi
918 736 1123 786 lumine
1151 734 1331 785 taedas

147 810 421 864 Accendit
448 814 702 868 Romana
724 817 904 880 SaluS,
932 818 1260 886 magnisque
1286 817 1500 869 coronis

150 894 481 965 Conjugium
505 897 567 949 fit
592 915 722 951 cura
743 906 911 954 tuum.
988 901 1254 954 Deiectus
1279 917 1563 970 equorum,
1857 900 1963 954 190

149 1078 285 1106 corona
303 1066 455 1105 navalis
470 1067 612 1118 quaerit
626 1072 711 1119 post
725 1082 841 1109 naves
865 1071 1002 1111 victas.
1060 1071 1224 1112 Stilicho
1253 1074 1355 1112 solus
1384 1072 1526 1112 meruit
1560 1070 1720 1123 proemio
1748 1070 1968 1110 admirabili

152 1119 348 1167 bellorum,
378 1132 555 1159 coronam
573 1121 823 1172 conjugalem,
853 1124 1090 1164 Theodosio
1121 1138 1249 1165 socero
1272 1128 1404 1166 dante.
1462 1125 1714 1165 Thermantia
1731 1128 1891 1174 experta
1909 1129 1968 1163 est

146 1185 222 1222 par
238 1174 409 1212 studium
426 1174 559 1223 patrui
578 1175 638 1212 sui
654 1175 898 1215 Theodosii:
930 1189 1023 1216 nam
1042 1179 1114 1218 illa
1131 1180 1247 1217 ducta
1267 1184 1324 1218 est
1339 1179 1456 1218 etiam
1475 1191 1499 1217 a
1516 1179 1703 1218 Ductore.
1741 1176 1968 1223 Atsortuna

150 1226 295 1264 sororis
314 1233 414 1276 tuae,
432 1239 456 1265 o
476 1226 651 1275 Serena,
676 1230 793 1267 multo
812 1229 936 1268 minor
950 1234 1007 1269 est
1025 1235 1095 1269 tua
1115 1229 1298 1270 fortuna.
1355 1232 1470 1271 Salus
1501 1231 1676 1270 Romana
1709 1229 1969 1280 inflammavit

147 1290 219 1329 pro
237 1283 276 1318 te
284 1277 397 1327 faces
415 1280 628 1330 nuptiales
641 1280 734 1330 igne
748 1283 1036 1332 proestantiore,
1055 1287 1094 1322 et
1110 1287 1321 1333 potestates
1337 1283 1515 1334 ingentes
1532 1286 1671 1322 curant
1681 1282 1970 1322 matrimonium

149 1337 272 1372 taum.
331 1332 470 1372 Prima
488 1333 665 1383 dignitas
691 1334 938 1378 Stilichonis
955 1340 1012 1374 est
1034 1337 1167 1375 electio
1189 1337 1281 1388 ejus
1298 1336 1350 1376 ad
1372 1336 1580 1388 regendos
1597 1346 1829 1386 equos,quos
1844 1345 1966 1386 equae

919 1440 1212 1455 “OOOOO‘ffOO‘

150 1504 472 1597 'iiiii‘i'iiexar'
494 1506 580 1598 Ῑῐέϊ
608 1505 987 1611 zssaatvlzz¹r⁸³
1000 1509 1298 1612 litarat-²5,
1316 1508 1481 1602 3333}
1527 1503 1976 1609 'igss‘ssimii‘ssndssl’ifi‘ii

154 1611 253 1650 Vat.
274 1623 358 1651 see.
394 1613 568 1662 patrium
587 1624 720 1651 curam
742 1611 886 1653 Ambr.
908 1618 1009 1654 tert.
1056 1615 1319 1655 Tlierimantia
1352 1616 1470 1654 Rott.
1521 1613 1774 1653 Theamancia
1805 1610 1971 1650 Buslid.

155 1667 280 1703 tecum
302 1666 367 1703 vel
385 1677 515 1703 curam
538 1666 603 1703 vel
621 1666 767 1705 circum
788 1666 854 1706 vel
871 1679 1026 1706 currum
1048 1669 1112 1707 vel
1132 1672 1307 1707 teucrum
1324 1668 1483 1708 Moret.
1505 1669 1704 1718 pre—187
1740 1663 1853 1712 facta
1871 1664 1974 1701 Vat.

153 1728 219 1768 pr.
239 1717 321 1757 inc.
337 1718 486 1757 Heins.
514 1718 662 1758 Petav.
690 1730 754 1769 pr.
774 1720 940 1759 Bonon.
956 1721 1039 1760 duo
1058 1719 1207 1762 Ambr.
1228 1721 1334 1760 Exc.
1356 1721 1454 1760 Pat.
1475 1731 1563 1759 rec.
1582 1718 1651 1757 ed.
1670 1719 1814 1757 Parm.
1855 1719 1975 1767 pacta

156 1769 401 1821 conjecerat
426 1771 715 1811 Heins.—-188
742 1772 823 1811 sais
853 1774 955 1813 Vat.
976 1785 1063 1813 sec.
1109 1774 1187 1813 alio
1206 1778 1245 1814 te
1273 1774 1416 1813 Oxon.
1447 1785 1532 1812 sec.
1578 1773 1733 1811 numine
1749 1770 1832 1809 duo
1850 1768 1974 1808 Vatt.

158 1822 253 1862 Pal.
292 1824 414 1863 Rott.
450 1824 579 1864 Oisel.
619 1837 774 1864 munere
792 1826 892 1865 Vat.
928 1831 1028 1866 tert.
1059 1827 1249 1866 Florent.
1285 1827 1402 1866 Med.
1421 1838 1505 1865 see.
1538 1826 1701 1864 Bonon.
1730 1822 1878 1863 Ambr.
1910 1833 1976 1873 pr.

158 1876 302 1915 lumine
337 1878 435 1916 Vat.
466 1878 602 1916 Livin.
642 1879 770 1917 vivere
799 1879 900 1918 Vat.
935 1886 1075 1931 quart.
1112 1879 1413 1919 Bastia-189
1441 1890 1679 1928 magnusque
1715 1877 1858 1916 oxon.
1890 1886 1977 1914 sec.

155 1929 292 1968 coloris
322 1941 398 1980 pro
427 1930 577 1969 coronis
604 1931 710 1969 Exn.
733 1932 828 1970 Pat.
857 1944 940 1973 rec.
967 1933 1116 1971 choreis
1135 1939 1219 1972 vet.
1249 1933 1489 1984 Gya-190
1515 1932 1567 1970 sit
1588 1942 1666 1981 pro
1682 1929 1740 1982 fit
1760 1930 1842 1967 duo
1857 1926 1977 1967 Med.

158 1993 252 2020 cara
283 1983 365 2022 duo
386 1984 507 2022 Vatt.
542 1984 674 2023 Oisel.
730 1997 864 2023 caussa
883 1985 967 2024 duo
995 1987 1112 2024 Vatt.
1144 1987 1258 2025 Rott.
1291 1988 1375 2024 inc.
1397 1984 1545 2023 Heins.
1578 1984 1681 2022 Put.
1714 1981 1797 2021 duo
1825 1981 1978 2020 Petav.

159 2035 323 2074 Bonon.
341 2037 424 2074 dun
443 2035 589 2075 Ambr.
616 2036 722 2076 Cod.
741 2038 890 2088 Epigr.
918 2037 1063 2078 Ambr.
1084 2038 1183 2077 Vat.
1203 2039 1338 2078 Livin.
1358 2038 1465 2076 Exc.
1490 2037 1591 2076 Pat.
1610 2048 1697 2075 rec.
1718 2036 1897 2074 anens.
1910 2043 1978 2083 pr.

160 2086 313 2128 Sched.
333 2088 448 2128 Gud.
466 2087 569 2128 Var.
609 2090 695 2128 LL.
727 2091 796 2129 ed.
819 2090 950 2130 Antv.
986 2091 1190 2130 Heinsius
1210 2091 1307 2130 huic
1325 2090 1466 2129 versui
1498 2089 1747 2128 asteriscum
1766 2084 1981 2138 apposuit.

161 2141 324 2182 dilectus
354 2142 540 2182 Florent.
578 2147 666 2182 tres
683 2142 806 2183 Med.
841 2143 924 2184 inc.
944 2143 1094 2184 Heius.
1124 2144 1229 2186 Put.
1262 2143 1347 2184 duo
1370 2143 1524 2184 Petav.
1542 2143 1709 2183 Bonon.
1729 2140 1813 2180 duo
1832 2137 1980 2179 Ambr.

980 2277 1155 2317 No'rAE

218 2374 296 2412 183
326 2363 536 2421 Rostrata]
596 2370 767 2410 Corona
782 2344 786 2349 ¹
801 2369 961 2409 navalis
998 2369 1041 2408 in
1111 2370 1192 2409 cho
1210 2380 1334 2409 verus
1354 2368 1548 2420 clypeus,
1578 2366 1672 2418 ipsa
1690 2363 1887 2405 accendit
1905 2368 1982 2404 tae-

164 2433 292 2474 rostri
311 2433 500 2483 speciem
518 2444 572 2471 ex
588 2444 690 2471 auro
708 2430 839 2471 facta.
1108 2432 1184 2471 das
1206 2438 1298 2471 tuas
1316 2431 1546 2482 nuptiales,
1561 2430 1641 2469 alio
1658 2428 1818 2476 lumine,
1836 2426 1879 2466 id
1899 2432 1984 2476 est,

218 2499 297 2536 184
328 2493 460 2544 Solus]
516 2494 711 2544 Poetice,
743 2507 838 2533 nam
878 2501 924 2534 et
970 2495 1040 2534 alii
1108 2498 1207 2550 igne
1227 2496 1542 2549 praestantiore,
1561 2492 1766 2532 feliciore.
1807 2489 1983 2530 Salusin

166 2564 266 2598 sunt
286 2558 356 2609 qui
390 2557 445 2596 ob
476 2556 679 2596 virtutem
712 2557 909 2596 bellicam
945 2569 1039 2596 cum
1108 2560 1295 2611 speciem
1316 2557 1506 2597 mulieris
1526 2555 1803 2608 pingebatur,
1837 2558 1883 2593 et
1901 2563 1980 2605 pro

164 2620 505 2673 Imperatoribus
523 2625 597 2659 aut
616 2621 803 2671 Regibus
831 2619 1041 2661 affinitate
1107 2626 1207 2665 Dea
1223 2623 1479 2663 habebatur.

166 2684 386 2736 conjuncti
409 2689 532 2731 sunt;
562 2695 615 2723 ne
637 2684 792 2723 multos
815 2684 1043 2735 proferam,
1166 2685 1347 2736 Coronis]
1407 2685 1569 2734 Magna»
1614 2693 1778 2729 coronoe,
1813 2678 1856 2718 id
1903 2673 1984 2727 est,

171 2748 361 2800 Agrippa
400 2747 454 2788 ab
488 2746 685 2799 Augusto
714 2749 884 2788 Caesare
912 2759 1045 2798 gener
1110 2762 1276 2802 magnae
1291 2753 1530 2801 potestates
1549 2756 1746 2785 coronam
1765 2746 1987 2794 gestantes

169 2812 334 2851 electus
352 2816 432 2850 est.
1113 2817 1264 2852 curant
1282 2811 1525 2861 conjugium
1543 2814 1686 2847 tuum:
1715 2806 1756 2844 in
1776 2815 1900 2844 versu
1924 2813 1990 2842 se-

222 2873 407 2923 Jugalem
427 2871 623 2923 coronam]
654 2871 708 2911 Id
734 2876 819 2921 est,
848 2884 1048 2913 coronam
1115 2876 1263 2930 quenti
1285 2876 1356 2915 alii
1375 2877 1538 2926 legunt,
1564 2884 1648 2912 non
1666 2882 1776 2920 cara,
1805 2867 1880 2908 sed
1899 2878 1991 2906 cau-

171 2947 248 2975 seu
266 2933 486 2986 praemium
518 2934 743 2985 conjugale
780 2935 940 2974 virtute
972 2947 1050 2975 sua
1113 2955 1171 2994 aa,
1188 2941 1231 2981 id
1253 2946 1336 2989 est,
1364 2938 1606 2989 conjugium
1629 2944 1746 2975 tuum
1765 2937 1830 2973 est
1862 2942 1992 2971 causa

171 2996 338 3047 retulit,
368 2994 467 3034 dum
492 2995 697 3035 Serenam
721 2995 842 3035 duxit
862 3008 1053 3048 uxorem,
1116 3015 1364 3056 magnarum
1379 3005 1994 3048 coronariun,seumagnarum

173 3059 246 3111 qui
275 3059 409 3097 honos
440 3059 631 3097 cumulus
668 3063 733 3098 est
764 3058 948 3099 omnium
967 3060 1054 3099 lau·
1121 3067 1375 3119 dignitatum
1389 3061 1648 3103 Stilichonis.

174 3121 276 3161 dum
295 3125 342 3161 et
360 3131 629 3161 00Y⁰¹¹⁸r¹¹¹¹h
1175 3133 1254 3169 190
1283 3129 1468 3168 Deiectus
1486 3122 1684 3176 equorum]
1730 3120 1899 3160 Primus
1915 3117 1991 3157 ho·

176 3199 180 3202 ”
226 3189 306 3226 1⁸5
353 3184 624 3236 Thermantia]
687 3184 852 3236 Nupsit
897 3185 1054 3226 Balha-
1121 3204 1198 3233 nos
1217 3189 1459 3231 Stilichonis
1478 3186 1561 3227 fuit
1590 3197 1692 3226 cura
1721 3179 1875 3223 stabuli
1907 3178 1992 3218 Im-

176 3248 298 3287 nnrio
330 3247 477 3300 Libyae
515 3245 754 3298 Praefecto,
785 3252 831 3287 et
873 3249 1053 3289 militum
1122 3254 1352 3307 peratorii:
1384 3250 1597 3291 secundus
1616 3243 1888 3287 Praefectura
1918 3251 1994 3311 pe-

177 3308 404 3359 Μῧέἷθῑῐθ·
1121 3317 1272 3358 ditum.
1327 3315 1452 3355 Unde
1488 3313 1647 3352 dicitur
1677 3307 1894 3356 utriusque
1919 3314 1994 3342 mi-

233 3374 312 3411 189
339 3369 474 3422 Salus]
508 3371 647 3430 Salus,
679 3373 800 3425 cujus
834 3378 901 3414 est
933 3374 1051 3415 Stili·
1117 3379 1225 3423 litiae
1263 3377 1522 3427 Praefectns,
1561 3371 1748 3423 Equitum
1782 3365 1985 3408 Peditum-
