2300 3906
611 189 673 227 IN
718 189 759 228 1.
800 188 972 228 coNs.
1011 187 1282 228 S'rlmcH.
1323 189 1444 229 1013.
1484 190 1550 228 11.
1882 185 1991 238 619

174 303 242 355 In
265 304 526 372 scopulos
549 307 604 355 et
627 309 868 356 monstra
892 308 1078 370 mariS,
1117 310 1398 375 nostrique
1422 306 1634 360 cruoris

174 387 403 450 ParcuS,
426 389 481 438 in
509 387 712 439 OEtaeis
732 395 954 441 exercet
977 392 1203 444 fulmina
1230 395 1422 460 sylvis.

173 468 326 522 Huic
352 471 518 522 Divae
547 486 801 536 germana
829 473 1014 537 Fides,
1055 477 1361 543 eademque
1387 478 1562 530 sorori
1916 478 1988 531 30

171 553 352 606 Corde
378 561 474 605 tuo
502 554 729 607 delubra
757 562 969 621 tenenS,
1010 576 1133 615 sese
1161 563 1416 612 omnibus
1443 563 1584 613 actis

170 636 391 689 Inserit.
467 637 615 690 Haec
641 640 789 690 nullo
815 641 1015 694 docuit‘
1030 644 1298 695 livescere
1325 644 1487 709 fuco;

167 720 464 787 Nunquam
491 721 635 773 falsa
660 722 832 789 loqui,
872 740 1154 794 nunquam
1181 729 1459 793 promissa
1485 729 1704 793 morari,

167 805 387 857 Invisos
410 805 595 856 odisse
619 809 805 874 palam
827 826 841 873 ;
880 825 990 862 non
1009 812 1162 862 virus
1190 814 1245 862 in
1271 812 1380 863 alto

166 888 430 952 Condere,
470 907 581 942 non
604 893 787 944 laetam
816 896 1059 960 speciem
1085 896 1417 962 praemittere
1442 896 1654 948 fraudi:
1916 897 1989 951 35

164 973 278 1025 Sed
303 979 504 1026 certum
528 977 803 1045 mentique
830 994 1019 1045 parem
1045 995 1376 1047 componere
1398 981 1629 1033 vultum.

162 1126 267 1165 latur
299 1127 377 1165 tela
411 1128 619 1179 Cyclopum
651 1127 693 1166 in
723 1140 838 1178 rupes
855 1132 893 1167 et
909 1133 1090 1179 portenta
1108 1131 1242 1180 maris,
1261 1134 1299 1168 et
1325 1143 1486 1180 parcens
1503 1131 1687 1180 sanguini
1705 1134 1852 1179 nostro,
1871 1142 1987 1183 expe-

159 1179 269 1218 ritur
285 1180 460 1219 tonitrua
476 1193 550 1220 sua
569 1181 611 1220 in
628 1182 747 1232 sylvis
769 1183 926 1221 OEtoeis.
986 1182 1104 1221 Fides
1121 1190 1186 1222 est
1200 1195 1309 1221 soror
1323 1183 1413 1222 huic
1433 1185 1530 1223 Deae
1547 1185 1812 1233 Clementiae,
1827 1188 1865 1223 et
1879 1196 1987 1223 occu·

157 1244 256 1284 pam
271 1236 402 1272 eadem
421 1235 563 1286 templu
582 1246 678 1274 cum
695 1247 824 1274 sorore
855 1236 895 1273 in
925 1240 1050 1274 mente
1078 1240 1163 1282 tua,
1194 1236 1326 1275 miscet
1361 1249 1401 1275 se
1437 1237 1612 1276 omnibus
1643 1236 1856 1276 actionibus
1884 1238 1984 1276 tuis.

162 1286 264 1325 Hoec
281 1288 412 1326 docuit
424 1292 463 1326 te
478 1289 584 1328 nulla
601 1288 811 1327 decolorari
826 1288 1087 1339 simulatione,
1098 1301 1291 1340 nunquam
1308 1289 1605 1340 diceresalsum,
1619 1302 1812 1340 nunquam
1823 1288 1988 1340 differre

155 1339 330 1389 pollicita
344 1355 361 1388 ;
386 1341 570 1381 insectari
587 1346 721 1393 aperte
737 1342 943 1388 inimcos,-
968 1354 1044 1381 non
1079 1343 1270 1382 occultare
1299 1353 1483 1382 venenum
1512 1343 1556 1382 in
1585 1348 1762 1394 pectore
1776 1341 1986 1393 profunda,

159 1405 232 1433 mm
250 1397 383 1445 tegere
399 1396 527 1435 dolum
540 1395 667 1448 specie
685 1395 820 1447 hilari,
836 1396 903 1435 sed
920 1397 1116 1435 ostendere
1121 1395 1272 1443 faciem
1286 1396 1476 1436 sinceram
1495 1400 1532 1436 et
1550 1396 1716 1436 similem
1734 1395 1854 1436 menti
1867 1410 1880 1435 .-
1897 1407 1987 1447 pro-

935 1540 1178 1556 O‘N‘OOO‘O
1184 1541 1231 1556 ‘O

160 1660 183 1688 e
203 1660 339 1701 marg.
358 1650 500 1690 Parm.
529 1650 672 1702 ἁφή
688 1652 788 1692 Put.
818 1650 946 1700 defert
962 1652 1064 1691 Vat.
1085 1663 1168 1691 see.
1187 1651 1285 1691 Pal.
1303 1651 1423 1690 Med.
1454 1663 1517 1702 pr.
1533 1651 1657 1690 Voss.
1677 1663 1731 1691 m.
1752 1662 1818 1701 pr.
1840 1649 1982 1690 Oxon.

161 1714 247 1742 sec.
279 1702 427 1743 A'mbr.
447 1709 548 1744 tert.
568 1704 732 1744 Thuan.
753 1705 907 1744 Petav.
928 1717 994 1756 pr.
1029 1704 1098 1743 ed.
1129 1705 1272 1743 Parm.
1294 1711 1340 1744 et
1365 1705 1508 1744 Vicet.
1529 1706 1637 1744 Exc.
1657 1704 1834 1743 Gevart.
1860 1702 1987 1749 defert

160 1757 226 1795 vel
245 1756 383 1808 differt
402 1758 502 1796 Vat.
522 1763 662 1809 quart.
690 1762 910 1809 montesque
927 1758 1049 1797 maris
1065 1758 1226 1797 Moret.
1247 1762 1443 1797 sec.-—28
1471 1758 1640 1808 merique
1658 1758 1808 1796 cruoris
1819 1757 1981 1796 Thuan.

156 1813 265 1849 —29
283 1811 435 1849 Parcus
452 1813 491 1849 et
502 1811 529 1851 J
535 1823 603 1850 un.
619 1823 682 1861 pr.
714 1811 861 1850 OEtaeis
876 1811 942 1850 vel
963 1810 1158 1850 AEthnaeis
1174 1811 1287 1850 Prie.
1306 1811 1496 1850 Florent.
1525 1810 1713 1861 cethea-iis,
1727 1811 1794 1848 vel
1813 1809 1986 1849 OEthaeis

157 1863 225 1902 vel
264 1862 444 1902 Athnaeis
461 1864 563 1903 Vat.
585 1869 684 1903 tert.
727 1864 887 1915 Spicula
901 1863 1051 1903 Ambr.
1074 1876 1137 1914 pr.
1166 1865 1340 1916 flumina
1360 1865 1549 1903 Florent.
1568 1864 1686 1904 Med.
1706 1876 1772 1914 pr.
1791 1875 1847 1902 m.
1862 1874 1984 1914 pr.—

152 1919 209 1955 30
238 1915 350 1955 Hinc
382 1921 470 1955 tres
508 1917 627 1955 Med.
659 1917 726 1956 ed.
746 1918 888 1957 Vicet.
924 1918 1029 1956 Exc.
1068 1916 1174 1956 Cod.
1196 1918 1344 1956 Rheni.
1376 1917 1486 1956 Huic
1504 1917 1570 1955 vel
1600 1917 1709 1955 Hinc
1726 1918 1830 1955 Var.
1848 1916 1934 1954 LL.
1957 1925 1982 1954 e

157 1981 290 2022 marg.
311 1969 454 2009 Parm.
481 1970 604 2009 soron·
622 1970 725 2010 Vat.
761 1977 859 2009 tert.
894 1971 1010 2013 Prie.
1031 1970 1166 2009 Oisel.
1196 1971 1383 2009 Florent.
1415 1982 1470 2008 m.
1500 1982 1567 2020 pr.
1600 1969 1717 2008 Med.
1750 1974 1851 2007 tert.
1871 1967 1982 2017 Reg.

158 2024 262 2063 Lov.
284 2035 338 2062 m.
358 2035 441 2063 sec.
462 2023 571 2063 Exc.
589 2023 695 2063 Cod.
718 2024 866 2063 Rhem.
893 2023 1038 2063 sororis
1057 2023 1181 2063 Leid.
1201 2035 1291 2062 see.
1311 2030 1355 2062 et
1374 2030 1473 2062 octo
1497 2022 1584 2062 alii.
1612 2022 1735 2060 sorori
1754 2022 1821 2060 vel
1839 2020 1984 2059 sororis

158 2076 299 2117 Oxou.
317 2080 489 2128 pre—31
519 2081 625 2116 tenet
644 2078 749 2117 Exc.
774 2079 955 2118 Lucens.
972 2079 1165 2116 secr—32
1194 2077 1324 2116 Insuit
1350 2076 1453 2117 Jun.
1470 2087 1537 2127 pr.
1558 2088 1615 2115 m.
1637 2087 1701 2126 pr.
1738 2074 1869 2123 Infert
1887 2073 1982 2115 Mo-

157 2136 241 2170 ret.
261 2142 324 2181 pr.
365 2130 516 2180 Ingerit
548 2132 719 2180 legebat
754 2131 903 2170 Heius.
938 2130 1067 2169 docuit
1085 2131 1189 2169 nullo
1210 2131 1397 2169 Florent.
1435 2129 1553 2169 Med.
1587 2140 1654 2179 pr.
1689 2129 1795 2180 Reg.
1817 2127 1985 2166 Thuan.

159 2183 321 2223 Mazar.
341 2184 442 2225 Jun.
464 2197 528 2234 pr.
547 2184 630 2223 duo
651 2185 793 2225 Oxou.
821 2184 1002 2224 livescere
1021 2183 1121 2223 Vat.
1154 2195 1220 2234 pr.
1250 2184 1347 2223 Pal.
1368 2183 1484 2222 Prie.
1505 2182 1638 2222 Oisel.
1679 2183 1865 2222 lucescere
1883 2181 1982 2220 Vat.

155 2244 292 2288 quart.
332 2250 442 2276 succo
472 2238 599 2276 Farn.
630 2239 749 2278 Rott.
783 2237 903 2278 Med.
933 2243 1036 2278 tert.
1065 2243 1111 2276 et
1142 2242 1280 2289 quart.
1314 2238 1417 2277 Put.
1454 2235 1603 2276 Ambr.
1632 2247 1696 2286 pr.
1718 2236 1874 2275 PetaV.
1893 2245 1980 2274 sec.

146 2289 262 2338 fusco
282 2292 398 2331 Med.
419 2303 505 2331 sec.
527 2291 680 2331 Petav.
700 2297 799 2331 tert.
817 2292 991 2331 Tholos.
1009 2290 1124 2339 ferro
1146 2290 1295 2331 Ambr.
1322 2302 1409 2330 sec.
1429 2303 1483 2330 m.
1512 2302 1578 2340 pr.
1598 2288 1690 2336 fato
1709 2289 1870 2327 Moret.
1892 2298 1979 2326 sec.

145 2343 241 2392 fuco
262 2346 325 2384 vel
337 2344 430 2392 falc
450 2346 661 2385 Low—35
690 2347 812 2385 altam
834 2345 1080 2384 Ambr-sec.
1100 2345 1223 2383 Voss.
1243 2349 1289 2383 et
1308 2344 1412 2383 Lov.
1431 2355 1488 2382 m.
1510 2355 1575 2392 pr.
1594 2341 1713 2381 Leid.
1731 2354 1818 2381 sec.
1838 2352 1894 2379 m.
1913 2351 1980 2391 pr.

156 2398 258 2438 Var.
277 2399 362 2438 LL.
383 2398 452 2438 ed.
472 2397 603 2438 Antv.
640 2400 760 2438 aliam
793 2398 1055 2450 conjiciebat
1074 2397 1226 2436 Heins.
1269 2397 1508 2447 praetendere
1522 2396 1648 2434 Farn·
1668 2399 1754 2433 vet.
1775 2393 1883 2444 Gyr.
1909 2392 1981 2432 ed.

155 2450 302 2490 Parm.
321 2458 366 2490 et
379 2452 522 2491 Vicet.
545 2452 775 2502 promittere
787 2452 814 2492 J
821 2464 890 2491 un.
910 2463 976 2501 pr.
994 2450 1079 2489 duo
1093 2450 1213 2489 Med.
1232 2449 1408 2488 Tholos.
1429 2448 1580 2488 Ambr.
1599 2452 1700 2485 tert.
1714 2447 1814 2486 Vat.
1841 2445 1980 2486 Livin-

153 2503 396 2543 committere
414 2506 532 2544 Rott.
565 2506 649 2543 inc.
672 2505 823 2544 Heius.
857 2505 1099 2554 proemittere
1128 2502 1213 2542 duo
1244 2502 1394 2541 Leidd.
1431 2507 1474 2540 et
1507 2501 1579 2539 alii
1608 2512 1762 2551 magno
1788 2510 1980 2547 numero,

155 2556 259 2597 Exc.
278 2557 445 2597 Schott.
479 2558 659 2597 Gevart.
696 2559 877 2597 Lucens.
913 2568 1002 2596 sec.
1036 2555 1136 2595 Ald.
1155 2556 1258 2595 Var.
1292 2555 1379 2594 LL.
1411 2566 1435 2593 e
1467 2565 1597 2605 marg.
1614 2553 1760 2592 Parm.
1781 2553 1886 2592 item
1906 2550 1976 2591 ed.

975 2688 1152 2730 NOTAE

204 2795 259 2831 29
289 2792 453 2844 OEtaeis]
508 2791 612 2833 OEta
630 2803 748 2830 mons
771 2796 836 2830 est
854 2790 1031 2830 Thessa·
1096 2786 1312 2827 nuntiavit
1331 2785 1558 2826 amicitiam
1579 2782 1753 2824 Pisoni!
1786 2783 1976 2824 Tacitus.

152 2855 218 2896 liae
251 2857 294 2895 in
329 2855 530 2896 Graecia:
563 2855 735 2907 ponitur
771 2866 849 2906 pro
883 2852 1030 2906 quovis
1157 2849 1292 2900 Virus]
1328 2848 1541 2889 Fraudem
1562 2848 1747 2901 aliquam
1767 2848 1978 2899 pernicio-

153 2924 312 2958 monte.
932 2961 934 2963 ,
1096 2926 1203 2963 sam,
1222 2911 1486 2964 pestiferam.

203 2984 256 3021 32
283 2981 507 3033 Livescere]
562 2981 690 3021 Fides
724 2980 836 3020 enim
871 2978 1030 3019 dicitur
1149 2982 1200 3018 35
1248 2974 1445 3028 Speciem]
1511 2975 1610 3014 Non
1646 2978 1797 3026 tegere
1834 2973 1976 3014 dolum

150 3056 273 3094 cana,
293 3051 339 3085 et
356 3051 495 3086 vestes
516 3045 609 3097 ejus
629 3044 739 3083 albae
756 3055 848 3082 esse
867 3042 1032 3095 fingun-
1096 3041 1279 3094 aliquem
1294 3039 1438 3092 specie
1457 3039 1558 3078 laeta
1592 3037 1848 3077 blandientis
1875 3038 1977 3078 ami-

151 3113 245 3150 tur:
274 3114 318 3147 at
351 3107 573 3148 sixaccedit
592 3106 871 3146 simulationis
890 3104 1027 3156 fucus,
1097 3105 1152 3145 ci.

150 3175 264 3223 tunc,
281 3171 433 3211 vitiato
462 3171 606 3210 nativo
625 3169 825 3220 candore,
845 3167 1027 3207 livescit.
1149 3171 1202 3207 36
1240 3166 1403 3206 Certum
1428 3164 1597 3215 vultum]
1653 3165 1748 3206 Quo
1783 3163 1890 3216 viso,
1921 3164 1975 3204 de

201 3237 254 3274 34
283 3235 420 3274 Odisse
442 3233 592 3286 palam]
647 3233 709 3273 Ut
738 3231 936 3272 solebant
956 3243 1026 3270 ve·
1095 3232 1189 3282 ipsa
1225 3234 1370 3271 mente
1406 3234 1552 3270 certus
1591 3234 1637 3270 et
1668 3239 1842 3270 securus
1879 3239 1974 3268 esse

148 3300 283 3346 teres,
315 3297 511 3342 amicitiis
545 3296 717 3348 publice
752 3293 1022 3334 renuntiatis.
1091 3293 1242 3347 possis.

146 3356 219 3398 Sic
257 3357 537 3400 Germanicus
574 3371 652 3412 per
686 3359 698 3381 ‘
721 3358 935 3411 Epistulas
957 3369 1022 3399 re·
