2300 3906
1098 459 1436 525 XXXIV·
1501 408 1503 410 Ι

816 787 989 872 CL.
1079 786 1717 864 CLAUDIANI

1223 959 1310 1001 DE

357 1034 949 1191 RAPTU'
1040 1094 2213 1206 PROSERPINAE

1066 1322 1342 1384 LIBER
1388 1324 1483 1384 ΙΙ.

974 1684 1553 1750 PRAEFATIO,

775 1809 901 1863 AD
977 1808 1747 1893 FLORENTINUM.

1042 1982 1485 2024 ARGUMENTUM.

395 2095 464 2134 U‘r
483 2093 684 2145 Orpheus
704 2091 820 2133 canit
835 2090 985 2131 laudes
1004 2090 1221 2140 Herculis,
1253 2090 1376 2142 cujus
1393 2089 1618 2130 Thraciam
1650 2089 1846 2141 pacantis
1866 2101 1948 2141 ope
1967 2089 2184 2142 interrup-

344 2167 432 2201 tam
451 2161 662 2199 Musicam
696 2157 943 2210 repetebat,
973 2158 1034 2197 sic
1067 2163 1114 2198 et
1134 2157 1394 2197 Claudianus
1426 2157 1574 2198 laudat
1604 2156 1918 2211 Florentinum,
1947 2156 2067 2209 cujus
2085 2158 2183 2216 hor-

343 2234 440 2268 tatu
455 2231 607 2267 cantus
627 2224 890 2265 intermissos
910 2223 1084 2277 repetit.

344 2409 532 2483 OTIA
561 2431 762 2499 sopitis
789 2435 976 2499 ageret
1002 2447 1128 2483 cum
1152 2430 1411 2483 cantibus
1438 2427 1711 2497 Orpheus,

418 2515 863 2585 Neglectumque
888 2516 984 2568 diu
1013 2517 1356 2585 seposuisset
1377 2515 1514 2568 ebur
1535 2530 1549 2581 ;

399 2651 501 2691 Cum
519 2651 697 2704 Orpheus
716 2652 939 2703 indulgeret
958 2651 1097 2705 quieti,
1116 2652 1259 2692 omissa
1278 2652 1440 2704 musica,
1455 2655 1494 2692 et
1511 2649 1731 2703 reliquisset
1749 2661 1842 2702 opus
1857 2650 2072 2702 neglectum
2089 2648 2156 2689 diu
2163 2659 2182 2696 ,⁸

1113 2757 1160 2773 θ’
1164 2756 1361 2773 ‘oenoe‘
1364 2757 1383 2771 O
1387 2757 1412 2772 ὁ

395 2825 598 2865 Exodium
617 2837 696 2878 pro
728 2825 925 2875 Praefatio
960 2826 1064 2867 Cod.
1086 2824 1323 2865 Bartholin.
1382 2822 1589 2863 Heinsius
1621 2822 1733 2863 hanc
1768 2820 2078 2862 Praefationem
2108 2819 2177 2861 hic

340 2878 479 2918 alieno
505 2880 603 2918 loco
633 2880 837 2919 insertam
866 2885 1008 2931 putat,
1043 2879 1157 2931 quod
1189 2879 1341 2930 glossae
1361 2877 1467 2928 Reg.
1498 2882 1545 2916 et
1572 2876 1715 2916 Oxon.
1749 2875 1932 2927 probare
1960 2874 2177 2915 videntur.

342 2931 544 2982 ascripsit
562 2944 664 2971 vero
683 2945 806 2985 seqq.
835 2933 847 2956 ‘
869 2933 1107 2973 Florentini
1137 2930 1347 2971 Praefecti
1372 2930 1589 2970 Praetorio
1610 2929 1689 2969 sub
1709 2928 1965 2977 Constantio
1983 2926 2180 2967 meminit

339 2983 553 3024 Ammian.
586 2985 680 3025 Lib.
712 2997 812 3026 xv1.
866 2987 1080 3026 Florentii
1111 2985 1313 3037 Magistri
1346 2983 1601 3025 Officiorum
1625 2984 1653 3024 l.
1675 2992 1756 3023 xx.
1791 2994 1836 3034 p.
1856 2984 1950 3022 168.
1971 2983 2062 3020 171.
2082 2982 2177 3020 184.

341 3040 436 3077 200.
449 3039 543 3077 370.
563 3036 648 3076 duo
667 3039 878 3078 Florentii
897 3052 938 3090 p.
954 3039 1067 3079 222?

401 3093 425 3130 1
455 3091 547 3130 dum
565 3101 645 3142 pro
664 3103 749 3132 cum
770 3091 928 3134 Petav.
949 3103 1015 3144 pr.
1036 3093 1160 3133 Voss.
1180 3094 1329 3145 pix—2
1355 3090 1592 3143 deposuisset
1614 3092 1798 3141 quatuor
1814 3086 1937 3128 Vatt.
1950 3091 1997 3127 et
2017 3085 2059 3127 d.
2077 3085 2177 3128 Pal.

1177 3212 1354 3256 NOTAE

391 3291 460 3332 Aa
489 3291 782 3345 Florentinum]
827 3294 1102 3336 Florentinus
1131 3300 1228 3336 erat
1293 3304 1401 3346 opus
1420 3289 1708 3332 intermissum
1726 3290 1979 3340 persecutus
1997 3290 2081 3328 est.

340 3354 575 3407 praefectus
594 3356 727 3408 urbis,
757 3356 859 3398 belli
885 3358 1091 3412 pacisque
1123 3359 1226 3399 arti·
1347 3358 1370 3395 1
1403 3354 1501 3394 Otia
1516 3350 1672 3403 ageret]
1698 3350 1753 3391 Id
1772 3355 1855 3399 est,
1882 3354 2090 3399 cessaret,
2108 3360 2176 3390 re-

342 3419 424 3461 bus
443 3419 615 3474 nobilis,
632 3420 756 3473 cujus
774 3420 950 3463 hortatu
963 3421 1223 3464 Claudianus
1292 3418 1549 3473 quiesceret,
1595 3415 1754 3458 omisso
1796 3413 1979 3457 canendi
2013 3412 2172 3456 studio.
