2300 3906
347 166 455 221 952
884 182 978 222 cr..
1025 179 1375 219 anumAm
1423 181 1635 222 xxxv.

347 297 632 366 Quicquid
659 299 730 350 ab
755 298 1017 348 extremis
1037 295 1157 347 ales
1178 295 1434 363 longaeva
1458 297 1676 351 Sabaeis

344 381 588 447 Colligit,
614 387 809 448 optato
834 382 1087 446 repetens
1111 379 1342 431 exordia
1364 381 1551 446 bust0,

342 465 410 518 In
434 482 602 519 venas
630 466 881 530 disperge
905 479 1081 527 meaS,
1108 468 1162 515 et
1184 464 1404 515 flamine
1426 465 1576 533 largo

345 550 502 602 Rura
525 549 650 599 fove
671 564 683 599 :
722 564 935 599 merear
959 548 1147 600 divino
1171 549 1374 615 pollice
1400 552 1576 617 carpi,

342 632 419 684 Et
442 631 645 683 nostris
671 631 893 698 cupiant
916 632 1095 684 ornari
1120 633 1342 684 numina
1367 635 1551 686 sertis,

342 715 595 767 Dixerat.
671 714 773 767 Ille
797 732 944 768 novo
967 717 1321 769 madidantes
1344 724 1563 771 nectare
1587 735 1798 788 pennas

339 797 619 863 -Concutit,
648 803 702 851 et
727 800 915 866 glebas
940 801 1199 854 foecundo
1224 818 1347 854 rore
1371 805 1617 857 maritat:

336 965 381 1003 id
410 976 534 1013 omne,
554 966 654 1015 quod
667 967 752 1006 avis
775 978 918 1006 annosa
941 968 1069 1019 carpit
1082 981 1107 1007 a
1122 967 1274 1008 Saboeie
1287 970 1460 1020 remotis,
1472 969 1624 1009 rediens
1641 969 1693 1009 ad
1712 970 1814 1009 vitae
1827 969 2061 1021 primordia,
2079 981 2175 1019 rogo

335 1021 452 1066 grato
467 1030 482 1062 ,·
502 1029 643 1068 sparge
653 1019 695 1058 in
711 1032 826 1059 venas
843 1033 964 1071 meas,
979 1026 1018 1060 et
1028 1022 1174 1073 spiritu
1192 1023 1340 1073 copioso
1350 1035 1481 1062 recrea
1499 1035 1631 1074 agros,
1648 1029 1695 1063 ut
1712 1036 1861 1063 merear
1881 1023 2016 1074 colligi
2033 1023 2176 1074 digitis

336 1070 497 1118 divinis,
515 1075 555 1109 et
574 1071 677 1117 Dece
695 1073 911 1112 desiderent
944 1075 1119 1114 decorari
1138 1076 1311 1128 floribus
1340 1077 1496 1116 nostris.
1549 1077 1709 1116 Henna
1739 1077 1800 1116 sic
1831 1078 1959 1116 locuta
1990 1081 2075 1116 erat
2088 1090 2101 1115 .·
2129 1081 2176 1115 at

333 1122 402 1162 ille
435 1123 659 1176 Zephyrus
689 1127 820 1176 agitat
847 1128 929 1166 alas
946 1139 1101 1180 sparsas
1129 1133 1300 1182 nectare,
1325 1133 1363 1169 et
1382 1131 1505 1182 replet
1532 1129 1689 1170 humum
1706 1130 1864 1170 humore
1884 1129 2066 1178 foecundo
2080 1142 2093 1169 .·
2120 1133 2175 1180 et,

1108 1243 1405 1260 θθθθθθθθθθθ

334 1307 435 1347 Vat.
455 1307 698 1359 quint.——83
727 1308 775 1347 ab
802 1308 990 1347 extremis
1022 1307 1165 1348 Oxon.
1185 1319 1275 1347 sec.
1295 1307 1378 1348 duo
1396 1308 1500 1349 Jun.
1521 1307 1604 1349 duo
1621 1309 1745 1348 Voss.
1762 1310 1865 1350 Var.
1883 1310 1967 1348 LL.
1989 1321 2013 1348 e
2033 1320 2168 1360 marg.

334 1360 482 1400 Parm.
511 1361 671 1400 oeternis
686 1360 836 1401 Ambr.
854 1367 953 1400 tert.
981 1361 1172 1400 hesternis
1186 1361 1372 1403 chartac.
1395 1362 1546 1400 Heius.
1575 1363 1752 1401 externis
1765 1362 1887 1401 Leid.
1908 1362 2006 1402 edd.
2026 1363 2174 1402 Vicet.

334 1415 477 1453 Parm.
497 1414 524 1454 J
530 1419 617 1454 unt.
644 1414 800 1464 Isingr.
830 1414 995 1465 Gryph.
1019 1414 1156 1453 Colin.
1202 1414 1345 1452 colonis
1363 1426 1442 1465 pro
1463 1414 1614 1453 Sabaeis
1632 1426 1776 1453 omnes
1795 1415 1917 1454 Vatt.
1949 1415 2046 1454 Pal.
2068 1414 2176 1455 Cod.

334 1467 679 1514 Bartholin.—84
711 1467 883 1516 Colligat
903 1467 1004 1505 vat.
1034 1472 1138 1505 tert.
1185 1468 1317 1515 optato
1350 1470 1529 1516 repetens
1552 1466 1772 1515 primordia
1802 1468 1915 1505 saeclo
1945 1468 2048 1508 Jun.
2084 1479 2173 1508 sec.

331 1520 462 1570 optati
481 1519 653 1567 referens
670 1531 731 1557 ex.
750 1521 854 1557 soecli
873 1520 972 1558 Vat.
1009 1530 1075 1568 pr.
1104 1516 1345 1556 Bartholin.
1389 1521 1523 1568 optato
1554 1522 1732 1569 repetens
1758 1531 1823 1558 ex.
1855 1519 1968 1558 saeclo
1987 1520 2176 1561 Flore-nt.

332 1574 419 1612 duo
452 1571 570 1612 Med.
608 1571 757 1609 Heins.
793 1571 852 1610 H.
883 1575 928 1609 et
954 1570 1036 1609 inc.
1068 1569 1200 1620 ejusd.
1232 1568 1334 1608 Put.
1369 1571 1476 1621 Reg.
1510 1570 1596 1610 duo
1624 1570 2089 1613 Petav.Th010s.Jun.
2108 1585 2175 1624 pr.

329 1626 454 1664 Voss.
475 1635 539 1673 pr.
571 1623 655 1662 duo
686 1623 828 1663 Oxon.
857 1623 966 1662 Exc.
996 1622 1150 1662 PetaV.
1184 1627 1324 1674 quart.
1368 1623 1495 1674 optati
1527 1623 1596 1663 ed.
1614 1623 1761 1666 vicet.
1805 1629 1937 1676 optato
1954 1627 2067 1666 saeclo
2087 1626 2173 1666 duo

330 1678 451 1717 Vatt.
469 1676 562 1715 Pal.
583 1676 751 1716 Bonon.
769 1676 862 1724 fato
880 1676 983 1714 Vat.
1006 1687 1092 1715 sec.
1117 1679 1237 1726 partu
1251 1675 1352 1715 Vat.
1374 1675 1415 1715 d.
1437 1677 1626 1717 Florent.
1647 1689 1701 1718 m.
1723 1690 1790 1730 pr.
1805 1679 1959 1718 Petav.
1981 1692 2044 1730 pr.
2071 1681 2172 1719 seclo

332 1731 401 1768 vel
424 1730 518 1776 fato
538 1730 663 1769 Voss.
684 1741 770 1768 sec.
811 1729 939 1780 optati
961 1728 1067 1768 soecli
1085 1728 1156 1768 vel
1174 1732 1311 1767 exacto
1335 1730 1437 1768 seclo
1458 1730 1526 1769 vel
1545 1732 1638 1770 coeto
1659 1733 1870 1783 Reg.-—85
1901 1745 2069 1784 experge
2090 1733 2175 1773 Pe·

330 1788 417 1823 tav.
440 1795 506 1834 pr.
554 1781 710 1834 effitnde
729 1782 832 1823 Vat.
865 1781 1001 1833 quint.
1020 1782 1122 1823 Jun.
1143 1792 1208 1833 pr.
1240 1781 1410 1833 flumine
1436 1783 1537 1823 Vat.
1559 1783 1602 1822 d.
1624 1782 1719 1824 Pal.
1735 1785 1854 1825 Med.
1874 1798 1939 1837 pr.
1959 1786 2060 1826 Put.
2083 1792 2173 1826 tres

329 1837 490 1878 Petav.
505 1836 611 1887 Reg.
631 1849 686 1876 m.
718 1847 806 1876 sec.
843 1836 1007 1875 Bonon.
1031 1834 1206 1874 Tholos.
1228 1836 1387 1875 Moret.
1409 1848 1473 1887 pr.
1493 1849 1548 1876 m.
1567 1848 1630 1888 pr.
1648 1838 1750 1879 Jun.
1768 1850 1836 1890 pr.
1881 1842 2038 1880 nectare
2064 1851 2175 1879 sacro

329 1890 454 1930 Voss.
474 1901 560 1930 sec.
579 1888 747 1940 flamine
767 1889 834 1928 vel
842 1889 1011 1940 flumine
1029 1889 1129 1928 Vat.
1149 1894 1292 1940 quart.
1334 1893 1492 1929 nectare
1509 1891 1577 1929 vel
1584 1890 1753 1941 flumine
1772 1891 1913 1933 Oxou.
1932 1904 2019 1933 sec.
2063 1905 2175 1933 sacro

330 1944 429 1982 Vat.
462 1946 655 1984 sem—86
683 1947 723 1982 et
754 1955 906 1984 merear
931 1943 1033 1982 Vat.
1056 1953 1121 1993 pr.
1162 1946 1207 1983 ut
1225 1953 1375 1982 merear
1406 1943 1490 1982 duo
1521 1944 1646 1983 Vatt.
1675 1945 1782 1985 Cod.
1802 1945 2042 1986 Bartholin.
2064 1947 2174 1987 Exc.

330 1996 488 2036 PetaV.
509 2001 650 2048 quart.
694 2008 859 2044 merear,
877 1995 967 2035 sine
998 1995 1320 2047 conjunctione,
1350 1996 1542 2037 Florent.
1572 1997 1657 2037 duo
1677 1998 1796 2038 Med.
1817 1998 1970 2038 Heius.
1991 1999 2052 2040 H.
2070 1999 2173 2041 Put.

330 2050 437 2101 Reg.
470 2050 634 2089 Bonon.
663 2050 832 2089 Tholos.
861 2050 988 2093 Voss.
1019 2060 1083 2100 pr.
1115 2048 1200 2088 duo
1228 2049 1331 2090 Jun.
1348 2049 1433 2088 duo
1455 2049 1597 2090 Oxou.
1617 2056 1705 2090 tres
1722 2052 1986 2092 Petam—8⁷
2004 2051 2171 2100 foveant

328 2114 407 2154 pro
426 2104 584 2154 cupiant
604 2103 753 2143 Petav.
774 2105 948 2155 pr.—-88
976 2100 1216 2148 madefactas
1245 2103 1328 2142 duo
1347 2103 1468 2143 Vatt.
1502 2104 1610 2156 Reg.
1639 2104 1780 2146 Oxon.
1811 2117 1877 2157 pr.
1914 2109 2071 2157 pectore
2090 2117 2169 2159 pro

1161 2263 1340 2303 NOTAE

383 2357 434 2394 83
462 2353 556 2394 Ales
574 2355 767 2406 longaeva]
825 2355 1027 2407 Phoenix,
1054 2356 1128 2409 qui
1157 2356 1218 2396 vi-

327 2429 431 2457 vere
467 2417 624 2457 dicitur
657 2422 883 2458 sexcentos
916 2424 963 2458 et
994 2418 1219 2470 sexaginta

327 2491 460 2520 annos
478 2493 488 2520 :
519 2480 711 2521 nascitur
728 2481 844 2533 apud
859 2480 1043 2534 Arabes,
1061 2481 1216 2535 aquilae

324 2542 635 2594 magnitudine,
664 2544 843 2596 pulchro
871 2545 1029 2597 capite,
1061 2546 1216 2597 plumis

324 2606 371 2645 in
400 2618 556 2646 conum
587 2608 848 2659 extantibus,
867 2609 1057 2648 cristatis
1085 2607 1217 2649 fauci-

326 2669 421 2720 bus,
452 2670 560 2709 collo
590 2682 737 2720 aureo,
778 2677 926 2712 cetera
955 2683 1215 2724 purpureus,

324 2731 488 2785 absque
507 2733 658 2773 cauda.
715 2733 872 2775 Roseis
901 2734 1053 2786 pennis
1078 2727 1214 2776 coeruss

325 2794 418 2833 leus
436 2795 686 2836 inscribitur
705 2796 836 2837 nitor.
894 2797 1096 2838 Ceterum
1115 2797 1213 2839 vide

323 2856 486 2909 Idyllia
505 2859 558 2899 de
579 2859 800 2900 Plioenice.

377 2919 545 2973 Sabaeis]
590 2923 748 2974 Populi
780 2928 880 2963 sunt
910 2923 1103 2978 Arabiae,
1134 2924 1213 2966 ἀπὸ

322 2981 394 3040 φοῦ
411 2980 612 3034 σέβεσθαι,
629 2986 823 3037 venerari,
853 2986 950 3039 quia
969 2987 1094 3028 thura
1112 3000 1210 3042 sup-

322 3043 538 3096 peditant,
556 3046 708 3097 quibus
727 3049 872 3090 Deum
890 3061 1158 3092 veneramur.

378 3110 431 3147 84
462 3109 649 3162 Colligit]
697 3111 920 3164 Cinnama,
951 3119 1134 3166 costum,
1165 3120 1211 3156 et

322 3170 406 3212 alia
438 3171 732 3223 odoramenta,
761 3186 857 3226 quae
886 3186 1093 3216 concussu
1125 3179 1210 3219 ala-

323 3248 416 3277 rum
449 3235 657 3288 incendit,
686 3237 946 3292 bustumque
984 3254 1107 3283 suum
1144 3244 1207 3284 sic

323 3301 502 3353 excitat,
533 3313 588 3341 ex
617 3302 739 3355 cujus
767 3303 979 3345 cineribus
1012 3307 1206 3350 nascitur

322 3364 596 3418 vermiculus,
614 3374 711 3406 mox
730 3365 911 3408 Phoenix
927 3367 1115 3410 futurus.

1338 2359 1390 2397 85
1425 2355 1571 2407 Venas]
1603 2355 1728 2396 Utin
1746 2355 1902 2396 nostris
1922 2355 2173 2408 corporibus

1283 2431 1405 2466 yenae
1438 2425 1538 2459 sunt
1574 2428 1621 2460 et
1655 2419 1853 2470 arteriae3
1895 2431 2071 2471 quarum
2105 2419 2171 2459 hae

1283 2488 1384 2523 sunt
1393 2483 1584 2537 spiritus,
1596 2488 1642 2523 et
1652 2482 1832 2534 purioris
1844 2482 2076 2534 sanguinis,
2086 2481 2175 2532 illas

1283 2546 1498 2597 crassioris
1516 2547 1822 2598 receptacula3
1848 2546 1911 2586 ita
1929 2550 1975 2586 et
1992 2546 2036 2586 in
2055 2549 2171 2586 terra

1284 2614 1385 2649 sunt
1416 2607 1589 2661 quidam
1627 2613 1812 2660 meatus,
1843 2619 1922 2660 per
1958 2619 2065 2660 quos
2096 2611 2173 2651 aut

1284 2684 1410 2724 aqua,
1429 2675 1505 2711 aut
1519 2670 1695 2723 spiritus
1709 2671 1834 2711 rebus
1854 2670 2080 2722 gignendis
2097 2681 2172 2726 ap-

1284 2739 1352 2775 tus
1371 2734 1522 2774 currit.
2114 2783 2117 2785 ‚

1335 2797 1516 2838 Flumine
1552 2797 1681 2849 largo]
1724 2797 1852 2837 Flatu
1888 2794 2089 2836 foecundo
2125 2798 2172 2848 et

1282 2859 1421 2902 vitali.
2092 2867 2095 2870 ‘

1333 2927 1387 2964 88
1417 2924 1674 2965 Madidantes
1703 2922 1869 2976 pennas]
1913 2922 2067 2964 Ventis
2095 2921 2170 2964 tri.-

1278 2987 1470 3029 buuntur
1483 2989 1563 3029 alae
1578 3001 1591 3038 ;
1620 2988 1697 3028 sed
1709 2987 1908 3040 Zephyro
1921 2985 2078 3026 dantur
2089 2985 2168 3026 alae

1278 3056 1457 3092 nectare
1489 3051 1738 3100 madentes3
1767 3049 1881 3093 unde
1913 3048 2170 3100 intelligitur

1277 3131 1436 3160 arcana
1485 3119 1549 3166 vis
1570 3115 1800 3165 ubertatis,
1842 3125 1918 3153 seu
1965 3113 2169 3164 genitalis

1275 3182 1444 3233 humor,
1457 3167 1583 3234 quem
1603 3177 1706 3219 satis
1722 3183 1768 3217 et
1786 3176 2012 3216 arboribus
2029 3174 2170 3216 infun-

1279 3245 1359 3286 dit.

1328 3311 1383 3350 89
1412 3305 1608 3357 Maritat]
1636 3304 1796 3347 Glebas
1810 3305 1989 3345 maritat
2006 3303 2169 3344 foecun-
2231 3345 2233 3351 f

1277 3371 1332 3412 do
1351 3382 1463 3423 rore,
1490 3369 1536 3411 id
1564 3376 1650 3423 est,
1672 3369 1848 3410 humore
1877 3366 2077 3412 foecimdo
2096 3379 2164 3419 req
