2300 3906
653 199 718 236 ιΝ
759 198 825 236 ιι.
863 195 1034 236 CONS.
1073 194 1337 235 S'rlmcfl.
1380 196 1499 235 Lm.
1899 187 2007 242 699

185 315 414 383 Cyrneis
442 314 754 381 Siculisque
770 314 922 382 jugis
949 320 1144 367 venata
1166 315 1355 384 virago

184 400 576 468 Nebrophone,
616 414 811 450 cervos
839 401 1088 468 aliasque
1112 401 1165 450 in
1187 401 1407 452 vincula
1431 399 1579 467 cogit
1895 401 2000 454 315

182 484 316 535 Non
343 498 526 536 saevas
552 481 811 549 pecudeS,
839 484 935 534 sed
960 483 1292 534 luxuriantis
1318 498 1500 536 arenae

182 567 450 627 DeliciaS‚
478 581 739 632 pompam
764 582 1077 619 nemorum:
1118 567 1507 634 quodcumque
1531 565 1870 618 tremendum

180 647 473 709 DentibuS‚
503 654 597 698 aut
622 649 830 715 insigne
848 649 1020 717 jubis,
1061 654 1158 702 aut
1182 649 1365 700 nobile
1392 666 1580 712 cornu,

178 731 294 783 Aut
318 731 550 797 rigidum
578 733 710 783 setis
733 749 746 784 τ
788 733 1005 800 capitur
1029 733 1200 784 decus
1225 749 1384 784 omne
1406 734 1676 801 timorque

177 815 497 883 Sylvarum:
536 832 642 867 non
671 822 834 867 cauta
856 816 1045 878 latent,
1073 832 1180 867 non
1203 816 1347 867 mole
1371 818 1633 868 resistunt
1777 861 1787 869 .
1888 817 1995 869 320

177 898 382 962 Fortia,
399 914 511 950 non
535 900 746 951 volucri
773 899 985 966 fugiunt
1008 900 1251 966 pernicia
1277 915 1462 951 cursu.

178 983 324 1036 Haec
351 984 563 1051 laqueis
591 984 793 1035 innexa
819 991 1038 1050 gemunt
1059 1001 1071 1036 ε
1112 985 1231 1037 haec
1256 986 1445 1037 clausa
1468 985 1712 1038 feruntur

175 1067 366 1136 Ilignis
391 1068 668 1120 domibus,
745 1067 913 1118 Fabri
938 1084 1040 1119 nec
1065 1069 1215 1134 tigna
1239 1070 1411 1136 polire

176 1150 477 1204 Sufficiunt.
552 1151 811 1203 Rudibus
834 1152 976 1218 fagis
1001 1157 1258 1204 texuntur
1282 1158 1335 1204 et
1360 1154 1509 1205 ornis

169 1308 294 1361 phone
325 1309 463 1358 virago
490 1320 704 1359 peragrans
721 1313 867 1348 montes
901 1309 1071 1349 Corsica·
1102 1313 1141 1348 et
1174 1310 1336 1357 Sic-ilice,
1365 1312 1488 1351 nectit
1512 1313 1658 1352 catenis
1683 1325 1827 1362 cervos,
1846 1317 1883 1354 ee
1903 1314 2003 1354 azias

171 1361 313 1401 bestias
341 1374 417 1401 non
447 1363 633 1410 crudeles,
663 1363 731 1401 sed
759 1362 1049 1401 delectationem
1077 1363 1172 1402 circi
1219 1365 1464 1412 abundantis,
1494 1370 1759 1405 ornamentum
1790 1368 2001 1417 sylvarum.

174 1414 443 1466 Quodcumque
463 1416 676 1454 timendum
694 1419 753 1454 est
770 1415 963 1463 dentibus,
991 1420 1059 1455 aut
1087 1416 1258 1455 notabile
1274 1417 1397 1465 jubis,
1416 1423 1485 1456 aut
1502 1418 1706 1468 spectabile
1724 1419 1915 1470 cornibus,
1931 1425 2001 1460 aut

169 1468 361 1508 hirsutum
379 1470 495 1508 setis.-
537 1468 658 1508 honor
682 1470 804 1507 omnia
837 1473 875 1507 et
887 1468 1061 1516 formido
1080 1482 1274 1508 nemorum
1307 1471 1588 1521 capiturqnon
1605 1471 1712 1519 feroe
1729 1484 1887 1522 sagaces
1901 1473 2002 1525 effu·

170 1521 314 1570 gitium
340 1534 414 1560 non
431 1521 598 1560 robustae
616 1522 806 1561 obsistunt
835 1521 1104 1571 magnitudine
1131 1535 1230 1561 sua:
1271 1536 1343 1561 non
1364 1525 1504 1563 celeres
1531 1526 1735 1564 elabuntur
1742 1524 1850 1576 fuga
1864 1526 2002 1567 citata.

174 1573 275 1612 Hoec
294 1574 492 1613 animalia
509 1587 611 1613 nexa
619 1574 784 1623 funibus
800 1574 1081 1624 ingemiscunt:
1118 1575 1201 1614 hoec
1230 1576 1377 1615 inclusa
1396 1579 1543 1616 catenis
1562 1577 1703 1627 ligneis
1719 1583 2001 1629 apportantur:

154 1638 290 1678 ,neque
307 1627 478 1680 artifices
494 1628 689 1680 sufficiunt
708 1629 759 1667 ad
781 1627 890 1677 ligna
915 1629 1140 1667 adornanda
1153 1642 1166 1668 .·
1183 1641 1308 1668 caveoe
1325 1630 1472 1669 virides
1488 1635 1746 1670 contexuntur
1765 1643 1817 1671 ex
1827 1630 1944 1682 fagis
1961 1636 2000 1671 et

939 1744 1233 1760 θθθθθθθθθθθθ

170 1826 304 1876 tangit
319 1826 420 1865 Vat.
450 1830 586 1876 quart.
614 1826 797 1877 lapidosis
817 1826 881 1865 ed.
917 1827 1058 1867 Vicet.
1089 1827 1293 1876 frontibus
1326 1829 1562 1869 Pan—314
1594 1830 1775 1883 Cyrnaeis
1802 1831 1903 1871 Vat.
1932 1841 1997 1881 pr.

172 1878 341 1918 Cirnoeis
358 1878 548 1917 Florent.
566 1879 648 1918 inc.
675 1878 823 1917 Heius.
840 1879 943 1918 Put.
978 1881 1130 1920 Petav.
1151 1882 1257 1920 Exn.
1280 1882 1458 1922 Lucens.
1477 1895 1541 1932 pr.
1571 1882 1775 1921 Smirnoeis
1793 1882 1913 1923 Leid.
1933 1896 1997 1933 pr.

173 1931 324 1972 Cir-reis
343 1932 451 1982 Reg.
471 1931 633 1970 Mazar.
651 1932 759 1970 Bon.
791 1932 889 1972 Pat.
918 1933 1003 1971 duo
1025 1934 1163 1973 Oxon.
1207 1935 1373 1972 Cirraeis
1391 1934 1510 1974 Med.
1529 1943 1666 1984 quart.
1699 1936 1859 1986 Cyrreis
1878 1936 1997 1976 Prie.

170 1985 290 2025 Rott.
318 1985 419 2023 Var.
459 1985 542 2023 LL.
578 1983 647 2023 ed.
681 1984 812 2024 AntV.
860 1986 1021 2036 Cyrceis
1053 1986 1152 2025 vat.
1184 1992 1284 2026 tert.
1324 1987 1417 2026 Pal.
1453 1988 1578 2026 Farn.
1628 1988 1778 2026 Circeis
1803 1988 1903 2029 Jun.
1931 2000 1998 2038 pr.

173 2038 338 2077 Circaeis
358 2037 441 2076 duo
460 2037 578 2076 Med.
603 2038 755 2077 Petav.
779 2044 881 2076 tert.
901 2039 1073 2077 Tholos.
1105 2038 1252 2078 Ambr.
1275 2052 1337 2089 pr.
1368 2040 1524 2079 Μαι-ει.
1548 2054 1609 2091 pr.
1633 2040 1702 2078 ed.
1729 2040 1872 2079 Vicet.
1892 2041 1999 2080 Exe.

169 2091 336 2131 Schott.
357 2090 538 2131 Gevart.
556 2095 603 2129 et
622 2090 731 2130 Cod.
751 2091 903 2131 Rhem.
942 2089 1133 2142 Syrmoeis
1162 2092 1282 2132 Med.
1313 2098 1413 2132 tert.
1463 2093 1616 2144 syrie-is
1644 2094 1802 2132 Thuan.
1846 2093 2001 2133 Crineis

170 2144 254 2184 duo
274 2146 393 2184 Vatt.
426 2144 626 2184 Cirr-eneis
644 2143 803 2183 Moret.
824 2156 908 2184 sec.
941 2144 1122 2183 Cirnenis
1149 2157 1204 2185 m.
1231 2158 1297 2196 pr.
1317 2151 1361 2184 et
1385 2146 1532 2186 Circeis
1552 2159 1605 2185 ιιι.
1627 2157 1712 2185 sec.
1733 2147 1857 2186 Voss.
1878 2147 1998 2186 Leid.

173 2209 261 2239 sec,
306 2196 510 2248 celerisque
532 2197 648 2246 jugis
678 2197 780 2237 Jun.
814 2200 1010 2247 pre—315
1055 2198 1207 2237 Varias
1228 2199 1435 2238 lectiones
1468 2200 1631 2238 Mss.in
1666 2198 1714 2238 τὸ
1745 2199 1999 2251 Nebrophone

168 2251 255 2290 vid.
276 2257 404 2304 supra
440 2262 499 2289 vs.
531 2253 625 2290 250.
653 2262 785 2290 cervas
801 2251 968 2290 Tholos.
1006 2251 1166 2303 aliisque
1198 2253 1358 2292 Moret.
1395 2265 1458 2303 ρι’.
1498 2254 1596 2291 alias
1614 2252 1703 2291 sine
1723 2254 1879 2302 copula
1897 2253 1998 2294 Vat.

170 2304 442 2356 quint.-—-316
472 2304 555 2343 Nec
575 2303 658 2342 duo
678 2305 798 2343 Vatt.
820 2303 939 2343 Rott.
970 2303 1071 2344 Put.
1098 2316 1173 2343 non
1199 2306 1440 2347 luxuriantis
1467 2306 1584 2345 Med.
1606 2308 1842 2349 tere—317
1870 2317 1998 2344 nemo-

169 2369 258 2396 rum
275 2368 454 2408 pompam
472 2357 575 2397 Jun.
596 2369 660 2407 pr.
694 2356 836 2395 Oxou.
871 2367 958 2395 sec.
999 2368 1158 2408 pompas
1189 2357 1332 2398 Oxon.
1355 2369 1419 2408 pr.
1443 2358 1597 2397 Petav.
1620 2369 1706 2396 sec.
1725 2359 1865 2407 ιιι.“ρι·.
1887 2369 1997 2407 pom-

165 2421 329 2460 pamque
342 2410 442 2460 petit
457 2409 620 2448 Moret.
642 2422 705 2460 pr.
734 2421 964 2460 quocumque
987 2410 1108 2448 Fam.
1137 2423 1405 2462 quemcumque
1419 2409 1535 2448 Med.
1554 2416 1651 2448 tert.
1680 2410 1891 2448 timendum
1910 2409 1995 2450 duo

170 2463 290 2502 Vatt.
324 2463 475 2501 Petav.
508 2473 572 2511 pr.
606 2461 728 2502 Med.
761 2465 981 2501 sem-318
999 2462 1115 2511 jugis
1141 2462 1292 2503 Ambr.
1333 2475 1395 2513 pr.
1422 2462 1561 2501 mobile
1596 2462 1689 2502 Pal.
1723 2461 1842 2501 Med.
1876 2474 1996 2514 pr.—

170 2517 249 2554 319
275 2514 431 2566 rapitur:
458 2514 624 2552 Thnan.
653 2526 734 2553 esse
753 2526 830 2565 pro
849 2526 957 2552 omne
975 2514 1282 2554 'Pholum-320
1310 2514 1519 2554 Silvarum.
1553 2527 1646 2554 cnm
1679 2514 1812 2566 τελείᾳ
1831 2517 1992 2567 στιγμῇ.

171 2568 293 2607 ambo
324 2568 483 2606 Moret.
517 2567 620 2606 Exc.
654 2567 829 2606 Gevan-t.
858 2568 957 2605 item
992 2566 1126 2606 Gesn.
1159 2576 1203 2606 et
1238 2567 1304 2608 ed.
1337 2569 1511 2618 Bipont.
1540 2581 1607 2607 nec
1639 2568 1734 2608 Pal.
1763 2572 1874 2607 caute
1892 2569 1994 2609 Vat.

169 2626 269 2661 tert.
293 2621 415 2661 Rott.
446 2620 576 2659 Oisel.
598 2619 681 2658 duo
701 2620 820 2660 Med.
859 2621 1045 2660 Florem.
1075 2620 1226 2660 Petav.
1259 2627 1357 2661 tert.
1388 2627 1432 2660 et
1462 2634 1524 2672 pr.
1557 2633 1613 2659 m.
1645 2632 1729 2660 sec.
1756 2622 1863 2662 Bon.
1891 2621 1992 2661 Pat.

169 2673 319 2714 Ambr.
341 2686 406 2725 pr.
427 2674 531 2712 Exc.
551 2674 731 2712 Lucens.
765 2686 826 2724 pr.
846 2674 910 2713 ed.
933 2672 1077 2713 Parm.
1104 2680 1148 2714 et
1167 2674 1310 2714 Vicet.
1339 2679 1449 2725 capte
1483 2675 1586 2715 Rea.
1626 2679 1711 2714 arte
1736 2675 1896 2715 Thuan.
1923 2678 1995 2714 aut

168 2727 266 2766 mole
288 2727 446 2766 Moret.
469 2729 664 2777 pix—321
694 2739 764 2765 nec
787 2727 876 2765 Pal.
896 2726 1052 2766 Mutet.
1075 2738 1138 2778 pr.
1167 2727 1314 2766 relocia
1340 2728 1439 2766 Vat.
1461 2730 1733 2780 quarte-322
1765 2729 1864 2772 Quoe
1888 2726 1993 2768 Jun.

168 2792 232 2832 pr.
274 2781 413 2819 innixa
447 2780 550 2818 Lov.
583 2780 684 2819 Var.
724 2780 802 2822 LL.
835 2779 904 2820 ed.
938 2778 1070 2820 AntV.
1112 2780 1172 2819 vel
1189 2782 1317 2820 clausa
1337 2781 1436 2821 Jun.
1461 2793 1523 2831 pr.
1553 2781 1635 2819 hoee
1652 2781 1779 2819 clausa
1799 2780 1991 2820 Floreat.

167 2839 350 2885 quatuor
368 2832 486 2872 Med.
525 2833 606 2871 inc.
636 2832 789 2873 Heins.
824 2833 926 2871 Pnt.
947 2833 1106 2872 Thuan.
1129 2835 1286 2873 Mazar.
1308 2841 1392 2873 tres
1414 2834 1564 2873 Petav.
1586 2835 1691 2872 Exn.
1713 2834 1898 2873 Lucens.
1923 2845 1990 2884 pr.

168 2887 236 2925 ed.
266 2886 541 2926 Viam—323
571 2885 715 2935 [lignis
744 2887 851 2925 Exc.
886 2887 1066 2926 anens.
1102 2898 1165 2937 pr.
1198 2888 1296 2925 var.
1318 2887 1400 2926 LL.
1422 2899 1445 2926 e
1466 2899 1599 2936 marg.
1621 2886 1763 2926 Parm.
1794 2887 1845 2925 In
1872 2886 1994 2936 lig-nis

168 2940 267 2979 Vat.
283 2940 418 2991 quint.
439 2938 522 2977 duo
547 2938 664 2977 Med.
686 2939 787 2979 Put.
824 2941 927 2988 Rvg.
974 2939 1126 2979 l'huan.
1164 2940 1317 2979 Mouet.
1347 2952 1434 2979 sec.
1457 2940 1575 2979 Leid.
1595 2952 1677 2978 see.
1697 2940 1766 2978 ed.
1784 2939 1926 2978 Vicet.
1943 2944 1992 2978 et

169 2992 312 3032 Parm.
354 2991 489 3031 Illim’s
519 2992 669 3030 Petav.
689 3004 774 3031 sec.
805 2993 854 3031 In
871 2992 990 3042 lignis
1022 2996 1084 3031 vel
1115 2993 1231 3032 llinis
1263 2993 1380 3032 Leid.
1414 3005 1475 3044 pr.
1519 3005 1592 3031 non
1625 2992 1724 3033 Jnn.
1745 2991 1991 3031 Oxon.sec.

166 3044 281 3095 signa
313 3046 411 3085 Put.
441 3044 548 3094 ligna
577 3046 717 3084 Oxou.
753 3057 817 3096 pr.
851 3045 1005 3084 Petav.
1038 3058 1101 3096 pr.
1136 3058 1191 3085 m.
1225 3058 1288 3097 pr.
1332 3046 1448 3095 tigna
1482 3047 1547 3084 vel
1578 3045 1688 3094 ligna
1718 3045 1818 3085 Vat.
1847 3049 1988 3097 quart.

165 3098 299 3148 polite
330 3099 489 3138 Thuan.
527 3111 669 3149 parare
704 3099 812 3138 Exe.
848 3099 1147 3144 sellom—324
1175 3099 1406 3151 rudibusque
1436 3100 1532 3139 Vat.
1568 3105 1710 3152 quart.
1730 3098 1814 3139 -ed.
1846 3097 1989 3138 Vicet.

993 3207 1035 3246 N
1039 3206 1167 3247 01*AE

173 3295 218 3330 et
236 3289 443 3342 indigesta
459 3294 592 3334 moles
611 3305 706 3333 esse
726 3294 907 3334 videtur.
1113 3292 1219 3332 urbe
1237 3292 1307 3333 vel
1334 3296 1480 3334 monte
1513 3293 1715 3346 Corsicae,
1741 3292 1795 3332 de
1820 3301 1900 3343 qua
1916 3300 1986 3330 su-

226 3356 303 3395 314
333 3355 527 3407 Cyna-is]
576 3357 779 3408 Corsicis,
824 3370 850 3396 a
880 3359 1043 3409 ‘Cyrna
1110 3370 1202 3410 pra.
