2300 3906
291 190 412 247 m

295 323 444 376 Haec
473 317 601 376 Dea
623 339 726 391 pro
748 323 954 373 meritis
980 320 1199 387 amplas
1224 320 1333 372 sibi
1357 327 1612 389 posceret
1636 323 1805 388 aedffl,

216 444 228 453 -
298 407 480 473 Quam
509 425 612 459 sua
638 422 764 458 cum
786 405 990 473 pariter
1014 405 1219 455 trabeis
1245 411 1528 472 reparetur
1550 412 1603 460 et
1629 407 1770 459 Urbi

296 490 565 562 Majestas
586 491 609 542 'l
651 488 851 555 Neque
873 489 1019 539 enim
1046 504 1276 556 campus
1302 489 1540 542 solennis
1565 497 1618 542 et
1640 507 1779 544 urna
2082 491 2118 543 5

297 576 531 630 Luditur
553 576 611 625 in
636 589 874 626 morem:
916 574 1132 641 species
1159 589 1265 624 nec
1294 573 1529 625 dissona
1553 581 1724 639 coetu,

295 658 416 710 Aut
440 660 723 726 peregrina
747 662 883 712 nitet
906 658 1152 712 simulati
1171 658 1314 726 juris
1337 657 1538 724 image.

818 207 914 247 01..
953 202 1319 246 CLAUDIANt
1351 201 1594 243 xxvnl.

294 822 346 848 an
363 810 444 849 kaec
463 812 571 850 Diva
587 816 738 862 peteret
756 824 923 863 unquam
937 811 1012 851 sibi
1029 812 1175 863 oequius
1191 811 1351 851 delubra
1369 809 1591 863 magnifica,
1614 814 1660 849 ut
1679 814 1864 859 meretur,
1899 822 2012 860 quam
2029 823 2118 850 cum

292 864 469 914 splendor
481 866 618 904 solitus
632 865 857 904 restituitur
874 864 1025 917 Romae,
1051 866 1166 904 simul
1183 878 1267 905 cum
1285 868 1389 904 voete
1411 863 1620 903 Consulari
1637 861 1657 903 ?
1698 865 1802 902 Nam
1821 863 1946 914 campi
1967 863 2121 903 Martii

293 917 515 967 solennitas,
547 921 585 956 et
613 930 711 957 urna
729 930 806 957 non
825 919 1068 957 celebratur
1099 930 1176 969 per
1206 920 1350 967 ludum,
1369 922 1535 957 tantum
1562 929 1635 967 pro
1664 917 1937 956 consuetudine
1952 929 1967 962 ;
2000 928 2120 968 neque

282 969 425 1020 figura
443 970 607 1009 ridicula
625 975 846 1022 conventus,
876 975 945 1010 aut
971 971 1108 1009 umbra
1141 971 1338 1023 quaedam
1369 975 1532 1010 externa
1549 969 1657 1018 juris
1670 970 1779 1023 ficti.
1834 970 1939 1010 Aula
1972 970 2124 1009 natalis

1062 1077 1083 1090 O
1091 1075 1358 1091 '‘nonve“

293 1141 460 1181 reditum
477 1142 616 1180 ducum
645 1142 712 1180 vel
730 1142 907 1181 reducem
922 1143 1057 1181 ducem
1075 1141 1216 1183 Oxon.
1238 1154 1301 1193 pr.
1348 1142 1439 1181 duci
1459 1142 1579 1182 Med.
1603 1147 1741 1194 quart.
1786 1154 1937 1181 movere
1956 1142 2122 1180 Bonon.

296 1196 451 1235 Petav.
481 1200 580 1234 tert.
626 1207 720 1234 num
738 1196 896 1244 dignius
926 1196 1048 1234 Med.
1076 1207 1142 1246 pr.
1183 1207 1253 1234 nec
1271 1195 1372 1238 Jun.
1407 1208 1472 1247 pr.
1502 1196 1662 1235 Mazar.
1704 1207 1805 1236 num
1831 1195 2002 1235 Tholos.
2046 1206 2122 1233 non

293 1247 461 1297 dignius·
479 1260 624 1287 omnes
656 1249 776 1288 Vatt.
804 1249 930 1288 Farn.
964 1249 1089 1288 Rott.
1129 1247 1346 1288 Oisel.—3
1372 1250 1605 1300 promeritas
1631 1250 1736 1289 Var.
1766 1249 1853 1288 LL.
1889 1247 1956 1288 ed.
1991 1246 2123 1287 Antv.

290 1305 460 1352 posceret
477 1302 588 1340 aulas
603 1301 772 1341 Tholos.
802 1302 943 1341 Latias
959 1314 1066 1341 arces
1084 1302 1151 1340 vel
1168 1303 1269 1340 cedes
1288 1302 1386 1341 Vat.
1406 1306 1577 1342 sec.——4
1594 1302 1742 1342 trabeis
1754 1303 1911 1352 pariter
1928 1301 2120 1340 Florent.

293 1358 499 1406 reparatur
517 1356 614 1394 Vat.
630 1367 694 1405 pr.
715 1354 845 1395 Oisel.
865 1356 1052 1395 Floreut.
1071 1354 1156 1394 duo
1177 1354 1295 1394 Med.
1317 1355 1402 1394 inc.
1423 1355 1575 1394 Heius.
1596 1356 1701 1394 Lov.
1722 1356 1847 1394 Voss.
1865 1354 1965 1394 Vat.
1983 1354 2121 1393 Livin.

295 1408 401 1446 Exc.
422 1407 599 1447 Gevart.
619 1409 721 1447 Var.
742 1409 825 1448 LL.
845 1408 913 1447 cd.
933 1407 1066 1448 Antv.
1109 1412 1316 1458 reparetur
1333 1413 1419 1448 vet.
1438 1408 1542 1459 Gyr.
1571 1409 1674 1448 Exc.
1704 1409 1885 1447 Lucens.
1908 1420 1970 1459 pr.
2016 1418 2125 1457 repe-

294 1463 404 1500 tatur
423 1462 543 1500 Leid.
562 1473 629 1511 pr.
650 1467 694 1500 et
713 1473 797 1501 sec.
826 1474 881 1500 m.
904 1474 967 1512 pr.
986 1461 1091 1502 Jun.
1111 1473 1177 1512 pr.
1208 1461 1354 1501 Oxon.
1374 1473 1439 1512 pr.
1479 1468 1567 1500 tres
1587 1462 1708 1501 Vatt.
1731 1462 1851 1500 Rott.
1870 1461 1966 1500 Pal.
1995 1460 2124 1499 Farn.

295 1512 380 1552 duo
412 1514 529 1554 Med.
559 1514 626 1554 ed.
646 1515 787 1554 Vicet.
821 1513 917 1555 infr.
952 1527 1014 1553 νε.
1036 1517 1127 1553 111.
1173 1518 1375 1564 repetatur
1406 1515 1476 1552 vel
1507 1517 1714 1564 reparatur
1737 1513 1854 1551 Prie.
1880 1513 2039 1552 Petav.
2058 1524 2123 1563 pr.

293 1566 404 1605 urbis
420 1567 591 1606 Tholos.
611 1568 710 1606 Var.
730 1567 816 1606 LL.
838 1580 860 1605 e
876 1579 1009 1618 marg.
1030 1567 1254 1604 Parm.—5
1274 1578 1342 1607 nec
1359 1567 1464 1605 enim
1484 1566 1566 1604 duo
1584 1566 1704 1618 Vatt.
1731 1577 1852 1615 neque
1868 1565 1952 1604 duo
1973 1564 2124 1605 Leidd.

295 1618 380 1657 duo
400 1619 518 1658 Vatt.
541 1620 667 1658 Farn.
698 1619 830 1659 Oisel.
850 1619 1040 1658 Florent.
1070 1617 1156 1657 duo
1175 1618 1295 1658 Med.
1327 1618 1430 1658 Put.
1464 1618 1625 1658 Mazar.
1657 1618 1813 1657 PetaV.
1835 1630 1923 1658 sec.
1951 1618 2125 1658 Thalos.

294 1670 446 1710 Amor.
465 1683 550 1711 sec.
576 1673 678 1711 Vat.
707 1672 843 1712 Livin.
871 1684 1027 1723 campus
1047 1670 1186 1710 Oxon.
1206 1683 1272 1722 pr.
1293 1670 1377 1711 duo
1412 1670 1564 1711 Leidd.
1607 1684 1741 1723 campo
1759 1672 1862 1711 Vat.
1882 1683 1947 1723 pr.
1979 1683 2035 1711 m.
2056 1683 2121 1723 ρι’.

292 1737 391 1763 urna
412 1723 553 1764 Oxou.
574 1737 637 1775 pr.
657 1724 743 1764 duo
771 1725 924 1764 Leidd.
981 1720 1154 1765 1n'Jun.
1174 1736 1240 1775 pr.
1275 1723 1428 1764 decrat
1460 1724 1527 1764 hic
1556 1728 1794 1765 versus-6
1822 1725 1864 1765 in
1883 1736 2006 1764 mores
2023 1724 2125 1766 Jun.

293 1790 357 1829 ρι’.
395 1790 470 1817 uon
489 1779 642 1817 dissona
662 1777 745 1818 duo
768 1778 888 1819 Vatt.
916 1777 1076 1819 Thuan.
1097 1776 1247 1817 Ambr.
1266 1789 1333 1830 pr.
1372 1781 1472 1818 coetu
1492 1778 1561 1818 vel
1578 1779 1684 1819 cultu
1701 1778 1821 1819 Med.
1843 1781 1992 1830 ρι’.-7
2019 1778 2127 1818 ruris

1121 1899 1304 1941 NOTAE

294 1993 355 2033 tia
368 1993 457 2032 late
475 1993 653 2043 Templa
671 1992 836 2033 nitent!

348 2056 536 2096 Fortunoe
556 2055 726 2106 Reduci]
754 2056 808 2095 In
828 2060 978 2096 vetere
997 2055 1174 2108 inscrip-

294 2120 411 2159 tione
444 2120 619 2170 legitur,
651 2119 763 2160 Jovr
799 2119 911 2160 op'r.
949 2121 1077 2160 MAx.
1117 2131 1174 2159 ET

293 2183 526 2222 Fon'ruNAE
550 2182 730 2221 Renum
751 2191 840 2221 PRo
865 2192 1050 2233 εΑιυΤΕ,
1079 2193 1174 2231 ιΤυ,

293 2256 350 2285 m
385 2255 568 2284 nummu.
623 2245 749 2284 Unde
786 2250 911 2296 patet
943 2246 1043 2285 talia
1077 2250 1174 2285 vota

292 2319 371 2360 pro
399 2307 675 2358 Principibus
705 2319 800 2347 esse
839 2307 974 2358 facta,
1007 2309 1173 2348 illorum

295 2376 341 2410 ut
361 2368 465 2409 felix
482 2369 647 2408 reditus
664 2374 902 2420 optaretur.
958 2370 1059 2409 Fuit
1075 2370 1174 2410 olim

293 2433 470 2473 Fortuna
489 2431 682 2482 Mascula,
703 2432 853 2483 Fortis,
877 2433 1026 2483 Parva,
1057 2432 1174 2472 Obse-

292 2509 420 2548 quens,
441 2495 597 2545 Virilis,
613 2494 837 2546 Muliebris,
854 2495 1074 2546 Equestris,
1096 2497 1174 2535 Bo-

291 2574 359 2612 na,
381 2562 510 2611 Mala,
542 2563 607 2611 tsc-
659 2561 827 2612 Totque
859 2559 1037 2610 templa,
1070 2563 1174 2611 quot

294 2624 478 2664 nomina.
534 2623 635 2662 Fuit
654 2627 699 2662 et
716 2623 878 2674 Jupiter
896 2622 1053 2661 Redux.

344 2690 370 2726 4
399 2685 621 2735 Reparetur
663 2683 869 2734 majestas]
926 2683 1172 2724 Praesentia

293 2748 512 2799 Principis
553 2747 829 2787 Consulatum
864 2746 1052 2785 ineuntis
1071 2760 1082 2786 ε
1133 2747 1170 2786 is

293 2811 404 2850 enim
423 2815 468 2849 et
488 2810 650 2849 Urbem
670 2815 716 2848 et
745 2809 968 2848 Honorem
987 2808 1171 2861 pristino

293 2886 369 2913 suo
389 2873 607 2924 splendori
628 2872 832 2912 restituit.

347 2941 371 2975 5
394 2937 530 2986 Neque
547 2948 703 2987 campus
720 2939 870 2975 eturna
888 2933 1055 2987 luditur]
1077 2936 1176 2976 Non

294 2998 463 3050 cogitur
478 2999 659 3050 populus
679 2999 721 3038 in
738 2999 945 3050 Campum
960 2999 1177 3049 Martium,

295 3062 350 3103 ad
370 3060 721 3100 satisfaciendum
742 3053 1064 3111 consuetudini;
1103 3074 1175 3102 ne-

294 3136 376 3177 que
422 3121 627 3174 suffragia
671 3123 914 3162 educuntur
950 3136 1006 3163 ex
1047 3137 1171 3175 urna,

292 3187 413 3228 velut
432 3197 509 3236 per
539 3185 701 3235 ludum,
724 3190 771 3224 ut
794 3185 872 3225 snb
894 3186 1172 3239 Principibus

293 3247 639 3302 praecedentibus
657 3261 669 3298 ;
697 3247 769 3299 qui
789 3242 962 3299 quidem
983 3251 1172 3292 umbram

293 3312 444 3364 Campi
473 3317 519 3351 et
547 3309 846 3363 suffragiorum
866 3315 1025 3365 populo
1045 3315 1171 3355 relin-

294 3374 498 3429 quebant,
529 3373 606 3415 sed
637 3373 720 3426 ipsi
747 3386 837 3415 rem
870 3375 952 3416 sibi
983 3389 1172 3420 reserva-

1241 1994 1363 2046 bant,
1391 1999 1435 2035 et
1452 1994 1506 2036 de
1527 1995 1762 2036 Consulatu
1788 1992 1841 2032 ad
1871 1996 2020 2040 nutum
2042 1996 2127 2031 sta-

1241 2056 1437 2098 tuebant.
1499 2058 1609 2098 Urna
1625 2064 1768 2098 autem
1797 2061 1891 2096 erat
1907 2056 2020 2095 cista
2050 2066 2125 2094 seu

1241 2119 1370 2159 situla
1396 2120 1510 2160 unde
1538 2127 1675 2161 sortes
1706 2118 2018 2167 educebantur,
2044 2117 2124 2157 hoc

1241 2187 1321 2233 est,
1342 2182 1513 2222 tabellae
1533 2183 1576 2221 in
1599 2182 1752 2235 quibus
1780 2180 1953 2219 nomina
1979 2178 2125 2219 candi-

1242 2244 1438 2284 datorum
1474 2244 1682 2295 iuscripta
1719 2249 1859 2283 erant.
1919 2241 2123 2281 Tabellas

1240 2307 1350 2356 illas,
1365 2307 1483 2358 pilas,
1495 2307 1621 2357 vulgo
1633 2306 1814 2357 buletim,
1831 2309 1957 2345 vocat
1972 2303 2124 2344 Passe-

1242 2370 1375 2409 ratius
1394 2369 1437 2407 in
1453 2369 1746 2420 Propertium.

1295 2436 1321 2471 6
1350 2431 1509 2484 Species
1526 2431 1698 2482 dissona]
1746 2430 1845 2471 Non
1879 2429 1991 2470 nitet
2028 2440 2123 2481 spe-

1242 2494 1328 2535 cies
1358 2500 1404 2535 et
1442 2495 1595 2535 umbra
1628 2494 1825 2547 quaedam
1856 2505 1939 2532 non
1970 2504 2125 2534 conve-

1241 2558 1362 2598 niens
1396 2558 1624 2610 MaJestati
1657 2563 1795 2597 coetus
1831 2555 2032 2607 Romani,
2078 2560 2126 2595 et

1240 2624 1384 2676 aliqua
1402 2623 1585 2663 velutin
1613 2622 1755 2674 patrio
1776 2622 1865 2661 solo
1898 2621 2124 2672 peregrina

1239 2700 1312 2728 seu
1331 2687 1520 2727 ascititia
1539 2686 1680 2739 imago
1703 2686 1815 2738 juris
1847 2685 1939 2725 ficti
1958 2691 2004 2725 et
2023 2686 2125 2726 ima.

1238 2750 1413 2803 ginarii;
1453 2762 1529 2789 seu
1563 2758 1647 2802 quo
1685 2749 1864 2789 Romani
1901 2748 2124 2802 fingebant

1239 2825 1286 2853 se
1325 2814 1369 2853 in
1407 2813 1591 2865 comitiis
1626 2824 1704 2864 per
1736 2811 1940 2865 suffragia
1971 2823 2122 2852 creare

1240 2877 1532 2929 magistratus,
1553 2889 1657 2930 quos
1677 2876 1887 2929 Princeps
1912 2876 2003 2928 ipse
2031 2886 2122 2915 cre-

1245 2942 1377 2982 andos
1387 2941 1588 2994 jubebat.
1643 2941 1800 2995 Sicque
1820 2939 2008 2991 Populus
2023 2950 2120 2990 spe-

1243 3004 1368 3055 ciem,
1401 3004 1612 3055 Princeps
1632 3015 1721 3042 rem
1756 3003 1890 3053 ipsam
1908 3000 2118 3041 habebat:

1241 3079 1342 3119 non,
1372 3068 1559 3119 inquam,
1586 3065 1751 3116 species
1780 3069 1946 3104 tantum
1964 3064 2035 3104 illa
2056 3065 2118 3104 ni-

1239 3139 1321 3183 tet,
1341 3138 1390 3171 ut
1409 3135 1533 3179 ante3
1561 3129 1636 3168 sed
1666 3140 1735 3167 res
1755 3129 1850 3180 ipsa
1875 3140 1948 3168 seu
1971 3127 2118 3169 suffra-

1238 3195 1399 3247 giorum
1419 3192 1555 3231 libera
1586 3189 1771 3230 facultas
1798 3191 2042 3231 restituitur
2061 3191 2116 3231 ab

1238 3255 1444 3298 Honorio,
1493 3255 1602 3295 Haec
1623 3259 1766 3294 tamen
1786 3255 1925 3294 omnia
1946 3255 2118 3307 poetice

1239 3324 1389 3360 ornata
1405 3323 1518 3369 sunt,
1536 3329 1633 3358 nam
1659 3317 1736 3358 sub
1758 3317 1956 3359 Honorio
1975 3318 2028 3358 de
2048 3319 2118 3358 ho-

1238 3383 1410 3424 noribus
1425 3382 1603 3424 Stilicho
1620 3381 1849 3424 statuebat.
