2300 3906
714 191 794 230 DE
837 191 1033 229 BELLo
1073 192 1294 230 GETlco
1337 192 1455 230 Lm.
1893 179 1999 234 725

178 299 293 360 Hic
319 308 460 360 celer
486 307 687 370 effecit,
711 309 903 360 bruma
926 326 994 360 ne
1018 310 1234 377 longior
1257 327 1369 363 una

176 391 338 444 Esset
359 393 548 460 hyems
574 407 771 442 rerum:
811 393 1000 457 primis
1027 394 1125 446 sed
1143 395 1423 447 mensibus
1450 398 1620 447 aestas

174 476 519 543 Temperiem
535 474 679 526 ooelo
705 475 911 540 pariter
934 477 1191 544 belloque
1217 476 1449 529 referret.

173 559 284 610 Sed
309 558 443 627 quid
462 573 562 624 ego
589 557 960 610 Hannibalem
986 564 1174 612 contra
1200 560 1578 628 Pyrrhumque
1604 565 1690 614 tot
1716 562 1871 614 annis
1895 592 1901 599 »

176 642 453 694 Certatum
477 643 808 693 memorem?
846 643 974 694 vilis
998 659 1125 694 cum
1149 644 1455 711 Spartacus
1482 660 1640 696 omne
1893 646 1998 699 155

175 727 283 777 Per
305 727 449 777 latus
476 725 658 776 Italiae
685 725 826 778 ferro
852 726 1157 779 bacchatus
1184 730 1237 777 et
1254 726 1389 793 igni,

174 808 611 877 consulibusque
637 811 822 877 palam
845 811 1009 863 toties
1035 826 1378 877 congressuS,
1403 811 1603 864 inertes

173 891 402 944 Exuerit
425 894 624 945 castris
651 894 920 957 domin03‚
946 899 1002 945 et
1027 898 1207 960 strage
1233 894 1492 962 pudenda

173 976 396 1029 Fuderit
417 977 665 1028 imbelles
691 975 922 1045 Aquilas
947 978 1240 1030 servilibus
1266 980 1450 1031 armis,

170 1060 295 1112 Nos
323 1066 581 1113 terrorum
606 1076 808 1129 expers
834 1068 891 1114 et
915 1064 1051 1115 luxu
1078 1063 1295 1116 mollior
1320 1069 1460 1117 aetas
1890 1066 1996 1119 160

172 1209 255 1249 Hic
285 1209 464 1250 Stilicho
494 1214 670 1261 promtus
687 1209 866 1261 perfecit,
894 1223 943 1250 ne
973 1215 1180 1263 tempestas
1198 1212 1286 1252 belli
1307 1218 1401 1252 esset
1419 1213 1642 1253 diuturnior
1659 1226 1736 1253 una
1754 1215 1910 1266 hyeme:
1940 1214 2000 1255 ef·

170 1262 275 1303 fecit
293 1268 340 1303 ut
355 1267 472 1303 aestas
503 1265 682 1303 redderet
697 1264 946 1303 serenitatem
961 1265 1112 1315 pariter
1129 1266 1214 1304 a'e'ri
1227 1270 1265 1306 et
1282 1265 1391 1314 bello,
1410 1267 1476 1304 vel
1490 1267 1534 1305 in
1546 1267 1738 1306 mensibus
1751 1268 1904 1318 primis.
1937 1268 1997 1308 At

169 1326 239 1355 cur
254 1329 328 1366 ego
355 1316 523 1365 referam
535 1320 752 1368 pugnatum
771 1329 865 1356 esse
886 1329 962 1368 per
980 1322 1039 1356 tot
1057 1330 1177 1356 annos
1204 1320 1387 1357 adversus
1417 1319 1680 1359 Hannibalem
1707 1325 1746 1359 et
1765 1321 1962 1371 Pyrrhum
1976 1319 1998 1361 ‚²

169 1382 256 1409 cum
286 1369 512 1421 Spartacus*
543 1370 716 1418 abjectus
747 1370 908 1409 soeviens
960 1371 1110 1419 gladiis
1147 1374 1185 1410 et
1210 1371 1390 1422 flammis
1414 1385 1483 1422 per
1510 1373 1640 1412 totam‘
1651 1385 1760 1411 oram
1787 1373 1933 1424 Italioe,
1959 1378 2000 1412 et

168 1422 284 1462 toties
300 1423 507 1475 confligens
524 1428 658 1474 aperte
676 1436 772 1463 cum
795 1424 1039 1472 Consulibus,
1056 1423 1282 1475 spoliaverit
1302 1426 1442 1464 castris
1461 1426 1632 1464 dominos
1650 1426 1823 1475 ignavos,
1842 1430 1880 1465 et
1900 1437 1999 1466 cum

170 1476 290 1526 copiis
308 1477 510 1516 servilibus
539 1478 725 1516 deleverit
753 1477 904 1526 aquibus
922 1476 1081 1527 inertes,
1100 1478 1207 1516 clade
1221 1478 1492 1528 ignominiosa.
1548 1479 1633 1517 Nos
1648 1480 1774 1529 proles
1793 1479 1999 1530 inexperta

170 1528 373 1569 timoribus
406 1529 613 1582 ferendis,
633 1534 670 1570 et
691 1530 852 1570 debilior
871 1531 981 1581 luxu,
1010 1531 1237 1580 languemus
1253 1531 1496 1583 queribundi,
1530 1532 1565 1570 si
1597 1532 1661 1572 bos
1686 1534 1839 1572 avulsus
1858 1538 1923 1572 est
1942 1532 1995 1572 ab

934 1679 1231 1694 “OO‘OOOO‘OO

169 1786 253 1826 duo
272 1785 390 1825 Med.
418 1786 502 1826 duo
522 1786 676 1828 Petav.
695 1787 768 1828 sed
791 1793 891 1839 post
908 1786 955 1827 τὸ
972 1800 1104 1828 rerum
1134 1788 1447 1839 interpungunt
1467 1786 1586 1827 Leid.
1609 1799 1672 1837 pr.
1693 1786 1795 1826 Lov.
1815 1783 1998 1826 Tholos.

168 1840 252 1878 duo
270 1840 419 1878 Ambr.
441 1840 564 1879 ambo
584 1842 745 1880 Moret.
769 1841 864 1882 Ald.
892 1839 1075 1881 messibus
1092 1842 1229 1881 Vicet.
1251 1843 1394 1881 Parm.
1413 1842 1439 1882 J
1446 1846 1532 1880 unt.
1561 1840 1659 1879 Ald.
1681 1840 1835 1890 Isingr.
1856 1838 1995 1878 Colin.

169 1899 216 1936 et
243 1892 297 1931 al.
325 1892 518 1931 mensibus
548 1894 667 1932 Leid.
701 1906 787 1933 sec.
821 1907 916 1934 cum
937 1894 1178 1946 quindecim
1209 1895 1317 1944 aliis,
1341 1896 1445 1933 Exc.
1467 1895 1645 1934 Gevart.
1667 1894 1847 1931 Lucens.
1865 1902 1929 1942 pr.
1949 1897 1996 1930 et

169 1945 294 1996 Laeti,
334 1944 437 1984 item
457 1944 559 1985 Var.
597 1947 682 1986 LL.
718 1958 741 1984 e
767 1959 902 1998 marg.
925 1948 1068 1986 Parin.
1105 1947 1297 1986 mensibus
1317 1948 1383 1990 vel
1416 1946 1597 1985 messibus
1619 1946 1770 1984 Petav.
1804 1956 1870 1994 pr.
1898 1947 1997 1983 aetas

168 2000 276 2039 Exc.
293 1999 402 2038 Laeti
421 2011 474 2037 m.
495 2011 559 2048 pr.
579 1999 683 2038 var.
701 1999 787 2038 LL.
809 2013 831 2038 e
850 2013 983 2051 marg.
1001 2001 1283 2038 Pai·nr.—l53
1312 1998 1406 2038 bello
1422 1999 1573 2050 pariter
1587 2000 1748 2048 caeloque
1766 1996 1886 2037 Med.
1906 2007 1994 2036 sec.

167 2055 303 2092 -2154
330 2055 464 2091 contra
490 2053 570 2091 inc.
591 2052 740 2091 Heius.
761 2053 862 2092 Put.
898 2053 1008 2104 Reg.
1028 2052 1193 2091 Thuan.
1226 2053 1335 2091 Bon.
1370 2053 1468 2091 Pat.
1487 2053 1654 2090 Tholos.
1675 2059 1760 2090 vet.
1780 2049 1884 2100 Gyr.
1905 2053 1995 2088 tres

167 2105 318 2145 Petav.
338 2111 426 2144 tres
446 2104 594 2144 Ambr.
611 2106 715 2145 Exc.
737 2107 861 2156 Laeti,
886 2107 1067 2145 Lucens.
1091 2118 1155 2156 pr.
1175 2107 1275 2144 Var.
1295 2107 1379 2144 LL.
1400 2118 1424 2144 e
1453 2117 1585 2155 marg.
1607 2105 1749 2143 Parin.
1777 2103 1882 2141 circa
1898 2103 1999 2163 Iflo·

168 2165 275 2199 rent.
316 2157 416 2198 Ale.
446 2159 590 2198 vicet.
628 2159 762 2199 Coliu.
797 2159 963 2211 Gryph.
997 2160 1143 2199 Parm.
1177 2158 1332 2210 Isingr.
1366 2164 1408 2197 et
1449 2159 1501 2198 al.
1542 2158 1661 2196 armis
1689 2158 1794 2196 Exc.
1818 2156 1999 2195 Laeti.—

169 2215 245 2252 155
278 2213 502 2251 Certantem
541 2213 658 2251 Med.
693 2218 830 2264 quart.
881 2214 1089 2252 Certamen
1119 2214 1223 2251 Vat.
1259 2225 1325 2263 pr.
1358 2213 1486 2251 Farn.
1518 2210 1695 2250 Certavit
1713 2211 1814 2249 Var.
1848 2209 1935 2248 LL.
1971 2220 1995 2247 e

167 2278 300 2317 marg.
319 2266 464 2305 Par-m.
507 2279 595 2305 cum
615 2266 704 2305 vilis
730 2266 830 2307 Jun.
862 2278 925 2316 pr.
948 2267 1088 2305 Oxon.
1109 2278 1196 2304 sec.
1220 2264 1371 2304 Ambr.
1394 2270 1495 2304 tert.
1523 2265 1604 2303 inc.
1623 2263 1775 2302 Heins.
1803 2262 1893 2301 vilis
1909 2273 1997 2300 cum

168 2316 255 2359 tres
277 2319 392 2358 Vatt.
412 2320 540 2358 Farn.
575 2319 690 2358 Prie.
714 2319 838 2358 Rotr.
865 2319 1001 2358 Oisel.
1022 2320 1129 2358 Exc.
1152 2319 1275 2358 Laeti.·
1314 2318 1494 2357 cumillis
1513 2317 1644 2356 Gesn.
1664 2322 1709 2354 et
1724 2315 1790 2354 ed.
1809 2315 1986 2365 Bipont.

167 2377 320 2411 contra
338 2378 537 2413 metrum.
558 2371 588 2412 f.
611 2384 693 2411 err.
717 2377 809 2422 typ.
831 2384 909 2422 pro
938 2373 1041 2410 vilis.
1060 2372 1278 2421 Spartanus
1297 2371 1414 2410 Med.
1437 2383 1521 2409 sec.
1564 2370 1758 2408 Partaeus
1776 2368 1880 2407 Lov.
1894 2368 1995 2406 Put.

170 2424 254 2464 duo
274 2425 426 2464 Petav.
460 2426 675 2464 Parthae-us
700 2425 978 2465 Vinea—156
997 2423 1110 2472 ferro
1141 2425 1208 2462 vel
1236 2423 1353 2471 furto
1388 2424 1493 2462 Exc.
1533 2423 1657 2460 Laeti.
1705 2421 1795 2469 igne
1824 2420 1993 2459 Thalos.

169 2476 320 2516 Ambr.
349 2481 544 2527 pru—157
577 2478 801 2516 Consulibus
833 2477 923 2515 sine
959 2478 1114 2527 copula
1131 2477 1234 2516 Var.
1255 2477 1341 2515 LL.
1362 2476 1428 2514 ed.
1449 2475 1580 2513 Antv.
1625 2473 1852 2512 Consulibus
1864 2483 1993 2511 coram

170 2530 268 2569 Pal.
283 2530 404 2569 Med.
425 2542 490 2579 pr.
518 2530 714 2579 ingressus
733 2531 799 2568 vel
825 2542 1052 2579 congressus
1069 2529 1209 2569 Oxon.
1230 2531 1430 2579 pr.——l58
1464 2528 1637 2566 Exueret
1656 2527 1681 2567 J
1688 2538 1757 2564 un.
1776 2537 1840 2576 pr.
1874 2526 1996 2563 Ever-

170 2583 223 2622 tit
243 2584 351 2622 Exc.
374 2582 482 2622 Laeti
503 2595 556 2622 m.
574 2595 639 2632 pr.
675 2584 841 2621 Eat-uerit
862 2584 944 2621 duo
964 2583 1087 2621 Vatt.
1119 2583 1221 2620 Exc.
1250 2582 1432 2620 Lucens.
1452 2592 1536 2619 sec.
1566 2582 1746 2619 Exuerat
1766 2578 1834 2618 ed.
1852 2578 1996 2638 Viset.

171 2637 344 2675 dominos
375 2637 516 2675 castris
548 2636 701 2675 Petav.
734 2647 800 2685 pr.
836 2635 934 2674 Pat.
975 2637 1163 2686 pudentes
1180 2636 1284 2674 Var.
1312 2635 1399 2673 LL.
1433 2634 1501 2672 ed.
1524 2633 1793 2672 Antv.—159
1820 2631 1997 2682 civ-ilibus

166 2689 196 2730 J
203 2701 271 2730 un.
294 2693 493 2742 [πη-160
525 2693 718 2728 terrarum
736 2690 838 2728 Vat.
859 2693 958 2728 tert.
981 2689 1100 2727 Med.
1121 2700 1206 2728 sec.
1234 2688 1319 2727 lusu
1338 2687 1457 2727 Leid.
1474 2699 1557 2726 sec.
1578 2686 1697 2726 Prie.
1719 2685 1855 2725 Oisel.
1872 2684 1995 2724 Med.

992 2818 1174 2858 NOTAE

177 2955 181 2958 ⁷
226 2916 304 2952 152
365 2912 516 2963 Hyems
569 2911 719 2962 rerum]
792 2910 1049 2962 Tempestas
1116 2911 1286 2950 Lentuli
1307 2909 1405 2950 ludo
1432 2908 1705 2962 gladiatorio,
1733 2907 1879 2959 Capua
1898 2917 1996 2946 cum

170 2974 287 3026 beni,
321 2988 414 3027 quae
434 2974 599 3026 hyemis
617 2975 749 3013 instar
768 2975 948 3013 molesta
966 2979 1048 3012 est.
1117 2974 1392 3024 septuaginta
1452 2971 1763 3024 gladiatoribus
1827 2968 1995 3020 erupit:

177 3079 180 3083 Δ
225 3042 302 3078 153
350 3037 604 3088 Temperiem]
678 3035 835 3075 Effecit
872 3036 1050 3075 Stilicho
1116 3047 1299 3087 moxque
1317 3036 1482 3074 scelere
1510 3039 1555 3073 et
1587 3033 1758 3072 licentia
1777 3043 1999 3080 accensus,

171 3106 221 3142 ut
255 3102 408 3141 eadem
443 3108 569 3140 aestas
606 3100 777 3140 sedaret
806 3099 969 3150 pariter
1006 3104 1051 3138 et
1118 3099 1250 3137 servis
1277 3098 1486 3146 collectis,
1514 3095 1791 3146 Campaniam
1826 3094 2000 3146 popula-

177 3163 317 3204 aetem
339 3170 383 3202 et
407 3164 532 3202 bena.
1121 3169 1186 3201 tus
1215 3168 1297 3210 est,
1335 3160 1558 3212 ruptisque
1596 3159 1835 3197 Praetorum
1871 3155 1999 3195 fasci-

182 3267 190 3270 κ
229 3229 306 3265 155
352 3226 584 3277 Spartacus]
652 3225 795 3264 Homo
829 3224 1052 3274 Thracius,
1122 3225 1213 3275 bus,
1268 3224 1509 3276 Imperator
1560 3221 1818 3273 appellatus,
1853 3229 2000 3258 consu-

178 3286 233 3326 ob
266 3293 400 3328 artem
432 3288 728 3340 gladiatoriam
761 3293 805 3328 et
834 3287 1055 3329 conducti·
1120 3289 1234 3328 lares
1269 3287 1485 3326 exercitus
1516 3284 1646 3334 fudit,
1673 3283 1750 3324 sed
1781 3280 1951 3322 tandem
1970 3290 1997 3319 a

178 3349 283 3389 tiam
320 3349 415 3390 vilis
443 3356 491 3391 et
519 3348 732 3403 abjectus,
766 3345 837 3404 qui
877 3348 1054 3392 effracto
1123 3350 1277 3392 Crasso
1294 3347 1466 3391 fortiter
1483 3347 1686 3388 dimicans
1706 3343 1869 3387 occisus
1888 3344 1999 3386 est-⁴·
2034 3373 2041 3374 ff
