2300 3906
320 191 431 246 908
857 202 951 240 cr..
990 192 1346 238 anumANi
1389 190 1606 232 xxxn.

325 323 456 390 Ipse
481 320 600 373 rudi
625 319 789 371 fultus
811 315 970 376 solio,
996 313 1255 379 nigraque
1277 311 1547 363 verendus

325 406 622 474 Majestate
645 401 797 452 sedet
823 415 835 450 :
874 397 1128 464 squalent
1152 398 1414 447 immania
1438 395 1591 448 foedo
2072 394 2147 445 80

323 489 553 556 Sceptra
581 488 719 548 situ3
760 483 994 533 sublime
1021 486 1190 549 caput
1213 481 1573 532 moestissima
1596 478 1770 530 nubes

322 572 581 639 Asperat,
607 574 659 619 et
680 567 814 618 dirae
841 568 974 633 riget
995 565 1333 618 inclementia
1363 564 1550 616 formae
1574 580 1587 615 :

321 655 607 706 Terrorem
634 653 787 703 dolor
813 651 1068 716 augebat.
1142 649 1285 700 Tum
1310 648 1446 699 talia
1468 647 1619 698 celso

323 737 433 789 Ore
461 742 646 788 tonat:
688 735 1002 786 tremefacta
1025 734 1188 786 silent
1211 733 1431 784 dicente
1457 737 1688 799 tyranno

320 819 516 885 Atria3
558 822 823 872 latratum
848 814 1120 886 triplicem
1147 817 1490 885 compescuit
1513 817 1705 882 ingens

320 956 479 995 innixus
493 957 585 994 solio
601 956 789 1006 impolito,
808 954 995 994 terribilis
1010 954 1212 1002 majestate
1233 959 1319 993 utra
1336 968 1348 992 .·
1368 965 1551 1003 magnum
1568 951 1660 1003 ejus
1673 955 1860 1002 sceptrum
1876 950 2072 989 sordidum
2085 953 2142 989 est

319 1009 428 1059 turpi
446 1009 601 1048 illuvie:
630 1011 745 1047 nubes
764 1009 995 1047 tristissima
1022 1009 1151 1047 reddit
1170 1010 1292 1048 ultum
1310 1007 1398 1058 ejus
1414 1013 1528 1058 caput
1550 1006 1766 1052 limss'dum,
1778 1008 1816 1043 et
1832 1009 1946 1042 totus
1963 1004 2054 1054 ejus
2082 1013 2142 1040 ιω·

315 1066 449 1112 pectus
461 1063 594 1112 plenus
610 1066 667 1100 est
685 1062 830 1100 crudeli
846 1061 992 1111 rigore.
1026 1062 1211 1100 Tristitia
1237 1061 1434 1114 Plutonis
1464 1061 1599 1111 ipsum
1626 1058 1813 1111 efficiebat
1839 1058 1972 1106 magis
1987 1056 2143 1095 terribi-

319 1116 418 1153 lem:
446 1119 539 1154 tunc
553 1114 719 1165 erumpit
736 1116 777 1153 in
804 1115 902 1154 talia
928 1115 1059 1153 verba
1081 1128 1132 1153 ex
1147 1116 1224 1154 ulto
1244 1115 1347 1154 loeo:
1378 1114 1487 1163 Rege
1510 1114 1684 1163 loquente
1703 1112 1829 1161 Regia
1846 1111 2000 1161 trepida
2016 1113 2145 1148 tacet.-

319 1179 480 1216 magnus
497 1169 710 1208 Cerberus
720 1169 874 1217 janitor
892 1169 1057 1207 retinuit
1079 1170 1160 1207 tria
1179 1180 1253 1207 ora
1274 1167 1517 1206 resonantia
1536 1165 1687 1216 triplici
1706 1165 1853 1204 latratu
1868 1177 1885 1211 ;
1916 1167 1954 1203 et
1977 1163 2144 1213 Cocytus

1085 1293 1327 1308 “‘OOOOOO‘
1335 1293 1379 1307 ‘O

317 1367 437 1408 fultus
455 1369 556 1408 Vat.
580 1375 678 1410 tert.
715 1371 821 1420 Reg.
854 1368 998 1408 Ambr.
1018 1374 1120 1408 tert.
1154 1369 1300 1408 Chart.
1332 1367 1487 1407 Heius.
1517 1366 1659 1406 Oxou.
1693 1376 1757 1415 pr.
1779 1363 1883 1404 Cod.
1906 1362 2145 1402 Bartholin.

318 1419 417 1461 Ald.
437 1421 503 1462 ed.
524 1423 669 1464 Parni.
689 1430 734 1462 et
765 1424 908 1463 Vicet.
943 1422 1096 1474 fluctus
1116 1433 1192 1472 pro
1219 1420 1352 1470 fultus
1383 1420 1536 1459 Petav.
1571 1431 1656 1458 sec.
1675 1418 1866 1466 serendus
1892 1417 1989 1456 Vat.
2025 1428 2145 1467 pr.--

317 1477 370 1513 80
395 1477 573 1526 squalent
595 1478 659 1515 vel
678 1477 833 1515 stabant
864 1477 963 1514 Vat.
984 1475 1230 1526 quint.-—-82
1258 1476 1357 1512 (ῆι-α’
1376 1473 1475 1511 Vat.
1507 1484 1570 1521 pr.
1590 1480 1632 1509 et
1666 1470 1800 1521 quint.
1821 1470 1943 1508 Voss.
1963 1480 2050 1508 sec.
2086 1480 2144 1509 m.

317 1539 403 1565 sec.
433 1530 542 1567 duroe
563 1530 666 1568 Cod.
686 1529 922 1567 Bartliolin.
945 1540 1039 1565 cum
1057 1526 1209 1576 viginti
1230 1531 1414 1576 quatuor
1433 1524 1651 1563 aliis.-—83
1670 1523 1883 1561 Horrorem
1902 1521 2053 1560 Petav.
2075 1533 2145 1572 pr.>

319 1579 520 1618 Terrorem
540 1582 608 1620 vel
643 1581 855 1619 Horrorem
890 1581 986 1618 Vat.
1007 1579 1142 1630 quint.
1181 1579 1321 1616 Oxou.
1351 1588 1436 1617 sec.
1466 1587 1666 1615 moerorem
1697 1575 1955 1626 Cujac.-84
1982 1576 2144 1614 ducente

319 1631 413 1670 Pal.
434 1633 582 1673 Heius.
603 1633 659 1672 H.
681 1634 765 1671 (luo
785 1632 904 1672 Med.
933 1633 1122 1679 magistro
1137 1631 1256 1670 Med.
1277 1636 1414 1681 quart.
1432 1630 1586 1668 Heius.
1602 1628 1660 1668 H.
1689 1628 1879 1677 magistro
1893 1628 1958 1666 vel
1977 1631 2143 1679 tyranno

316 1684 436 1723 Med.
459 1690 628 1736 pr.—85
661 1687 827 1726 Tartara
847 1698 923 1737 pro
940 1684 1062 1724 Atria
1081 1697 1133 1724 ex
1153 1685 1267 1735 conj.
1307 1686 1579 1722 emendatum
1613 1682 1654 1720 in
1677 1681 1870 1720 Gevartii
1889 1680 1995 1721 Cod.
2023 1681 2145 1719 latra-

1139 1777 1175 1817 N
1185 1776 1319 1816 OTAE

315 1861 526 1911 Caducifer
577 1875 654 1915 pro
694 1864 910 1904 Mercurio
948 1869 1194 1916 usurpatur.

315 1925 565 1964 Notandum
596 1932 662 1966 est
682 1939 851 1978 quoque
871 1928 1115 1967 Caduceum
1138 1927 1192 1966 ab

313 1988 474 2027 exteris
508 1989 709 2039 gentibus
729 1989 770 2026 in
799 1990 962 2040 signum
988 1991 1107 2040 pacis
1129 2001 1193 2028 so-

311 2049 400 2088 lere
419 2051 656 2100 praetendi3
686 2052 786 2102 quin
808 2057 853 2089 et
882 2051 1013 2101 legati
1044 2063 1192 2101 pacem

307 2115 513 2162 ‘petentes
550 2113 752 2151 dicuntur
774 2115 1070 2162 Caduceutores,
1102 2114 1192 2164 qui-

315 2174 393 2212 bus
426 2186 581 2213 nocere
615 2173 761 2223 nefas3
811 2175 920 2214 Cato
951 2175 1192 2214 ‘eaducea-

313 2236 396 2277 tori
415 2249 538 2277 nemo
557 2239 680 2277 bomo
700 2237 856 2277 nocet!

365 2304 418 2340 79
455 2303 590 2350 Nigra
619 2302 840 2353 mqjestate]
899 2303 1013 2342 Nam
1057 2302 1191 2341 Pluto

310 2366 433 2406 Deus
451 2366 572 2417 niger
598 2372 678 2417 est,
697 2373 742 2405 et
774 2366 904 2418 nigris
933 2366 1080 2405 hostiis
1103 2367 1203 2417 pla-⁴

310 2429 484 2468 candus.

363 2495 413 2531 81
435 2491 618 2543 Sceptra]
636 2493 863 2543 Sceptrum
882 2492 1054 2543 proprie
1069 2491 1191 2533 Jovis

310 2561 392 2605 est,
425 2561 471 2595 et
498 2556 679 2606 Regum,
705 2556 775 2608 qui
806 2556 929 2597 Jovis
961 2568 1189 2607 personam

307 2617 532 2670 vicemque
552 2619 776 2669 sustinent,
795 2618 951 2659 dicitur
975 2620 1189 2670 σκῆπτρον,

307 2679 386 2720 ἀπὸ
415 2682 487 2720 τοῦ
517 2681 773 2731 σκήπτεσθαι,
789 2681 924 2732 inniti,
954 2682 1189 2733 incumbere,

307 2745 420 2795 quod
452 2746 532 2786 hoc
568 2747 711 2798 Reges
742 2746 1044 2795 inniterentur,
1069 2746 1187 2785 velut

291 2807 450 2848 hasta:
474 2809 600 2848 immo
609 2813 824 2860 sceptrum
836 2809 933 2848 olim
946 2815 1040 2848 erat
1049 2809 1183 2848 hasta.

361 2869 534 2911 Sublime
562 2872 700 2923 caput]
748 2871 944 2912 Altitudo
979 2873 1184 2924 suggesti,

307 2931 592 2985 Plutonisque
650 2935 783 2985 ipsius
831 2936 1083 2987 proceritas,
1123 2935 1187 2975 his

306 2995 448 3035 verbis
468 2997 780 3047 exprimuntur.

360 3060 414 3097 82
440 3057 630 3108 Asperat]
663 3057 943 3109 Asperiorem
962 3059 1106 3101 reddit
1124 3065 1187 3100 at-

308 3131 391 3174 que
414 3119 686 3159 atrociorem.

361 3182 505 3233 Rt’get]
532 3182 713 3231 Seneca,
757 3183 770 3204 ‘
787 3183 927 3222 vultus
944 3189 1012 3224 est
1031 3185 1092 3224 illi
1111 3186 1187 3228 Jo-

308 3245 386 3297 vis,
400 3244 476 3285 sed
492 3243 781 3284 fulminantis?

359 3312 411 3350 83
440 3309 642 3349 Terrorem
658 3310 767 3348 dolor
792 3309 978 3364 augebat]
1021 3311 1094 3352 Ira
1114 3312 1187 3352 do-

306 3373 398 3414 lore
410 3371 545 3424 mixta
559 3371 746 3424 augebat
762 3378 993 3415 terrorem:
1024 3376 1184 3416 nullum

305 3441 564 3490 nempe-est
600 3435 759 3478 animal
785 3440 872 3477 tam
904 3437 1182 3493 horrendum,

1262 1869 1349 1904 tam
1379 1863 1665 1914 perniciosum
1695 1868 1866 1910 natura,
1898 1865 2047 1900 utnon
2069 1872 2141 1912 ap·

1263 1932 1414 1978 pareat
1450 1927 1491 1965 in
1530 1926 1617 1972 illo,
1650 1924 1684 1963 si
1714 1924 1778 1962 ira
1812 1923 1983 1974 invasit,
2017 1935 2140 1963 novae

1261 1991 1447 2030 feritatis
1467 1990 1672 2030 accessio.

1318 2053 1427 2092 Celso
1445 2065 1509 2092 ore
1527 2051 1656 2101 tonat]
1700 2050 1753 2090 Id
1779 2055 1860 2099 est,
1880 2050 2018 2089 celsus
2048 2050 2140 2100 ipse

1261 2116 1363 2155 etin
1392 2116 1480 2155 alto
1517 2116 1612 2153 loco
1641 2115 1848 2162 eminens,
1885 2118 2035 2161 tonat3
2065 2124 2140 2152 seu

1261 2178 1431 2216 immani
1451 2182 1496 2216 et
1509 2175 1697 2215 horribili
1713 2187 1817 2214 voce
1838 2175 2006 2225 clamat,
2026 2175 2138 2228 quod

1259 2240 1354 2280 irati
1377 2241 1541 2291 signum
1562 2247 1642 2279 est.

1313 2308 1365 2343 84
1395 2303 1640 2352 Tremefacta
1657 2302 1794 2353 silent]
1823 2302 1917 2342 Deo
1937 2303 2140 2355 loquente

1263 2374 1308 2407 et
1330 2369 1440 2406 irato
1455 2372 1571 2406 totus
1593 2365 1706 2404 orbis
1724 2364 1946 2404 tremebat.
2003 2366 2140 2417 Paga·

1258 2443 1333 2471 nos
1355 2431 1395 2469 id
1419 2441 1642 2481 usurpasse
1681 2441 1706 2468 a
1734 2427 1898 2469 Judaeis
1917 2428 2034 2467 credi
2067 2441 2141 2479 po·

1259 2500 1358 2534 test.
1390 2494 1509 2533 Psal.
1545 2503 1659 2532 xvu.
1701 2491 1764 2530 καὶ
1785 2489 1990 2543 ἐσαλεύθη,
2003 2491 2066 2530 καὶ
2082 2490 2141 2531 ἔν·

1259 2572 1401 2609 τρομος
1416 2555 1581 2606 ἐγενήθη
1598 2555 1624 2602 ἡ
1640 2555 1709 2606 γῆ,
1727 2553 1790 2593 καὶ
1808 2553 1860 2593 τὰ
1879 2553 2038 2601 θεμέλια
2060 2557 2139 2594 τῶν

1257 2621 1374 2675 ὀρέων
1421 2618 1709 2673 ἐταράχθησαν,
1743 2617 1807 2658 καὶ
1858 2617 2138 2671 ἐσαλεύθησαν,

1256 2686 1316 2726 ὅτι
1342 2685 1513 2738 ὠργίσθη
1527 2685 1656 2724 αὐτοῖς
1683 2685 1704 2722 ὁ
1723 2682 1832 2723 θεός;
1875 2685 1932 2723 Et
1952 2688 2139 2724 commota

1255 2755 1314 2790 est
1334 2757 1371 2790 et
1398 2749 1631 2790 contremuit
1667 2752 1789 2797 terra,
1811 2750 1847 2786 et
1871 2746 2138 2795 fundamenta

1253 2813 1440 2852 montium
1453 2810 1684 2851 conturbata
1702 2813 1808 2861 sunt,
1822 2809 2000 2861 quoniam
2012 2809 2138 2849 iratus

1253 2880 1310 2916 est
1327 2876 1384 2915 eis
1397 2877 1519 2915 Dens.

1313 2937 1517 2991 Tyranno]
1548 2937 1663 2977 Olim
1703 2948 1782 2988 pro
1821 2936 1940 2986 Rege
1970 2934 2134 2985 Tyran-

1254 3014 1332 3041 nus
1348 3001 1606 3054 ponebatur,
1619 2998 1821 3050 Virgilius
1839 3010 1849 3036 ε
1879 2997 1891 3018 ‘
1908 2996 2015 3035 Pars
2032 2995 2134 3035 mihi

1256 3064 1374 3116 pacis
1393 3065 1475 3104 erit
1503 3063 1696 3103 dextram
1717 3061 1913 3111 tetigisse
1934 3061 2136 3111 tyranni!

1251 3128 1264 3149 ‘
1290 3127 1414 3167 Nunc
1434 3131 1634 3176 tyrannus
1653 3123 1809 3162 dicitur
1825 3128 1989 3163 tantum
2010 3124 2044 3162 is
2063 3124 2135 3176 qui

1257 3193 1324 3228 est
1353 3186 1579 3226 incubator
1607 3185 1787 3235 imperii,
1808 3191 1853 3224 et
1879 3186 1950 3237 qui
1979 3186 2132 3226 crude-

1254 3251 1358 3289 liter
1389 3249 1736 3299 impotenter-que
1771 3247 2041 3288 dominatur:
2082 3256 2132 3289 ut

1253 3311 1478 3352 incubator
1514 3309 1636 3349 Aulae
1672 3309 1827 3350 Siculae
1874 3310 2132 3362 Dionysius.⁸

1254 3372 1513 3415 Macrobius.
2112 3422 2116 3426 ι

1303 3441 1354 3477 85
1384 3435 1711 3489 Ingensjanitor]
1731 3435 1962 3490 Cerberus,
1977 3435 2130 3490 qulest
