2300 3906
223 831 226 835 ’
290 817 367 872 Ut
384 820 533 872 vinci
559 820 806 871 didicere
833 821 1019 873 semel.

289 179 399 232 ’710
839 197 933 236 cn.
970 195 1327 234 CLAUDIAM
1370 195 1557 235 xxvl.

290 313 628 366 Incolumem
654 315 804 366 tenui
830 315 1032 365 damno
1061 328 1311 365 servasse
1336 315 1581 367 carinam
2079 319 2116 368 5

289 396 504 462 Fertur,
534 403 588 450 et
613 399 905 466 ancipitem
927 397 1130 449 montis
1154 398 1365 450 vitasse
1386 400 1625 465 ruinam„

288 480 651 551 Deceptoque
678 498 839 550 vagae
866 499 1134 535 concursu
1158 484 1311 551 rupis
1335 483 1390 535 in
1418 485 1586 537 altum

287 565 593 619 Victricem
619 568 849 619 duxisse
874 572 1060 620 ratem.
1137 569 1413 636 Stupuere
1441 570 1695 637 superbae

286 648 423 703 Arte
446 653 548 703 viri
574 652 793 704 domitae
821 653 1223 721 Symplegades
1244 671 1257 719 ;
1297 659 1350 705 et
1374 670 1520 706 nova
1544 670 1736 722 passae

289 734 326 785 J
333 751 429 786 ura
452 736 582 799 soli,
611 738 826 789 cunctis
847 737 1043 789 faciles
1061 737 1181 806 jam
1206 739 1489 806 puppibus
1514 736 1738 801 haerent,

1098 821 1264 885 Quod
1287 822 1334 872 si
1363 821 1534 873 ardua
1558 820 1781 888 Tiphyn

290 901 469 955 Navis
494 904 566 954 ob
591 904 846 955 innocuae
872 905 1125 955 meritum
1151 904 1231 955 sic
1256 905 1427 971 gloria
1450 904 1633 969 vexit3

290 985 433 1049 Quae
461 987 564 1038 tibi
590 1001 690 1054 pro
717 986 855 1037 tanti
881 987 1047 1053 pulso
1072 988 1385 1039 discrimine
1407 988 1564 1054 regni

289 1068 576 1121 Sufficiant
599 1069 814 1133 laudeS,
841 1069 1156 1122 Stilichon'?
1234 1071 1394 1124 Licet
1420 1073 1603 1124 omnia
1629 1076 1787 1125 vates

2047 737 2118 789 10

287 1240 509 1281 discrimine
527 1241 729 1292 viciniore,
761 1242 908 1294 Tiphys
931 1256 1030 1284 unus
1059 1244 1207 1284 dicitur
1234 1250 1323 1296 post
1360 1246 1468 1285 Deos
1504 1245 1685 1285 liberasse
1702 1257 1837 1285 navem
1849 1246 1994 1285 salvam
2022 1256 2121 1285 cum

291 1295 364 1333 levi
382 1294 632 1345 detrimento,
650 1299 766 1346 atque
796 1295 982 1347 effugisse
1013 1310 1142 1337 casum
1164 1299 1420 1349 periculosum
1451 1311 1651 1348 saxorum,
1669 1302 1708 1338 et
1729 1299 1934 1339 deduxisse
1954 1300 1995 1338 in
2013 1311 2121 1337 mare

292 1347 488 1399 superius
506 1361 641 1387 navem
658 1350 961 1400 triumphantem
978 1352 1079 1390 eluso
1092 1353 1272 1404 conflictu
1288 1353 1378 1391 saxi
1394 1353 1576 1392 errantis.
1605 1352 1880 1404 Symplegades
1899 1353 1989 1390 altoe
2006 1353 2122 1390 victae

291 1401 486 1440 industria
506 1401 671 1441 hominis
688 1402 915 1454 obstupuere
932 1416 945 1449 ,·
973 1408 1009 1443 et
1029 1403 1205 1452 ferentes
1232 1406 1435 1456 imperium
1454 1418 1585 1445 recens
1601 1409 1732 1455 terroe,
1750 1409 1955 1456 postquam
1981 1405 2125 1444 didice-

288 1457 381 1492 runt
399 1456 517 1494 semel
530 1455 694 1505 domari,
710 1455 1055 1503 nuncfavorabiles
1065 1458 1238 1498 omnibus
1252 1459 1412 1498 navibus
1428 1459 1656 1498 hoerescunt.
1689 1460 1801 1503 Quod
1818 1458 1972 1507 sisama
1986 1458 2125 1508 ingens

291 1509 436 1547 extulit
459 1508 626 1560 Tiphym
651 1513 813 1561 propter
826 1510 1006 1550 honorem
1030 1511 1140 1551 navis
1159 1511 1291 1551 illcesoe
1303 1525 1318 1559 ;
1344 1525 1430 1563 quoe
1441 1512 1588 1564 gloria,
1609 1524 1633 1551 ο
1651 1511 1830 1563 Stilicho,
1842 1513 1939 1551 satis
1953 1512 2029 1550 erit
2047 1511 2124 1551 tibi

1061 1630 1355 1646 OOOOOOOOOOOO

290 1707 491 1746 Pric.—6
518 1720 686 1748 servasse
701 1708 801 1749 vat.
823 1712 1003 1749 ἱρή-7
1019 1722 1200 1750 concussu
1217 1710 1356 1752 Oisel.
1383 1724 1566 1752 concursu
1586 1713 1656 1752 vel
1671 1724 1757 1752 cum
1769 1723 1882 1751 cursu
1902 1711 2044 1751 Oxou.
2058 1721 2125 1762 ρι’.

289 1764 369 1799 ——8
395 1762 557 1811 superba
577 1762 713 1802 Oisel.
741 1774 797 1801 m.
818 1774 903 1803 sec.
937 1763 1056 1803 Med.
1087 1776 1173 1804 sec.
1203 1765 1303 1804 Vat.
1324 1765 1461 1806 Livin.
1489 1765 1664 1817 superboe
1683 1772 1865 1818 quatuor
1885 1764 2006 1804 Vatt.
2026 1764 2124 1804 Pal.

290 1814 407 1854 Prie.
428 1814 551 1854 Rott.
573 1814 708 1856 oisel.
752 1816 908 1867 superbi
926 1818 1027 1856 Vat.
1049 1829 1114 1869 pr.
1147 1830 1202 1858 m.
1225 1830 1291 1870 pr.
1314 1819 1440 1859 Farn.
1472 1820 1631 1860 Moret.
1661 1832 1725 1872 pr.
1745 1819 1846 1861 Jun.
1882 1830 1947 1869 ρι’.
1981 1818 2123 1859 oxon.

291 1871 485 1907 sea—10
514 1869 620 1907 Jura
639 1869 712 1908 sali
728 1871 828 1910 Vat.
851 1883 914 1921 pr.
932 1882 990 1910 m.
1011 1883 1095 1911 sec.
1124 1871 1242 1911 certis
1261 1872 1402 1912 Oxou.
1425 1885 1489 1925 pr.
1509 1885 1563 1912 m.
1590 1885 1654 1923 pr.
1701 1875 1851 1914 cunctis
1871 1874 1953 1911 duo
1972 1872 2123 1912 Leidd.

292 1927 337 1960 et
358 1921 507 1972 viginti
528 1928 616 1961 tres
636 1923 721 1974 alii,
740 1924 847 1963 Exc.
867 1925 1051 1964 Lucens.
1068 1937 1132 1976 pr.
1152 1926 1254 1964 Var.
1276 1926 1364 1966 LL.
1385 1939 1408 1966 e
1428 1939 1563 1978 marg.
1586 1928 1732 1967 Parni.
1762 1927 1917 1966 horrent
1935 1927 2037 1966 vat.
2061 1939 2125 1977 pr.

292 1987 349 2014 m.
370 1987 455 2013 sec.
474 1975 671 2015 Fam—1
685 1980 703 2014 1
724 1977 781 2015 Et
799 1977 902 2016 vinci
920 1978 1024 2017 Lov.
1046 1979 1212 2018 Mazar.
1239 1980 1402 2031 puppim
1420 1993 1497 2032 pro
1517 1981 1671 2033 Tiphyn
1691 1981 1851 2020 Moret.
1872 1992 1936 2032 pr.
1961 1980 2126 2032 Tiphym

293 2027 414 2067 Leid.
435 2040 522 2067 sec.
544 2033 631 2067 tres
662 2031 781 2069 Vatt.
815 2030 912 2070 Pal.
947 2031 1073 2070 Farn.
1104 2031 1221 2071 Prie.
1251 2038 1342 2073 tres
1371 2034 1490 2074 Med.
1522 2035 1605 2074 inc.
1641 2035 1790 2076 Heius.
1838 2034 1992 2086 Typhin
2022 2034 2125 2084 Reg-

289 2081 457 2120 Tholos.
474 2082 626 2121 PetaV.
647 2094 731 2122 sec.
765 2084 931 2135 Typhim
945 2084 1046 2123 Put.
1064 2085 1227 2125 Mazar.
1247 2087 1409 2126 Thuau.
1433 2088 1598 2127 Bonon.
1617 2086 1768 2128 Ambr.
1790 2100 1852 2140 pr.
1870 2088 1954 2127 duo
1969 2087 2126 2127 Petav.

291 2137 398 2173 —12
427 2135 561 2183 qu‘us
594 2148 672 2185 pro
702 2137 828 2175 Navis
861 2138 1010 2177 Petav.
1043 2143 1143 2178 tert.
1172 2138 1220 2177 ab
1260 2139 1434 2179 innocuae
1465 2141 1584 2180 Leid.
1622 2153 1708 2182 sec.
1743 2143 1850 2181 Exc.
1890 2142 2127 2181 Gevart.—

294 2190 345 2227 13
373 2189 480 2238 pulso
500 2189 606 2228 Exc.
641 2189 754 2228 Laeti
786 2195 832 2230 et
865 2190 1047 2230 Lucens.
1082 2203 1145 2242 ρι’.
1174 2191 1293 2242 digno
1326 2192 1393 2233 ed.
1430 2194 1681 2233 Vicet.-14
1711 2195 1914 2246 Sufficient
1941 2199 2126 2245 quatuor

296 2241 416 2281 Vatt.
437 2241 532 2280 Pal.
554 2242 679 2283 Farn.
700 2243 819 2284 Prie.
840 2243 957 2284 Rott.
980 2244 1116 2285 Oisei.
1137 2245 1244 2286 Exc.
1277 2246 1403 2287 Laeti.
1435 2247 1665 2300 Sufficerent
1683 2248 1784 2289 Jun.
1804 2259 1866 2299 pr.
1888 2248 2028 2287 Oxou.
2047 2259 2132 2287 sec.

1120 2365 1305 2407 NOTAE

345 2460 512 2514 Tiphys]
538 2461 830 2503 Peritissimus
862 2436 982 2504 navis
1016 2464 1171 2517 guber·
1311 2460 1337 2496 9
1383 2458 1496 2496 ΝΟΜ
1524 2457 1622 2506 jura
1653 2456 1745 2507 ⁸⁰²5]
1801 2457 2007 2496 Ferentes
2052 2468 2126 2497 ¹¹0·

291 2528 445 2564 nator:
475 2525 536 2564 sic
566 2524 769 2576 Orpheus
801 2526 919 2566 illum
939 2534 1084 2578 vocat,
1106 2543 1172 2568 κυ·

288 2585 507 2639 βερνητῆρά
536 2603 581 2628 τε
598 2587 734 2641 Τίφην,
757 2589 1058 2640 gubernatorem
1095 2593 1174 2645 Ty-

287 2652 399 2703 phin.

344 2720 368 2754 5
403 2715 526 2755 Tenui
552 2715 709 2766 damno]
765 2718 973 2757 Extrema
1017 2719 1174 2772 puppis

292 2787 419 2830 parte
466 2791 675 2819 concursu
723 2781 894 2831 rupium
941 2781 1071 2821 elisa:
1130 2782 1175 2821 id

291 2841 407 2893 quod
428 2842 578 2881 emissa
596 2842 712 2894 prius
734 2844 944 2896 columba,
963 2850 1008 2885 et
1025 2845 1173 2886 caudae

291 2909 459 2955 partem
480 2906 722 2958 amittente,
739 2904 934 2947 futurum
953 2907 1174 2960 dignosce-

291 2968 433 3009 batur.

291 3035 294 3038 '
343 3034 371 3070 6
401 3031 573 3082 Montis]
586 3032 810 3083 Saxorum,
829 3046 924 3086 quae
943 3036 1098 3076 montis
1114 3037 1174 3076 in-

288 3098 380 3135 star
396 3093 439 3133 in
454 3106 545 3133 sese
565 3094 746 3135 invicem
762 3108 885 3136 ruere
904 3097 1175 3140 videbantur.

303 3173 307 3178 ·
341 3161 368 3198 7
399 3158 595 3209 Decepta]
627 3159 755 3199 Eluso
777 3173 973 3201 saxorum
997 3163 1171 3216 jamJam

289 3233 415 3262 ruere
433 3221 718 3261 minitantium
741 3221 957 3264 conflictu.

345 3289 371 3325 8
399 3285 586 3337 Superba
625 3285 922 3339 Symplegades]
973 3287 1087 3329 Altae
1123 3294 1170 3329 et

287 3348 410 3388 velut
438 3348 624 3400 superbo
660 3349 889 3400 supercilio
925 3350 1170 3392 coelumffaf-

289 3411 513 3452 sectantes.

517 3528 547 3555 ’ὁρ

1240 2533 1340 2560 vum
1371 2520 1598 2571 imperium
1638 2525 1781 2570 terrae,
1816 2519 1886 2559 cui
1919 2518 2124 2571 deinceps
2142 2520 2149 2532 ⁴

1242 2584 1461 2623 adhaerere
1479 2583 1710 2625 debebant.
1749 2584 1863 2624 Nam
1877 2590 1978 2624 ante
1998 2595 2124 2635 rupes

1244 2648 1329 2687 illae
1361 2653 1486 2687 erant
1499 2697 1501 2699 ι
1514 2647 1706 2698 mobiles,
1725 2652 1772 2687 et
1791 2647 1869 2686 soli
1889 2659 1964 2686 seu
1996 2650 2125 2686 terrae

1238 2712 1340 2764 jura
1359 2711 1611 2751 nesciebant
1629 2724 1639 2750 :
1669 2710 1745 2750 sed
1765 2710 1806 2749 in
1827 2709 1927 2749 fatis
1947 2714 2057 2762 erat,
2075 2715 2125 2749 ut

1243 2776 1389 2815 statim
1410 2781 1541 2827 atque
1559 2774 1679 2814 navis
1699 2774 1841 2826 aliqua
1868 2772 2125 2824 transiisset,

1244 2839 1335 2879 solo
1355 2839 1576 2890 deinceps,
1608 2842 1654 2877 ut
1683 2849 1811 2889 rupes
1829 2829 2128 2888 ceteraestige-

1243 2907 1403 2942 rentur.
1431 2900 1631 2941 Valerius
1647 2900 1825 2940 Flaccus
1842 2913 1853 2939 z
1882 2901 1894 2921 ‘
1913 2899 2019 2938 Tum
2038 2897 2126 2938 fre-

1245 2973 1303 3016 ta,
1323 2979 1417 3020 quae
1451 2966 1588 3016 longis
1619 2963 1793 3005 fuerant
1819 2964 2028 3015 impervia
2047 2975 2123 3004 sae-

1245 3031 1336 3079 clis,
1351 3029 1417 3068 Ad
1439 3028 1625 3068 subitam
1645 3033 1849 3078 stupuere
1871 3026 2035 3067 ratem)

1294 3097 1347 3133 12
1367 3093 1496 3132 Navis
1512 3092 1558 3130 ob
1576 3092 1751 3130 innoeuae
1768 3089 1970 3140 meritum]
1987 3090 2125 3142 Prop-

1239 3163 1308 3199 ter
1326 3155 1580 3196 industriam
1599 3153 1830 3193 adhibitam
1852 3153 1892 3191 in
1911 3153 2125 3193 servanda

1237 3233 1345 3262 nave
1363 3219 1526 3266 illaesa3
1547 3229 1631 3269 quo
1646 3215 1765 3256 facto
1785 3216 1840 3255 de
1862 3215 2122 3268 Argonautis

1236 3291 1324 3326 tam
1343 3284 1452 3323 bene
1479 3282 1656 3321 meritus
1676 3288 1742 3319 est
1759 3280 1929 3332 Tiphys.
1987 3281 2122 3322 Quasi

1236 3349 1403 3389 diceret
1435 3345 1589 3397 Poeta,
1628 3344 1674 3384 Si
1708 3343 1874 3396 Tiphys
1909 3344 1963 3384 ob
1982 3344 2123 3385 navim

1237 3416 1389 3452 contra
1404 3407 1713 3462 Symplegadas
1726 3412 1937 3449 servatam
1953 3412 2120 3450 tantum
