2300 3906
342 207 451 261 568
923 216 1021 253 ct..
1060 207 1411 256 c-LAumAm
1452 206 1569 247 xx.

343 337 552 390 Omnes
579 335 857 406 supplicio
881 333 1080 400 dignos
1098 327 1600 396 letoque-fatentur,

344 420 459 485 Qui
483 438 543 473 se
568 419 883 474 tradiderint
905 414 1146 476 famuliS,
1173 410 1482 463 Stilichone
1502 409 1711 462 relict0.

344 503 552 559 Mutati
576 509 831 571 stupuere
855 501 971 564 diu,
998 513 1275 564 sensuque
1299 495 1526 547 reducto

344 588 623 642 Paulatim
647 587 854 656 proprii
875 585 1136 637 mirantur
1157 584 1405 633 monstra
1424 577 1629 630 suroris
1651 593 1664 628 ε

343 670 721 740 Avertuntque
747 671 960 724 oculos,
1036 665 1313 735 Projectis
1339 663 1587 716 fascibus
1609 659 1796 713 horret
2060 656 2166 710 520

345 755 550 820 Lictor,
571 761 624 808 et
647 755 877 807 infames
901 755 1159 807 labuntur
1182 754 1376 819 sponte
1398 763 1641 800 secures.

346 837 560 902 Quales
587 838 772 891 Aonio
795 838 1022 890 Thebas
1046 837 1113 888 de
1135 840 1320 887 monte
1344 849 1584 885 reversae

346 921 653 986 Maenades,
678 921 894 973 insectis
927 919 1172 972 Pentheo
1199 917 1467 982 sanguine
1492 915 1715 982 thyrsis,

346 1003 487 1058 Cum
510 1007 691 1074 patuit
715 1008 944 1056 venatus
971 1006 1149 1064 atrOX,
1175 1000 1446 1067 matrique
1468 1003 1706 1051 rotatum

345 1088 696 1157 Conspexere
721 1091 911 1156 caput,
938 1101 1154 1154 gressus
1181 1084 1419 1151 caligine
1445 1083 1638 1150 figunt,
2064 1076 2173 1131 525

346 1173 422 1226 Et
445 1174 655 1226 rabiem
680 1172 890 1224 desisse
915 1170 1120 1224 dolent.
1198 1166 1348 1232 Quin
1371 1167 1622 1236 protinus
1646 1166 1775 1235 ipsa

349 1350 507 1389 meritos
535 1361 630 1390 esse
658 1362 810 1402 poenam
826 1354 865 1390 et
881 1353 1058 1401 mortem,
1087 1350 1189 1400 quod
1219 1347 1483 1388 commiserint
1499 1358 1580 1386 sese
1594 1345 1732 1395 servis,
1760 1342 1975 1383 Stilichone
1992 1342 2179 1392 neglecto.

350 1403 508 1443 Mutati
536 1404 729 1444 lea-serunt
745 1404 829 1455 diu,
844 1407 884 1443 et
902 1403 1042 1443 anisnis
1057 1402 1238 1451 collectis,
1253 1402 1395 1440 sensim
1410 1400 1676 1451 obstupescunt
1702 1400 1884 1450 portenta
1902 1396 2065 1435 insaniae
2081 1406 2178 1445 suoe,

349 1459 389 1495 et
418 1456 644 1508 detorquent
674 1457 823 1496 oculos:
850 1457 964 1496 1ictor
992 1455 1233 1496 exhorrescit
1251 1453 1432 1503 fascibus
1461 1453 1637 1502 abjectis,
1664 1455 1702 1491 et
1729 1462 1882 1491 secures
1908 1447 2178 1499 ignominiosa

352 1509 498 1548 cadunt
525 1514 659 1560 suopte
694 1514 824 1550 motu.
897 1509 1227 1554 Quemadmodum
1261 1506 1509 1548 Bacchantes
1543 1509 1759 1557 repetentes
1792 1502 1940 1542 Thebas
1971 1514 2022 1541 ex
2050 1503 2178 1541 monte

351 1562 495 1613 Aonio,
512 1563 634 1602 hastis
650 1563 866 1602 cruentatis
880 1574 1018 1602 cruore
1034 1561 1221 1610 Penthei,
1251 1573 1341 1600 cum
1369 1564 1530 1599 venatus
1547 1558 1718 1598 crudelis,
1730 1556 1909 1606 cognitus
1924 1557 1998 1603 est,
2015 1557 2055 1593 et
2073 1554 2180 1593 vide·

351 1618 445 1654 runt
463 1620 580 1666 caput
594 1619 788 1655 versatum
807 1628 832 1655 a
849 1619 975 1655 matre
992 1614 1142 1666 ipsius,
1160 1614 1333 1667 defigunt
1351 1613 1519 1663 vestigia
1547 1612 1590 1651 in
1617 1609 1801 1659 tenebris,
1824 1613 1862 1648 et
1880 1608 2085 1657 ingemunt
2107 1605 2181 1654 su-

350 1678 478 1708 rorem
496 1680 619 1709 suum
644 1681 805 1709 cessare.
859 1669 1064 1708 Preterea
1093 1667 1251 1709 Aurora
1281 1666 1367 1718 ipsa
1394 1666 1616 1718 supplicans
1639 1663 1779 1704 statim
1806 1661 1913 1702 venit
1943 1662 1996 1700 aa
2021 1659 2181 1700 Italiam

1117 1779 1262 1795 “W
1265 1778 1412 1795 000000

350 1853 478 1895 tendit
496 1854 723 1895 Fui-51⁷
754 1855 940 1900 Quod1se
970 1854 1219 1894 tradiderant
1242 1854 1345 1895 Jun.
1375 1864 1441 1904 pr.
1476 1850 1632 1901 famulo
1649 1850 1734 1890 duo
1749 1850 1871 1890 Vatt.
1891 1848 2018 1888 Fam.
2035 1846 2182 1889 Oxou.

352 1920 418 1959 pr.
439 1906 559 1947 Med.
578 1914 719 1959 quart.
738 1907 806 1947 ed.
826 1907 971 1947 Vicet.
1006 1907 1176 1954 famulis
1193 1911 1281 1946 tres
1302 1906 1422 1946 Med.
1440 1906 1522 1944 inc.
1544 1905 1696 1944 Heins.
1717 1904 1819 1942 Put.
1838 1902 2005 1942 Thuan.
2027 1901 2182 1942 Petav.

354 1973 439 2001 sec.
458 1961 623 1999 Bonon.
642 1961 743 1999 Pat.
762 1960 937 1999 Tholos.
955 1960 1116 1999 Moret.
1135 1971 1222 1999 sec.
1246 1964 1335 1999 tres
1367 1958 1520 1998 Ambr.
1555 1958 1660 1997 Exc.
1688 1956 1869 1996 Gevart.
1900 1956 2084 1995 Lucens.
2114 1965 2184 2005 pr.

354 2012 457 2052 Ald.
476 2013 579 2052 Var.
600 2013 684 2051 LL.
704 2024 728 2050 e
746 2024 882 2062 marg.
904 2013 1049 2052 Parm.
1083 2011 1236 2061 famulo
1254 2013 1323 2052 vel
1328 2011 1493 2060 fanmlis
1513 2012 1618 2050 Lov.
1635 2011 1827 2049 Florent.
1872 2008 2064 2048 Stilicone
2081 2007 2183 2049 vat.

354 2068 578 2105 see—518
607 2065 782 2104 Mutatis
795 2065 895 2105 Vat.
915 2068 1116 2116 pr.-5l9
1145 2065 1293 2105 Mirati
1309 2066 1475 2105 Bonon.
1504 2065 1611 2103 Exc.
1643 2063 1748 2103 Cod.
1782 2063 1930 2103 Rhem.
1979 2060 2186 2100 Mirantur

350 2118 508 2170 proprii
524 2119 715 2170 paulatim
746 2117 888 2158 Oxou.
914 2129 1000 2158 sec.
1042 2122 1240 2169 strepuere
1257 2119 1363 2158 Put.
1389 2130 1446 2157 m.
1467 2129 1532 2168 pr.
1553 2117 1718 2157 Bonon.
1737 2115 1887 2157 Ambr.
1907 2124 1981 2166 pn·
2014 2114 2186 2166 stipuere

354 2171 469 2222 Reg.
489 2171 645 2211 Petav.
665 2183 730 2222 pr.
758 2183 812 2210 m.
846 2183 910 2222 pr.
944 2171 1083 2218 frusta
1091 2170 1246 2219 furoris
1273 2172 1394 2211 Raott.
1442 2169 1528 2210 Hic
1559 2182 1704 2210 versus
1736 2169 1858 2208 deest
1892 2169 1935 2207 in
1966 2167 2186 2208 Mami-.—

354 2226 437 2263 620
463 2225 758 2275 Advertuntque
775 2225 878 2264 Vat.
903 2229 1005 2264 tert.
1030 2236 1087 2264 m.
1108 2236 1174 2276 pr.
1197 2225 1317 2265 Rott.
1337 2225 1527 2264 Floreat.
1547 2222 1576 2264 J
1581 2235 1650 2262 un.
1671 2236 1736 2275 pr.
1757 2223 1912 2262 Petav.
1933 2231 2020 2261 sec:
2060 2219 2185 2261 Aver-

354 2280 446 2317 tunt
464 2275 615 2318 Ambr.
638 2290 704 2329 pr.
750 2277 1022 2329 Aser-tumque
1039 2278 1139 2317 Pat.
1179 2278 1391 2330 prostratis
1409 2278 1477 2317 vel
1491 2276 1677 2328 proiectis
1707 2276 1806 2316 Vat.
1827 2277 2028 2327 piu—522
2055 2273 2187 2315 Aoni«

355 2331 481 2370 toedas
497 2331 658 2371 Moret.
681 2343 744 2382 pr.
793 2330 932 2370 Thebis
948 2332 1050 2371 Vat.
1071 2343 1137 2382 pr.
1170 2332 1335 2372 Bonon.
1377 2333 1571 2382 efflante„
1582 2329 1729 2370 Ambr.
1748 2341 1814 2379 pr.
1852 2329 1997 2367 reversi
2030 2327 2187 2367 Petav.

355 2387 577 2423 sem—523
596 2383 763 2444 'infestis
791 2384 911 2424 Med.
944 2395 1031 2424 sec.
1063 2397 1120 2426 m.
1149 2388 1352 2435 pr.—524
1383 2386 1417 2425 C
1447 2388 1570 2435 pantu
1596 2395 1674 2434 pro
1705 2383 1834 2427 Quum
1846 2382 1978 2433 patuit
1993 2381 2095 2422 Jun.
2117 2391 2186 2432 pr.

354 2440 516 2475 venatus
531 2436 648 2476 Prie.
693 2440 854 2476 venator
873 2437 943 2476 vel
955 2441 1118 2478 venatus
1131 2439 1233 2477 Vnt.
1256 2450 1321 2489 pr.
1368 2437 1581 2489 matrisque
1595 2439 1728 2475 rotatu
1744 2436 1862 2475 Med.
1882 2441 1985 2473 tert.
2030 2432 2190 2483 vidique

355 2492 527 2528 rotatum
545 2489 642 2530 Pat.
662 2501 716 2530 m.
738 2493 934 2540 pr.·-525
963 2491 1162 2542 Aspexere
1182 2492 1277 2531 Pal.
1294 2491 1396 2530 Vat.
1416 2502 1505 2530 sec.
1524 2489 1643 2529 Med.
1664 2501 1729 2540 pr.
1749 2489 1852 2530 Jun.
1872 2499 1936 2538 pr.
1955 2486 2057 2526 Put.
2086 2485 2190 2527 Pat.

358 2541 571 2592 Aspen-sere
587 2543 688 2582 Vat.
710 2555 776 2594 pr.
813 2555 951 2593 gressu
982 2544 1084 2583 Put.
1113 2544 1281 2597 fingunt
1312 2543 1434 2584 Leid.
1459 2556 1543 2584 sec.
1563 2555 1658 2583 cum
1677 2553 1830 2581 novem
1850 2540 1958 2591 aliis,
1971 2540 2080 2579 Exc.
2100 2538 2188 2580 Ge-

359 2599 472 2634 vart.
486 2596 593 2635 Var.
610 2595 697 2636 LL.
716 2596 783 2635 ed.
801 2595 934 2636 Antv.
962 2596 1102 2650 figunt
1124 2598 1191 2636 vel
1202 2597 1366 2649 fingunt
1386 2597 1546 2637 Movet.
1564 2597 1787 2635 sem—526
1813 2594 1955 2634 desisse
1974 2597 2058 2632 vet.
2078 2591 2188 2644 Gyr-

357 2645 485 2688 Med.
501 2659 588 2688 sec.
606 2648 716 2699 Reg.
735 2650 898 2689 Moret.
917 2661 1002 2689 sec.
1023 2650 1107 2689 duo
1124 2650 1280 2690 Petav.
1300 2649 1566 2690 Ambutert.
1589 2647 1734 2688 «iecisse
1747 2647 1867 2687 Leid.
1886 2647 2065 2698 μενεῖ.
2084 2650 2189 2686 tert.

362 2699 463 2741 Jun.
482 2704 527 2740 et
544 2699 687 2742 Oxou.
705 2712 772 2754 pr.
816 2703 984 2743 descesse
1015 2703 1124 2743 Exc.
1150 2703 1331 2744 Lucens.
1347 2714 1434 2743 sec.
1477 2702 1639 2741 discesse
1670 2702 1770 2740 Vat.
1796 2711 1884 2739 sec.
1922 2699 2084 2740 descisse
2102 2697 2187 2739 duo

416 2937 496 2982 ⁵1⁷
525 2934 720 2988 Fssmuffi]
759 2937 984 2992 Eutropio,
1012 2938 1167 2994 Hosio,
1194 2944 1242 2981 et
1363 2942 1445 2980 824
1477 2927 1648 2980 Venatus
1665 2934 1800 2987 atrox]
1840 2934 1951 2975 Nam
1970 2931 2191 2973 Bacchan-

362 2998 471 3041 ὠὴ·
1309 3009 1376 3046 tes
1395 3003 1629 3044 crudeliter
1647 3006 1816 3042 venatae
1836 2998 2022 3051 fuerant,
2039 3008 2190 3050 rapue-

418 3066 497 3104 521
518 3062 715 3115 Infantes]
740 3063 982 3119 Infamatae,
1002 3068 1102 3121 quia
1118 3059 1242 3110 aser,
1306 3072 1486 3119 rantque
1502 3065 1758 3106 Pentheum.
2180 3107 2187 3110 ,

362 3125 427 3167 '1⁸
446 3131 626 3178 gestatae
639 3131 758 3167 sunt.
1359 3134 1440 3171 526
1468 3131 1631 3181 Dolent]
1675 3128 1854 3168 Rabiem
1873 3139 1992 3167 suam
2011 3124 2189 3166 desiisse

417 3192 497 3234 ⁵2³
526 3188 747 3241 Mamaea]
773 3191 1057 3246 Bacchantes,
1075 3195 1136 3236 sic
1153 3195 1242 3238 dic·
1307 3193 1472 3244 dolent,
1490 3193 1588 3245 quia
1603 3205 1688 3232 non
1703 3191 1899 3231 viderent
1913 3189 2074 3237 crimen
2091 3186 2190 3227 hor-

365 3255 440 3306 taen
457 3251 534 3293 ἆΐῧ
550 3254 622 3293 7οῧ
636 3251 1013 3308 μαίνεσθῆῑᾶνῖενε,
1030 3257 1223 3300 bacchari.
1309 3256 1486 3297 rendum
1515 3268 1542 3296 a
1572 3268 1619 3296 se
1648 3260 1881 3308 patratum,
1906 3250 2020 3305 quod
2039 3250 2190 3297 vident

421 3318 618 3371 Panum]
646 3319 720 3361 De
738 3319 819 3362 hoc
836 3332 980 3375 supra,
994 3322 1106 3365 sicut
1124 3328 1171 3367 et
1188 3324 1243 3365 de
1308 3330 1436 3371 nunc,
1450 3316 1597 3360 furore
1617 3318 1804 3370 placato,
1823 3319 1869 3357 et
1885 3312 1998 3368 quod
2019 3312 2188 3354 erubes-

367 3379 509 3422 Aonio
525 3386 685 3433 monte.
1309 3389 1428 3423 cunt.
