2300 3906
754 232 833 271 DE
874 232 1070 271 nunno
1111 233 1330 272 eurico
1372 234 1492 274 Lm.
1921 220 2029 275 ’763

215 344 387 398 Arma
411 346 630 408 dabant,
656 346 1003 415 flammisque
1027 349 1119 401 diu
1145 351 1395 403 mollitus
1414 359 1468 404 et
1493 356 1605 404 arte

216 431 284 482 In
313 447 415 482 sua
440 431 640 481 damna
665 430 912 497 chalybs,
938 434 1094 484 fabro
1119 434 1357 500 lugente,
1383 437 1633 488 rubebat.

216 514 522 565 Hortantes
544 513 630 563 his
656 513 795 565 adde
821 516 1006 569 Deos:
1053 533 1163 567 non
1185 519 1399 569 somnia
1423 520 1601 582 nobiS,

214 596 271 648 N
274 613 337 647 ec
362 596 647 662 volucres3
687 599 780 650 sed
809 601 961 653 clara
985 602 1172 669 palam
1199 617 1310 652 vox
1334 602 1483 653 edita
1505 604 1632 654 luco
1661 607 1774 655 est:
1924 602 2031 653 545

213 679 435 745 Rumpe
463 695 670 743 omnes,
698 681 935 746 Alarice,
958 699 1156 736 moraS.
1235 684 1368 735 Hoc
1394 686 1623 752 impiger
1645 701 1785 737 anno

210 759 451 829 Alpibus
478 762 658 815 Italiae
684 768 857 833 ruptis
883 767 1193 834 penetrabis
1219 766 1290 818 ad
1321 766 1546 820 Urbem.

212 845 346 897 Huc
372 846 475 896 iter
497 862 669 914 usque
695 849 865 901 datur.
939 849 1082 914 Quis
1101 851 1220 919 jam
1245 856 1374 918 post
1402 853 1537 903 talia
1563 851 1743 919 segnis

210 926 496 995 Ambigat,
525 935 615 981 aut
635 934 781 984 coelo
808 935 1021 986 dubitet
1043 950 1230 1002 parere
1256 937 1516 986 vocanti?

213 1013 308 1066 Sic
335 1015 410 1066 ait
431 1032 443 1067 :
482 1015 834 1083 hortatusque
859 1035 989 1069 suos
1014 1019 1268 1085 belloque
1289 1019 1510 1087 viaeque
1770 1060 1781 1070 .
1924 1020 2029 1073 550

211 1096 453 1151 Instruit.
528 1098 811 1151 Attollunt
839 1119 1015 1154 vanos
1041 1104 1265 1154 oracula
1290 1103 1483 1155 fastus.

209 1221 386 1262 vitutem.
442 1223 566 1263 Inviti
582 1223 804 1274 proebebant
825 1226 902 1263 tela
936 1223 1015 1263 sibi
1036 1224 1170 1272 noxia,
1187 1228 1226 1262 et
1245 1224 1400 1275 chalybs
1417 1229 1632 1264 maceratus
1658 1226 1811 1274 longum
1830 1229 1870 1265 et
1887 1226 1977 1276 igne
1993 1229 2032 1266 et

208 1275 418 1325 industria,
450 1277 671 1316 rubescebat
705 1277 746 1315 in
772 1278 936 1316 exitium
954 1289 1079 1324 suum,
1099 1277 1220 1322 fabro
1238 1282 1435 1316 moerente.
1490 1278 1668 1327 Adjunge
1696 1279 1756 1316 his
1784 1279 1909 1318 rebus
1928 1281 2033 1319 Deos

207 1328 454 1378 impellentes.
511 1331 604 1369 Non
622 1330 773 1369 somnia
801 1331 912 1368 nobis
944 1330 1065 1368 missa
1105 1334 1220 1378 sunt,
1248 1342 1322 1368 non
1350 1342 1452 1379 aves,
1486 1333 1554 1369 sed
1579 1343 1653 1369 vox
1680 1331 1885 1379 manifesta
1902 1336 2034 1382 aperte

207 1381 345 1421 emissa
376 1387 430 1421 est
467 1395 521 1422 ex
551 1384 674 1435 sylva.
739 1384 777 1422 Ο
801 1383 973 1431 Alarice‚
992 1394 1126 1432 rumpe
1155 1393 1283 1421 omnes
1314 1395 1462 1423 moras:
1501 1383 1571 1422 hoc
1597 1396 1697 1422 anno
1706 1383 1853 1431 fractis
1871 1384 2035 1434 Alpibus

209 1435 354 1484 Italica,
370 1441 548 1486 promtus
573 1436 742 1476 intrabis
768 1436 810 1475 in
837 1436 979 1476 urbem.
1037 1435 1246 1486 Hucusque
1283 1433 1347 1473 via
1378 1437 1601 1474 conceditur
1636 1436 1727 1475 tibi.
1788 1437 1930 1486 Ecquis
1946 1436 2034 1485 jam

207 1487 371 1536 ignavus
385 1494 472 1540 post
491 1491 572 1529 hoec
592 1490 723 1528 verba
730 1489 916 1540 fluctuet,
933 1493 1002 1527 aut
1021 1488 1197 1537 refugiat
1215 1488 1368 1527 obedire
1385 1490 1488 1527 Coelo
1508 1488 1722 1530 invitanti?
1763 1488 1959 1528 Alaricus
1976 1490 2036 1528 ita

208 1541 393 1593 loquitur,
423 1547 462 1581 et
495 1543 672 1582 excitans
706 1555 808 1594 suos,
830 1545 1027 1593 proeparat
1049 1553 1120 1580 eos
1152 1541 1206 1580 ad
1238 1542 1313 1580 iter
1330 1546 1365 1581 et
1388 1542 1438 1580 ad
1457 1544 1648 1592 praelium.
1708 1543 1875 1582 oracula
1891 1546 2037 1592 augent

972 1645 1267 1661 OOOOOOOOOO

208 1714 441 1755 sius.-·—542
472 1714 617 1756 dabunt
636 1721 724 1756 vet.
748 1716 856 1767 Gyr.
876 1717 1018 1756 dabant
1040 1717 1123 1755 duo
1146 1715 1295 1756 Leidd.
1325 1720 1373 1754 et
1409 1715 1558 1767 viginti
1587 1715 1670 1754 duo
1704 1715 1791 1765 alii,
1825 1717 1930 1756 Exc.
1950 1716 2035 1756 Ge-

207 1773 317 1808 vart.
340 1770 518 1808 Lucens.
539 1782 602 1820 pr.
624 1770 728 1809 cod.
764 1771 914 1809 Rhem.
936 1768 1036 1810 Ald.
1070 1770 1176 1809 item
1206 1771 1306 1809 Var.
1340 1769 1428 1807 LL.
1463 1781 1487 1808 e
1518 1780 1650 1819 marg.
1670 1769 1813 1807 Parm.
1832 1770 1970 1808 dabam
1987 1774 2033 1810 et

207 1821 478 1861 emendatum
498 1823 644 1861 dabunt
664 1824 768 1862 Lov.
787 1823 931 1862 dabunt
951 1824 1017 1862 vel
1038 1823 1183 1862 dabant
1211 1824 1316 1862 Exc.
1346 1822 1468 1861 Laeti.
1485 1821 1723 1872 flammaque
1743 1823 1846 1862 Lov.
1877 1823 2033 1862 molitus

208 1873 308 1912 edd.
326 1875 469 1914 Vicet.
503 1876 646 1915 Parm.
679 1888 768 1915 arce
797 1888 874 1927 pro
905 1879 990 1915 arte
1021 1877 1175 1915 Petav.
1208 1878 1425 1915 sem—543
1446 1875 1605 1923 jubebat
1639 1881 1725 1914 vet.
1759 1875 1863 1926 Gyr.
1882 1875 2034 1915 redibat

204 1925 357 1966 Ambr.
387 1940 473 1966 sec.
506 1927 660 1967 rubebit
693 1930 798 1979 Reg.
832 1929 996 1968 rudebat
1029 1929 1148 1968 Prie.
1181 1942 1235 1968 m.
1269 1940 1333 1979 pr.
1356 1929 1470 1968 .Lov.
1490 1940 1544 1967 m.
1566 1940 1629 1978 pr.
1661 1927 1735 1966 sed
1763 1928 2033 1967 emendatum

207 1979 381 2020 rubebat.
401 1980 591 2019 rubebunt
610 1981 679 2021 ed.
699 1983 839 2021 Vicet.
865 1981 1061 2030 fremebat
1079 1982 1181 2022 Jun.
1216 1993 1280 2031 pr.
1311 1980 1454 2020 Oxou.
1484 1992 1570 2018 sec.
1604 1980 1761 2018 rubebat
1779 1980 1861 2018 duo
1881 1981 2034 2021 Leidd.

206 2034 395 2074 Florem.
418 2040 506 2073 tres
529 2034 645 2074 Med.
677 2035 777 2075 Put.
796 2035 959 2074 Thuan.
981 2035 1140 2073 Mazar.
1162 2035 1325 2073 Bonon.
1352 2033 1451 2072 Pat.
1477 2033 1642 2071 Tholos.
1675 2033 1757 2071 duo
1778 2032 1927 2072 Ambr.
1948 2038 2035 2073 tres

206 2086 361 2126 Petav.
381 2089 502 2127 Voss.
524 2088 624 2126 Lov.
646 2088 771 2127 ambo
792 2088 950 2127 Moret.
971 2088 1053 2126 inc.
1075 2087 1223 2126 Heius.
1244 2087 1349 2125 Exe.
1370 2087 1549 2124 Lucens.
1569 2097 1633 2135 pr.
1650 2086 1754 2124 Cod.
1771 2086 1920 2126 Rhem.
1940 2085 2037 2127 Ald.

205 2141 308 2179 Var.
329 2141 418 2180 LL.
440 2152 463 2179 e
487 2153 628 2191 marg.
650 2141 929 2180 Parm.—544
959 2139 1181 2179 Horrentes
1197 2139 1318 2178 Med.
1346 2150 1431 2178 sec.
1450 2139 1514 2177 hic
1531 2139 1629 2177 adde
1647 2140 1746 2177 Vat.
1768 2151 1830 2189 pr.
1849 2140 1927 2177 diis
1940 2141 2039 2178 adde

206 2193 373 2232 Bonon.
395 2195 503 2234 Deas
523 2195 628 2235 Jun.
650 2206 714 2245 pr.
736 2207 806 2233 nec
822 2195 972 2233 somnia
990 2193 1110 2232 Med.
1132 2195 1406 2244 quart.—545
1438 2193 1527 2230 Non
1547 2192 1640 2231 Pal.
1662 2192 1778 2232 Med.
1799 2205 1865 2243 pr.
1886 2191 2035 2232 Ambr.

205 2259 268 2297 pr.
299 2248 383 2287 Nec
400 2249 508 2288 Exc.
531 2249 656 2287 Laeti.
676 2248 813 2287 addita
834 2248 975 2286 Oxou.
995 2259 1061 2297 pr.
1081 2247 1237 2285 reddita
1256 2244 1409 2284 Ambr.
1435 2257 1501 2296 pr.
1523 2245 1630 2284 Exc.
1662 2245 1786 2285 Laeti.
1807 2246 1875 2284 ed.
1895 2245 2036 2285 Vicet.

203 2300 311 2340 edita
331 2302 517 2340 Florent.
540 2306 629 2340 tres
647 2301 768 2339 Med.
789 2301 874 2340 inc.
897 2300 1046 2338 Heius.
1078 2300 1179 2339 Put.
1212 2298 1320 2349 Reg.
1354 2299 1516 2337 Thuan.
1545 2299 1709 2337 Bonon.
1740 2299 1839 2336 Pat.
1870 2299 2036 2338 Tholos.

202 2352 305 2393 Lov.
325 2354 447 2394 Voss,
468 2354 629 2392 Moret.
646 2365 730 2393 sec.
751 2354 836 2392 duo
858 2352 1004 2391 Ambr.
1029 2357 1116 2391 tres
1134 2353 1285 2390 Petav.
1306 2352 1413 2390 Exc.
1434 2351 1611 2389 Gevart.
1632 2351 1714 2389 luco
1734 2355 1792 2389 est
1810 2351 1912 2390 Lov.
1933 2352 2033 2401 luco,

206 2408 296 2445 sine
313 2411 383 2456 est,
403 2408 510 2458 Reg.
532 2408 692 2446 Moret.
723 2419 787 2457 pr.
805 2407 956 2445 Petav.
979 2407 1198 2444 sea—546
1227 2408 1315 2442 tuas
1332 2415 1409 2453 pro
1430 2415 1557 2441 moras
1574 2403 1675 2442 Jun.
1696 2415 1760 2453 pr.
1784 2403 1924 2442 Oxou.
1945 2415 2031 2444 sec.

204 2471 316 2497 amne
340 2472 417 2509 pro
437 2472 535 2498 anno
558 2460 814 2498 Fara—547
843 2459 885 2497 in
915 2458 1047 2496 urbem
1081 2459 1186 2496 Exc.
1222 2457 1481 2494 Laeti.-—548
1509 2455 1600 2494 Hoc
1632 2455 1749 2494 Med.
1777 2467 1862 2494 sec.
1884 2455 2033 2495 Ambr.

207 2523 272 2561 pr.
294 2513 427 2550 datum
451 2513 546 2550 Pat.
563 2513 651 2562 plus
680 2513 780 2550 tatia
813 2512 972 2550 Moret.
993 2512 1193 2560 pr.—549
1220 2508 1408 2557 Ambiget
1443 2507 1524 2546 inc.
1546 2508 1693 2548 Heins.
1711 2512 1756 2547 ut
1774 2510 1864 2548 coelo
1884 2508 2033 2549 Ambr.

205 2576 268 2614 pr.
290 2569 327 2603 et
342 2566 431 2603 coelo
451 2565 554 2604 LoV.
577 2565 735 2603 Moret.
756 2576 821 2615 pr.
834 2564 862 2604 J
867 2575 938 2602 un.
957 2575 1021 2612 pr.
1042 2561 1182 2601 oxon.
1200 2573 1284 2601 sec.
1304 2561 1454 2599 dubitet
1475 2561 1564 2599 coelo
1584 2561 1745 2600 Mazar.
1764 2562 1916 2601 dubitat
1930 2563 1957 2603 J
1962 2574 2031 2601 nn.

208 2629 272 2668 pr.
292 2617 429 2657 Oxon.
450 2621 670 2656 sec.—-550
701 2617 769 2656 Sic
789 2620 851 2655 eat
873 2616 1030 2655 Moret.
1052 2627 1117 2665 pr.
1137 2615 1391 2664 hortaturque
1411 2618 1495 2652 tres
1512 2614 1630 2653 Vatt.
1648 2614 1742 2653 Pal.
1772 2615 1899 2654 Farn.
1923 2615 2031 2655 Prie.

206 2670 331 2710 Rott.
353 2671 486 2709 Oisel.
514 2671 621 2710 Exc.
643 2671 766 2709 Laeti.
787 2670 1034 2719 hortatusque
1056 2668 1176 2707 Leid.
1192 2680 1256 2717 pr.
1273 2667 1445 2706 Tholos.
1461 2667 1565 2706 Exc.
1586 2668 1765 2706 Lucens.
1787 2680 1850 2718 pr.
1868 2668 2033 2718 belloque

203 2723 352 2774 viceque
370 2725 472 2763 Lov.
493 2723 658 2774 bellique
677 2724 824 2774 viceque
843 2723 1001 2761 Moret.
1035 2733 1099 2771 pr.
1134 2720 1295 2771 bellique
1313 2721 1414 2759 Vat.
1448 2731 1531 2759 sec.
1563 2732 1716 2771 suaeque
1733 2721 1835 2759 Var.
1857 2721 1944 2760 LL.
1963 2721 2031 2760 ed.

204 2776 338 2816 Antv.
359 2778 492 2828 vieque
508 2778 667 2816 Moret.
684 2789 767 2816 sec.
788 2775 886 2815 ΑΜ.
907 2775 1045 2825 viaque
1063 2775 1161 2813 Vat.
1196 2786 1261 2824 pr.
1291 2774 1415 2812 Farn.
1438 2772 1584 2811 Ambr.
1605 2779 1707 2812 tert.
1735 2773 1883 2824 vioeque
1906 2773 2029 2813 Leid.

204 2841 271 2881 pr.
293 2836 338 2869 et
359 2831 508 2881 viginti
528 2830 612 2870 duo
632 2830 770 2870 Codd.
790 2830 894 2868 Exc.
924 2829 1102 2867 Lucens.
1138 2838 1202 2877 pr.
1221 2827 1323 2865 Var.
1346 2827 1431 2865 LL.
1452 2838 1475 2864 e
1495 2838 1625 2876 marg.
1645 2827 1788 2866 Parm.
1805 2827 1942 2878 viaque
1962 2827 2031 2865 vel

204 2884 350 2935 viceque
380 2885 486 2924 Exe.
518 2883 778 2924 Laeti.—551
810 2882 1009 2920 Instructo
1036 2892 1115 2932 pro
1150 2879 1318 2919 Instruit
1351 2880 1451 2918 Vat.
1481 2891 1546 2930 pr.
1582 2880 1707 2919 Fam.
1739 2884 1868 2919 vastos
1897 2879 2031 2920 Oisel.

1023 2988 1203 3030 NOTAE

257 3073 336 3110 643
367 3071 416 3110 In
442 3083 513 3110 sua
540 3072 700 3123 damna]
743 3070 929 3122 Chalybs
958 3070 1083 3109 rube-
1151 3080 1247 3107 cum
1284 3067 1463 3106 Romam
1501 3065 1800 3116 contenderet,
1847 3066 2030 3106 monitus

204 3132 281 3174 bat
315 3136 358 3174 in
390 3134 542 3173 damna
567 3134 641 3173 sui
670 3133 798 3183 fabri,
830 3145 904 3172 seu
938 3144 1083 3171 eorum
1150 3131 1232 3170 sibi
1261 3143 1351 3170 rem
1380 3142 1474 3170 esse
1503 3142 1599 3168 cum
1629 3127 1795 3168 infinita
1818 3128 2029 3168 homiuum

205 3196 273 3248 qui
293 3202 368 3236 aut
385 3195 632 3237 conflabant
660 3197 795 3248 illum,
815 3201 889 3236 aut
908 3194 1084 3236 conflari
1146 3193 1436 3244 multitudine,
1460 3192 1693 3244 respondit,
1724 3193 1918 3231 Densum
1938 3203 2031 3242 gra-

202 3257 424 3308 jubebant.
1149 3270 1246 3297 men
1264 3257 1417 3296 melius
1436 3255 1628 3308 sequitur
1649 3254 1829 3293 falcem:
1859 3253 2029 3293 densior

261 3323 342 3359 546
370 3321 521 3372 Rumpe
537 3321 682 3373 moras]
709 3322 838 3372 Perge
860 3325 900 3362 et
917 3323 1084 3362 Romam
1148 3321 1282 3360 herba
1301 3319 1466 3359 facilius
1488 3316 1766 3358 succinditur.

207 3381 381 3423 destrue.-
400 3382 498 3424 vide
513 3395 575 3423 vs.
592 3386 687 3424 485.
700 3396 844 3436 supra.
872 3383 1084 3436 Alaricus,
1151 3427 1155 3430 ,
1203 3387 1283 3424 549
1315 3381 1439 3434 Goelo]
1470 3381 1588 3431 Jovi,
1606 3380 1677 3436 qui
1698 3379 1814 3418 Coelo
1832 3381 2001 3430 praeest.
