2300 3906
360 239 469 292 982
924 252 1019 290 cr..
1057 249 1410 289 anumAm
1453 250 1662 291 xxxv.

362 370 626 424 Innocuae
650 369 929 423 transistis
955 383 1110 431 aveS,
1137 367 1721 438 flatumquerepressit

361 453 727 507 Amsanctus:
767 454 883 504 fixo
910 454 1084 521 tacuit
1107 457 1341 506 torrente
1361 459 1588 522 voragO.

360 538 517 590 Tunc
540 537 908 590 Acheronteos
932 542 1144 590 mutato
1166 539 1374 605 gurgite
1398 539 1575 593 fontes

361 621 532 673 Lacte
556 637 702 674 novo
726 622 993 673 tumuisse
1019 622 1217 686 ferunt,
1243 621 1572 691 hederisque
1597 625 1863 678 virentem

361 705 617 774 Cocyton
640 706 790 757 dulci
815 708 1094 774 perhibent
1117 708 1361 760 undasse
1388 708 1577 777 Lyaeo,

361 791 612 843 Stamina
635 807 736 842 nec
763 792 963 859 rumpit
988 792 1273 856 LachesiS,
1301 809 1403 844 nec
1428 793 1646 845 turbida
1673 793 1846 845 sacris

361 873 749 942 obstrepitant
772 874 1020 927 lamenta
1044 877 1242 928 choris.
1318 877 1475 930 Mors
1498 878 1646 930 nulla
1670 884 1902 946 vagatur

361 956 428 1011 In
451 959 624 1021 terris,
652 959 926 1026 nullaeque
951 976 1142 1027 rogum
1168 963 1430 1029 planxere
1456 967 1719 1030 parentes.

2075 455 2184 508 350

2078 875 2186 929 355

359 1120 597 1163 Amsanctus
614 1121 778 1162 retinuit
803 1122 987 1174 spiritum
1014 1122 1312 1165 mortiferum:
1341 1138 1490 1176 gurges
1517 1125 1626 1166 siluit
1645 1129 1817 1166 torrente
1835 1125 1982 1165 stabili.
2037 1123 2191 1164 Dicunt

350 1174 520 1225 fluvium
557 1176 833 1225 Acherontem,
874 1177 985 1228 aquis
1030 1178 1261 1230 immutatis,
1306 1184 1398 1220 tunc
1429 1180 1658 1220 intumuisse
1690 1180 1789 1219 lacte
1830 1191 1942 1228 novo,
1986 1182 2024 1218 et
2057 1177 2192 1216 dicunt

359 1230 550 1280 Cocytum
570 1230 819 1270 virescentem
837 1231 989 1271 hederis
1005 1235 1218 1273 exundasse
1237 1234 1315 1273 leni
1334 1234 1436 1274 vino.
1466 1235 1602 1285 Neque
1624 1234 1754 1273 Parca
1778 1232 1976 1284 abrumpit
1982 1231 2060 1285 fila
2078 1230 2192 1279 vitae‚

361 1283 610 1335 nequefletus
629 1284 779 1331 confusi
797 1284 951 1324 obstant
970 1286 1128 1325 coetibus
1142 1288 1321 1327 sacratis.
1380 1288 1495 1327 Mors
1512 1289 1619 1327 nulla
1637 1292 1744 1327 errat
1760 1299 1833 1338 per
1857 1291 2001 1335 terras,
2019 1288 2056 1324 et
2073 1283 2189 1324 nulloe

1131 1393 1201 1408 &Oe
1208 1393 1426 1409 “boeot“

364 1454 508 1494 Oxon.
531 1469 595 1507 pr.
617 1469 713 1495 cum
735 1458 876 1507 glossa
908 1470 995 1508 seq.
1037 1457 1218 1496 Avernus
1235 1457 1388 1506 fluvius
1420 1461 1477 1495 est
1504 1454 1725 1504 infernalis,
1752 1455 1938 1505 spiritum
1966 1453 2194 1505 pestiferum

362 1509 559 1557 emittens,
577 1511 672 1546 adeo
689 1511 788 1558 quod
806 1521 896 1547 aves
908 1510 1192 1559 supervolantes
1207 1510 1414 1548 interimit.
1432 1510 1533 1548 unde
1556 1508 1749 1558 Virgilius
1762 1510 1804 1547 in
1823 1519 1886 1547 vt.
1909 1507 2004 1546 AEn.
2024 1519 2082 1546 VS.
2098 1509 2194 1547 239.

363 1564 375 1582 ‘
399 1561 536 1601 Quem
558 1572 688 1610 super
707 1561 818 1599 haud
843 1562 916 1600 ulli
937 1567 1136 1612 poterant
1157 1563 1329 1613 impune
1353 1563 1544 1601 volantes
1562 1562 1758 1601 Tendere
1779 1563 1863 1601 iter
1884 1561 2035 1612 pennis
2053 1573 2063 1608 ;
2095 1561 2193 1600 talis

359 1624 453 1652 sese
469 1613 623 1652 halitus
639 1611 789 1653 effert:
811 1614 935 1654 Unde
954 1617 1090 1655 locum
1101 1615 1247 1655 Graeci
1263 1615 1466 1656 dixerunt
1478 1614 2046 1666 nominessAvernumJ—Ms
2066 1618 2195 1654 trans·

362 1666 437 1704 itis
471 1666 553 1705 duo
573 1667 694 1706 Vatt.
719 1669 841 1708 Voss
873 1681 959 1709 sec.
993 1668 1194 1721 flatusque
1212 1670 1313 1709 vat.
1337 1670 1377 1710 d.
1394 1669 1639 1722 fluo-tumque
1656 1669 1830 1709 ΤΙιοΙοε.
1848 1681 1904 1708 m.
1927 1680 2013 1707 sec.
2031 1667 2195 1719 fletum-

361 1729 434 1770 que
452 1721 576 1759 Voss.
598 1733 661 1771 pr.
692 1726 821 1773 atque
850 1722 910 1762 ita
942 1723 1190 1775 conjecerat
1222 1723 1442 1772 Heinsius,
1476 1724 1548 1775 qui
1570 1723 1843 1774 ascripserat,
1877 1722 1939 1761 sic
1974 1721 2092 1770 alibi,
2115 1722 2128 1743 ‘
2149 1726 2196 1760 et

350 1772 456 1825 fletu
477 1773 648 1813 concita
668 1775 1001 1826 plangit.'—350
1042 1778 1263 1816 Ansan-ctus
1282 1778 1383 1817 Put.
1405 1778 1601 1817 Arsantus
1619 1777 1725 1816 Cod.
1746 1775 1982 1816 Bartholin.
2022 1775 2197 1814 Acantus

362 1828 463 1868 Vat.
484 1840 546 1879 pr.
575 1830 798 1867 Anscantus
819 1830 924 1870 Exc.
947 1830 1070 1870 Laeti.
1099 1830 1312 1870 Anxantus
1325 1832 1427 1871 Vat.
1445 1836 1547 1871 tert.
1563 1831 1647 1870 ine.
1665 1829 1818 1870 Heius.
1837 1830 1992 1869 Petav.
2008 1841 2074 1880 pr.
2094 1827 2195 1868 Ald.

359 1880 463 1921 Jun.
511 1881 728 1927 Anfractus
747 1883 850 1922 Vat.
881 1884 1020 1936 quint.
1040 1884 1159 1924 Med.
1181 1890 1319 1937 quart.
1339 1885 1445 1925 Exc.
1468 1885 1623 1925 Petav.
1646 1890 1780 1937 quart.
1799 1885 1944 1924 Parm.
1965 1882 2130 1934 Gryph.
2151 1885 2197 1921 et

363 1934 419 1972 al.
448 1934 635 1975 Axantus
652 1937 775 1977 Voss.
795 1949 881 1976 sec.
912 1938 1079 1977 Annises
1098 1938 1194 1978 Pal.
1215 1938 1299 1978 duo
1320 1939 1439 1979 Med.
1467 1938 1678 1988 Anfriseus
1709 1939 1864 1979 PetaV.
1893 1949 1979 1977 sec.
2011 1935 2198 1975 Xanthus

359 1992 400 2026 et
409 1988 500 2039 fixo
519 1990 642 2029 Voss.
664 2002 726 2041 pr.
755 1991 822 2030 An
843 1992 1028 2031 Xanthus
1047 1992 1185 2032 Colin.
1203 1992 1296 2045 fixo
1315 1993 1438 2032 tacuit
1458 1997 1548 2032 tres
1562 1993 1682 2032 Vatt.
1700 1992 1795 2032 Pal.
1811 1992 1918 2043 Reg.
1938 1991 2088 2030 Petav.
2109 1999 2196 2029 sec.

364 2041 538 2082 Tholos.
559 2043 588 2083 J
594 2056 665 2082 un.
686 2056 753 2095 pr.
777 2045 861 2083 dno
894 2045 1041 2087 Oxon.
1058 2047 1160 2086 Var.
1181 2047 1269 2085 LL.
1291 2058 1315 2086 e
1333 2058 1469 2098 marg.
1490 2046 1633 2086 Parm.
1661 2046 1786 2090 tacuit
1793 2042 1885 2099 fixo
1904 2044 2091 2084 ιιι-351
2121 2053 2203 2081 mu-

363 2099 448 2134 tato
466 2097 619 2136 nomine
636 2098 880 2138 Fun—352
922 2099 1106 2139 tumuisse
1120 2100 1148 2140 J
1152 2112 1223 2139 un.
1245 2112 1330 2139 sec.
1359 2100 1563 2140 tremuisse
1576 2100 1730 2139 Petav.
1751 2111 1838 2139 sec.
1869 2097 1998 2137 herbis
2010 2096 2199 2134 virentem

362 2148 662 2189 Bonon.—353
710 2152 898 2202 Cocytum
918 2153 1080 2192 Moret.
1101 2166 1167 2204 pr.
1210 2153 1418 2204 prohibent
1437 2154 1530 2193 Pal.
1571 2154 1735 2192 undasse
1757 2152 1949 2192 Florent.
1970 2149 2054 2188 duo
2076 2147 2198 2187 Med.

363 2200 448 2240 duo
470 2202 624 2241 Heius.
655 2203 823 2242 Bonon.
842 2204 1008 2243 Tholos.
1039 2204 1188 2243 Ambr.
1209 2212 1311 2244 tert.
1345 2208 1505 2245 Moret.
1541 2218 1603 2255 pr.
1632 2206 1732 2246 Jun.
1793 2217 1826 2242 r.
1862 2204 1948 2242 duo
1970 2202 2092 2241 VOSS.
2114 2201 2198 2240 duo

365 2253 508 2292 Oxon.
528 2254 630 2292 l‘ut.
651 2253 759 2303 Reg.
777 2253 862 2292 duo
879 2253 1032 2293 Petav.
1053 2254 1162 2292 Exc.
1181 2258 1335 2294 Petav.
1353 2264 1494 2306 quart.
1511 2257 1613 2294 Ald.
1626 2257 1729 2294 Var.
1785 2255 1831 2294 L.
1851 2266 1875 2292 e
1894 2265 2030 2304 marg.
2053 2253 2197 2293 Parni.

362 2311 563 2357 stagnasse
579 2306 830 2356 vulg—354
858 2319 933 2346 non
952 2307 1103 2358 rumpit
1122 2308 1224 2346 Vat.
1243 2319 1308 2358 pr.
1325 2314 1371 2347 et
1385 2307 1521 2359 quint.
1535 2307 1640 2347 Cod.
1656 2307 1894 2347 Bartholin.
1923 2319 1991 2346 nec
2009 2307 2199 2348 Floreat.

363 2359 449 2398 dno
467 2359 585 2398 Med.
622 2359 705 2398 dno
739 2359 892 2399 Heins.
925 2360 1029 2400 Put.
1062 2362 1172 2413 Reg.
1205 2360 1290 2400 duo
1310 2362 1462 2401 Petav.
1497 2361 1661 2402 Bonon.
1681 2362 1805 2400 Voss.
1839 2373 1905 2412 pr.
1937 2360 2095 2400 Mon-et.
2134 2371 2199 2411 pr.

363 2411 513 2454 Ambr.
531 2417 635 2452 tert.
657 2413 764 2453 Exc.
785 2413 939 2453 PetaV.
960 2420 1101 2466 quart.
1129 2415 1239 2466 rupit
1258 2416 1357 2455 Vat.
1388 2415 1525 2467 quint.
1545 2427 1599 2456 m.
1619 2427 1706 2455 sec.
1727 2413 1847 2454 Med.
1876 2419 2014 2466 quart.
2033 2414 2199 2453 Bonon.
2226 2421 2235 2428 ·

364 2467 491 2506 Voss.
511 2480 574 2518 pr.
591 2465 741 2507 Ambr.
763 2472 861 2507 tert.
903 2468 1052 2519 rumpit
1085 2473 1172 2509 tres
1194 2468 1315 2508 Vatt.
1348 2469 1444 2508 Pal.
1476 2469 1576 2510 Jun.
1606 2481 1694 2509 sec.
1728 2468 1812 2508 duo
1833 2467 1976 2507 Oxon.
1997 2466 2097 2507 Ald.
2125 2479 2201 2506 non

364 2520 526 2560 turbida
546 2519 692 2561 Ambr.
714 2524 951 2561 tert—355
988 2522 1266 2574 obstreperent
1284 2523 1441 2563 Moret.
1464 2535 1528 2574 pr.
1561 2523 1643 2563 inc.
1663 2522 1810 2562 Heius.
1831 2522 1937 2562 Cod.
1958 2520 2199 2561 Bartholin.

366 2575 471 2614 Exc.
492 2574 646 2615 PetaV.
667 2579 809 2627 quart.
826 2575 929 2614 Var.
951 2576 1038 2615 LL.
1058 2588 1082 2616 e
1101 2589 1234 2628 marg.
1263 2576 1409 2616 Parm.
1443 2576 1653 2629 Obstipant
1668 2570 1976 2616 Thalos—356
2029 2575 2199 2626 nullique

364 2633 453 2668 tres
470 2629 594 2669 Vatt.
614 2633 660 2668 et
677 2628 718 2669 d.
738 2628 832 2669 Pal.
856 2629 1016 2670 Moret.
1046 2641 1113 2682 pr.
1134 2631 1162 2672 J
1168 2643 1238 2670 un.
1260 2643 1346 2670 sec.
1381 2630 1573 2670 chartac.
1592 2630 1746 2670 Heins.
1767 2630 1850 2670 duo
1869 2629 2010 2670 Oxon.
2030 2633 2076 2669 et
2093 2626 2195 2668 Ald.

1197 2723 1380 2764 NOTAE

419 2806 500 2843 349
529 2803 708 2855 Flatum]
746 2803 952 2856 Spiritum
981 2802 1250 2856 pestiferum,

365 2878 493 2920 quem
513 2867 699 2907 exhalat.

1318 2804 1432 2844 citur
1466 2805 1635 2857 Lyaeus,
1681 2802 1758 2843 ἀπὸ
1787 2803 1859 2843 τοῦ
1889 2801 2013 2852 λύειν,
2041 2803 2202 2853 solvere,

1318 2867 1432 2920 quod
1451 2867 1590 2907 solvat
1609 2866 1795 2906 animum
1815 2866 1946 2906 curis.

421 2933 501 2971 850
528 2930 783 2981 Amsanctus]
830 2929 1078 2983 Campaniae
1115 2930 1250 2983 lacus,

363 2993 489 3045 cujus
507 2993 667 3035 halitus
686 3007 786 3035 aves
806 2999 951 3035 necat.

421 3058 500 3096 351
532 3057 692 3097 Mutato
706 3058 888 3110 gurgite]
919 3058 1031 3098 Nam
1054 3057 1253 3099 Acheron

367 3119 488 3172 prius
515 3118 679 3161 fluebat
710 3121 921 3172 lacrymis.
979 3121 1178 3161 Acheron
1209 3123 1251 3162 in

365 3183 667 3235 Thesprotide,
678 3189 724 3224 et
733 3185 941 3236 Cocytus,
951 3185 1111 3225 habent
1122 3198 1252 3238 aquas

367 3247 702 3299 insuavissimas,
728 3252 775 3288 et
805 3247 903 3287 ideo
934 3248 1150 3288 Homerus
1179 3260 1252 3288 eas

370 3310 485 3363 apud
505 3309 676 3351 Inferos
696 3309 831 3352 fluere
845 3310 984 3351 finxit.
1024 3312 1092 3352 De
1113 3312 1253 3352 Ache-

370 3381 495 3415 ronte
515 3380 561 3416 et
579 3376 747 3428 Cocyto
764 3387 894 3429 supra
910 3375 984 3416 lib.
1005 3386 1036 3415 1.

426 3442 504 3479 353
533 3439 670 3492 Lyceo]
699 3439 833 3491 Vino3
860 3449 958 3479 nam
976 3438 1174 3479 Bacchus
1191 3437 1251 3478 di-

1373 2934 1451 2971 354
1479 2929 1684 2981 Lachesis]
1706 2930 1872 2970 Parca:
1894 2941 1996 2975 nam,
2010 2926 2199 2980 Atropos
2275 2966 2277 2970 .

1318 2995 1494 3047 rumpit,
1527 3000 1573 3035 et
1593 2995 1663 3035 hic
1692 2994 1864 3046 ponitur
1897 3004 2017 3032 soror
2037 3003 2114 3043 pro
2133 3004 2198 3032 so-

1318 3069 1430 3107 rore,
1446 3063 1495 3098 ut
1515 3057 1627 3109 apud
1645 3056 1874 3108 Virgilium
1892 3053 2050 3094 Pollux
2079 3053 2200 3105 poni-

1320 3127 1391 3162 tur
1411 3133 1490 3172 pro
1509 3122 1701 3161 Castore.

1373 3187 1453 3224 356
1482 3180 1657 3233 Rugum]
1704 3180 1847 3222 Nunae
1878 3184 2037 3220 matres
2069 3178 2199 3221 fleve-

1321 3254 1423 3288 runt
1451 3247 1681 3286 liberorum
1708 3250 1906 3294 mortem,
1937 3256 2033 3296 quae
2063 3243 2202 3296 desig-

1320 3315 1448 3350 natur
1468 3320 1545 3361 per
1565 3320 1737 3360 rogum:
1766 3307 1812 3348 id
1841 3313 1923 3358 est,
1951 3307 2067 3347 nulla
2085 3317 2200 3347 mors

1318 3373 1495 3425 accidit,
1539 3385 1594 3414 ne
1633 3373 1782 3414 turbet
1813 3369 1931 3413 festa
1954 3369 2198 3413 Inferorum
2237 3377 2242 3382 ·

1311 3436 1492 3490 gaudia.
