2300 3906
337 185 444 240 808
839 202 934 240 οι.
971 199 1324 241 GLAUmANl
1367 200 1608 243 xxvm.

336 318 468 371 Hoc
493 320 670 387 magis
697 324 941 372 exertum
966 334 1214 386 raperem
1238 321 1567 374 succinctior
1591 339 1803 389 agmen.

336 403 467 455 Heu
488 405 498 456 !
538 406 741 472 quibus
767 402 1004 467 insidiis,
1043 421 1155 472 qua
1177 421 1266 456 me
1293 406 1649 460 circumdedit
1675 412 1789 460 arte
2056 401 2163 460 300

336 487 554 541 Fatalis
581 505 796 556 semper
821 488 1123 542 Stilichon!
1163 490 1297 542 dum
1323 507 1551 558 parcere
1579 492 1754 559 fingit,

334 570 574 624 Retudit
598 572 834 625 hostiles
861 574 1097 638 animos,
1135 575 1450 643 bellumque
1470 592 1716 629 remenso

334 655 559 708 Evaluit
584 657 875 710 transferre
900 658 1077 712 Pado.
1153 660 1264 712 Pro
1289 660 1505 713 foedera
1530 677 1683 714 saevo

334 739 629 793 Deteriora
648 742 785 810 jugo
806 745 818 795 !
853 748 979 796 tunc
1002 743 1091 798 vis
1118 747 1370 797 extincta
1396 744 1695 798 Getarum:

333 823 490 876 Tunc
513 826 665 890 mihi,
703 833 838 879 tunc
865 827 1035 882 letum
1058 829 1267 897 pepigi.
1341 829 1651 883 Violentior
1671 830 1839 882 armis
2055 827 2164 881 305

333 905 604 960 Omnibus
630 916 914 978 expugnat
933 917 1175 964 nostram
1201 914 1495 967 clementia
1521 920 1750 981 gentem.

331 989 488 1043 Mars
513 995 727 1059 gravior
750 997 852 1047 sub
878 1013 1020 1064 pace
1042 998 1209 1051 latet:
1250 999 1554 1068 capiorque
1580 999 1828 1052 vicissim

333 1073 649 1130 Fraudibus
673 1079 794 1146 ipse
818 1080 975 1134 meis,
1053 1081 1198 1147 Quis
1217 1084 1338 1152 jam
1361 1085 1558 1136 solatia
1580 1084 1731 1136 fesso

326 1245 517 1294 promtior
535 1247 664 1299 copias
681 1250 810 1300 magis
835 1253 1052 1303 expeditas.
1107 1254 1233 1295 Heu!
1260 1255 1395 1306 quibus
1410 1255 1523 1304 dolis,
1551 1255 1688 1307 quibus
1715 1253 1865 1295 artibus
1885 1252 2053 1292 Stilicho
2070 1263 2166 1290 sem-

329 1310 400 1347 per
432 1300 609 1340 exitialis
641 1303 742 1342 mihi
773 1305 1028 1346 circumvenit
1053 1320 1113 1347 me
1129 1309 1149 1348 ,Ι
1203 1310 1310 1348 Dum
1339 1310 1497 1349 simulat
1524 1322 1565 1348 se
1584 1311 1798 1358 ignoscere,
1813 1309 1993 1346 imitatus
2007 1310 2065 1345 est
2079 1305 2166 1344 ani-

326 1363 435 1391 mum
451 1353 587 1405 hostis,
607 1360 646 1394 et
660 1357 790 1406 potuit
806 1362 1074 1409 transportare
1092 1362 1236 1401 bellum'
1250 1363 1428 1402 Eridano
1447 1375 1592 1402 rursus
1612 1363 1794 1411 trajecto:
1821 1374 1891 1414 pro
1911 1361 2045 1407 foedus
2056 1358 2168 1409 pejus

325 1406 516 1446 servit-ute
533 1409 713 1449 crudeli!
739 1415 821 1450 tum
840 1413 958 1451 robur
979 1414 1169 1454 Getarum
1187 1429 1443 1467 compressum
1461 1422 1527 1455 est
1543 1430 1554 1465 ;
1575 1421 1658 1455 tum
1676 1416 1792 1464 mihi,
1810 1420 1893 1453 tum
1907 1413 2042 1465 pepigi
2061 1423 2165 1451 mor-

326 1460 421 1497 tem.
461 1461 714 1511 Indulgentia
729 1465 990 1516 Stilichonis,
1001 1467 1152 1517 fortior
1167 1470 1255 1508 telis
1269 1470 1459 1518 omnibus,
1478 1473 1637 1520 superat
1646 1471 1808 1520 populos
1818 1472 1982 1506 nostros.
2011 1466 2166 1505 Bellum

326 1512 502 1552 acerbius
518 1517 734 1557 occultatur
748 1518 816 1558 suh
832 1532 943 1570 pace,
963 1525 1002 1559 et
1022 1533 1101 1572 ego
1119 1522 1202 1573 ipse
1227 1523 1399 1562 vicissim
1418 1534 1623 1573 expugnor
1641 1522 1740 1560 dolis
1754 1521 1865 1559 meis.
1924 1518 2070 1570 Ecquis
2077 1519 2166 1567 jam

1102 1650 1372 1665 OOOOOOOOOOO

326 1725 485 1765 tenebor
503 1727 667 1768 Bonon.
700 1731 846 1771 tenebit
872 1732 1030 1772 Moret.
1052 1738 1258 1784 pr.-—299
1284 1735 1456 1774 excitum
1477 1746 1556 1786 pro
1586 1738 1765 1774 exertum
1793 1730 1877 1772 duo
1897 1733 2017 1772 Vatt.
2043 1732 2167 1772 Rott.

328 1779 446 1819 Med.
482 1793 568 1820 sec.
600 1783 753 1823 Petav.
786 1798 849 1836 pr.
885 1786 983 1827 Pat.
1017 1789 1123 1828 Exc.
1145 1788 1313 1827 Schott.
1344 1793 1505 1828 exutum
1521 1789 1684 1827 Thuan.
1715 1787 1885 1826 excitum
1904 1787 1971 1824 vel
1992 1789 2170 1825 exertum

326 1832 427 1871 vat.
451 1841 590 1884 quart.
635 1838 768 1888 vipera
797 1840 1003 1889 succingar
1036 1846 1074 1880 et
1111 1854 1237 1891 angue
1268 1854 1343 1892 pro
1373 1854 1550 1893 raperem
1577 1842 1808 1881 succinctior
1834 1852 1975 1890 agmen
2000 1840 2168 1879 Thuan.

325 1898 501 1937 caperem
542 1890 639 1929 Pat.
681 1904 821 1941 agmen
858 1895 925 1932 vel
956 1894 1086 1934 orbem
1118 1895 1219 1935 Vat.
1254 1899 1492 1935 tert—>301
1538 1896 1691 1935 Feralis
1721 1895 1952 1933 Pale—302
1983 1892 2170 1931 Rettudit

326 1939 481 1980 Sched.
503 1941 617 1981 Gud.
650 1945 839 1984 Contudit
858 1947 980 1988 Med.
1003 1953 1105 1988 tert.
1135 1948 1304 1989 Retudit
1328 1950 1426 1989 Put.
1459 1949 1544 1988 duo
1562 1950 1718 1989 Petav.
1738 1949 1906 1987 Bonon.
1927 1946 2076 1986 Ambr.
2099 1957 2168 1996 pr.

327 1992 488 2033 Moret.
519 2007 604 2034 sec.
621 1998 746 2038 Voss.
779 1999 900 2039 Leid.
934 2013 1018 2042 sec.
1045 2003 1149 2041 Exc.
1183 2003 1365 2043 Gevart.
1409 2003 1599 2043 Rei-cudit
1619 2003 1722 2042 Var.
1755 2002 1839 2041 LL.
1869 2001 2000 2039 Antv.
2021 2012 2078 2038 m.
2099 2011 2167 2050 pr.

329 2045 519 2097 Reppulit
539 2049 618 2089 inc.
639 2051 791 2091 Heins-
834 2054 998 2093 Extulit
1031 2055 1151 2097 Med.
1181 2062 1323 2108 quart.
1359 2056 1428 2096 ed.
1448 2057 1590 2096 Vicet.
1622 2056 1796 2095 Rettulit
1819 2061 1905 2094 tres
1925 2055 2044 2093 Vatt.
2073 2051 2169 2093 Pal.

328 2098 457 2139 Farn.
488 2101 622 2143 Oisel.
642 2105 745 2144 Exc.
768 2107 875 2145 Laeti
896 2113 942 2146 et
965 2108 1149 2147 Lucens.
1168 2122 1232 2160 pr.
1263 2110 1441 2150 Rettulit
1460 2111 1528 2149 vel
1553 2110 1739 2149 Rettudit
1760 2110 1860 2147 Vat.
1880 2119 1966 2147 sec.
1996 2106 2169 2145 Rettulit

328 2152 395 2192 vel
429 2154 619 2195 Contudit
654 2158 761 2209 Reg.
805 2159 990 2199 Rettudit
1023 2162 1092 2200 vel
1135 2163 1325 2202 Contudit
1358 2163 1473 2202 Prie.
1515 2164 1668 2202 animas
1687 2163 1812 2200 Far-n.
1853 2161 2021 2211 belloque
2041 2160 2166 2199 Ro‘tt.

325 2217 492 2245 remerso
508 2207 664 2250 PetaV.
684 2223 768 2252 sec.
809 2217 962 2253 retonso
982 2215 1010 2256 J
1015 2226 1084 2256 un.
1114 2227 1178 2266 pr.
1198 2215 1340 2255 Oxou.
1356 2228 1440 2256 sec.
1482 2228 1633 2255 reverso
1653 2215 1720 2254 vel
1739 2226 1910 2253 remenso
1925 2212 2046 2253 Med.
2067 2218 2167 2253 tert.

325 2263 460 2299 -303
487 2274 557 2312 pro
577 2262 731 2309 soedere
750 2266 836 2305 duo
851 2268 974 2307 Vatt.
999 2268 1230 2319 perfoedera
1252 2269 1373 2310 Leid.
1396 2282 1460 2321 pr.
1478 2270 1619 2309 Oxou.
1640 2281 1702 2320 pr.
1720 2268 1817 2306 Pal.
1839 2267 1960 2306 Med.
1979 2279 2043 2318 pr.
2063 2267 2165 2307 Pnt.

325 2311 481 2353 Petav.
502 2322 602 2356 tert.
624 2317 735 2368 Reg.
766 2332 823 2358 m.
851 2332 917 2370 pr.
942 2321 1109 2361 Bouon.
1137 2321 1287 2361 Ambr.
1320 2335 1385 2373 pr.
1418 2323 1573 2363 Sched.
1609 2322 1856 2362 Gud.-—304
1884 2325 1967 2359 tum
1985 2320 2045 2360 vis
2062 2320 2166 2359 Vat.

326 2377 414 2406 sec.
435 2367 517 2407 inc.
541 2368 693 2409 Heins.
739 2377 893 2412 exemta
930 2386 1006 2424 pro
1037 2376 1232 2414 exstincta
1249 2376 1548 2415 Thuan.--305
1583 2376 1679 2415 Tum
1698 2375 1789 2425 tibi,
1804 2379 1887 2413 tum
1904 2374 2024 2413 Voss.
2046 2373 2166 2413 Leid.

324 2431 410 2460 sec.
444 2420 497 2460 Te
516 2421 615 2461 mihi
631 2437 717 2463 cum
737 2427 897 2466 Moret.
929 2439 1014 2467 sec,
1043 2428 1144 2469 Jun.
1173 2440 1240 2479 pr.
1260 2428 1344 2469 duo
1367 2430 1508 2470 Oxou.
1539 2430 1636 2469 Tum
1654 2435 1744 2469 tres
1760 2430 1882 2468 Vatt.
1901 2428 2022 2467 Rott.
2043 2427 2166 2466 Med.

322 2484 407 2513 sec.
429 2474 580 2516 Petav.
615 2489 682 2528 pr.
716 2479 818 2520 Put.
838 2480 941 2520 Lov.
962 2480 1112 2522 Ambr.
1134 2495 1198 2533 pr.
1228 2483 1335 2523 Exc.
1357 2483 1535 2523 Gevart.
1567 2484 1674 2522 Tunc
1764 2495 1850 2521 cum
1878 2481 1947 2519 vel
1978 2494 2024 2520 ne
2052 2479 2165 2531 Reg.

324 2530 410 2566 tum
426 2528 553 2569 Farn.
574 2531 689 2573 Prie.
709 2534 830 2574 Rott.
862 2534 959 2575 Pal.
993 2535 1076 2575 duo
1096 2537 1217 2576 Vatt.
1245 2536 1365 2577 Med.
1395 2543 1494 2577 tert.
1526 2537 1681 2578 PetaV.
1715 2549 1780 2587 pr.
1816 2534 1960 2574 Ambr.
1980 2546 2044 2585 pr.
2066 2533 2166 2573 Put.

325 2580 430 2620 Lov.
458 2583 564 2622 Exc.
585 2583 766 2627 Gevart.
793 2595 836 2627 et
865 2588 1046 2629 Lucens.
1073 2602 1141 2641 pr.
1169 2603 1255 2630 cum
1282 2603 1435 2630 novem
1456 2591 1541 2631 alii.
1569 2594 1652 2629 tum
1668 2591 1734 2630 vel
1755 2594 1793 2629 te
1812 2590 1912 2628 Vat.
1931 2600 1993 2639 pr.
2022 2589 2166 2626 luctum

324 2644 406 2684 pro
426 2635 545 2675 letum
562 2638 665 2678 Vat.
684 2645 907 2682 sem-306
935 2647 1111 2682 nostrum
1141 2645 1346 2684 clementia
1375 2657 1503 2694 regem
1537 2644 1662 2683 Fam.
1704 2643 1899 2683 dementia
1912 2643 2012 2681 Vat.
2031 2641 2166 2703 quint.

323 2691 491 2728 mentem
525 2702 603 2742 pro
631 2698 791 2743 gentem
818 2695 917 2736 Pal.
945 2696 1032 2737 inc.
1065 2697 1354 2738 Heius—307
1396 2703 1603 2750 captorque
1631 2698 1731 2739 Jun.
1763 2698 1964 2749 pru—308
1991 2695 2059 2747 qui
2078 2706 2167 2743 Jam

1151 2812 1333 2853 NOTAE

376 2898 457 2935 299
486 2897 577 2938 Hoc
628 2900 759 2951 magis
810 2902 1009 2955 exertum]
1084 2906 1208 2957 Esto,
1277 2912 1473 2959 tempore
1501 2908 1639 2960 copiae
1674 2906 1839 2947 Alarici
1864 2905 2163 2955 elanguerunt.

323 2957 506 2998 Romani
550 2963 797 3006 retinebant
834 2973 1003 3008 nostros
1036 2968 1210 3019 liberos,
1274 2970 1466 3020 Tacitus,
1495 2972 1507 2993 ‘
1543 2972 1682 3010 Multa
1703 2970 1813 3010 bella
1834 2969 1997 3018 impetu
2017 2966 2162 3005 valida

320 3031 468 3071 nurus,
498 3025 711 3075 praedam3
741 3028 818 3067 sed
850 3030 947 3070 ideo
968 3032 1021 3071 ab
1036 3032 1100 3072 his
1130 3034 1206 3073 im·
1275 3046 1353 3085 per
1370 3034 1500 3073 taedia
1519 3046 1568 3073 ac
1589 3044 1727 3072 moras
1746 3029 1987 3070 evanuere.'

320 3082 579 3133 pedimentis
605 3097 685 3137 ego
718 3088 940 3142 liberatus,
970 3095 1206 3145 rapuissem
1328 3101 1407 3137 306
1439 3095 1674 3146 Clementia]
1730 3095 1839 3136 Quae
1869 3094 1932 3132 sic
1962 3103 2158 3132 securum

321 3145 449 3185 eitius
466 3147 612 3198 οΟΡῙΆΒ
633 3151 938 3200 expeditiores,
1273 3159 1442 3200 fecerat
1461 3158 1642 3207 hostem,
1671 3156 1855 3208 ideoque
1877 3155 2046 3195 facilius
2066 3155 2159 3194 vin-

376 3211 455 3248 303
489 3209 735 3264 Tranffferre]
774 3215 903 3255 Ultra
918 3216 1109 3273 fluvium,
1122 3234 1207 3275 quo
1273 3221 1471 3271 cendum,
1489 3221 1588 3272 quia
1606 3220 1838 3260 clementia
1857 3223 2032 3270 sperata
2062 3219 2158 3270 ejus

321 3270 458 3312 Roma
478 3278 681 3327 tanquam
701 3289 823 3318 muro
842 3292 937 3320 sese
959 3284 1012 3323 ab
1031 3283 1206 3327 Alarico
1273 3284 1433 3324 animos
1461 3283 1686 3323 mollierat.

320 3340 533 3378 tueretur·
1323 3351 1403 3387 308
1433 3346 1674 3397 Fraudibus]
1729 3346 1925 3386 Alaricus
1959 3345 2156 3386 ostende-

375 3400 563 3456 Foedera]
630 3404 822 3448 Foederis
854 3413 901 3449 et
934 3408 1203 3454 induciarum
1267 3412 1345 3453 bat
1363 3411 1654 3465 clementiam,
1685 3422 1852 3465 pacem,
1879 3410 2083 3464 quietem,
2110 3413 2158 3451 et
