2300 3906
321 176 430 239 904
853 189 947 231 GL.
988 185 1342 226 cLAumANi
1383 184 1631 229 xxxin.

326 307 576 360 Vidisset
603 305 831 358 coeleste
850 303 1055 369 jubar:
1094 317 1388 370 rursusque
1412 309 1668 356 cruentus

318 392 557 459 AEgaeon
582 389 778 457 positis
806 390 954 437 arcto
979 385 1047 436 de
1074 402 1300 453 corpore
1326 389 1489 440 nodis

321 475 505 526 Obvia
531 479 754 525 centeno
779 476 1038 521 vexasset
1061 470 1291 522 fulmina
1316 476 1465 523 motu
1486 490 1500 533 ;

317 557 428 610 Sed
455 557 647 608 Parcae
674 558 890 606 vetuere
915 555 1114 617 minam,
1143 557 1374 622 orbique
1400 558 1650 609 timentes

322 640 459 692 Ante
482 639 653 705 pedes
680 637 989 704 soliumque
1014 637 1177 691 ducis
1202 638 1390 691 fudere
1415 635 1664 708 severam

312 721 600 786 Canitiem,
626 722 960 788 genibuSque
985 739 1118 775 suas
1145 740 1270 776 cum
1297 724 1549 791 supplice
1576 726 1729 777 vultu

311 805 623 860 Admovere
650 821 859 867 manUS,
885 822 1116 872 quarum
1148 808 1251 858 sub
1267 807 1389 875 jure
1413 814 1662 860 tenentur

2065 728 2137 781 50

307 929 463 968 Titania
492 941 669 979 rumpens
694 929 844 968 omnino
875 941 1079 981 carcerem,
1112 931 1261 971 catenis
1290 932 1505 981 dissoluti-3,
1530 932 1745 984 aspexisset
1775 934 1896 972 lucem
1929 933 2036 972 Solis
2051 946 2068 981 ‚·
2094 938 2134 973 et

304 982 449 1021 iterum
471 984 634 1032 AEgoeon
654 983 772 1034 gigas
798 983 1090 1034 sanguinarius,
1117 985 1284 1024 vinculis
1299 985 1485 1036 depositis
1513 998 1563 1025 ex
1581 998 1736 1037 corpore
1753 988 1973 1034 constricto,
1992 988 2131 1036 exagi-

303 1038 421 1074 tasset
449 1040 555 1074 motu
572 1040 723 1075 centum
743 1036 1008 1076 brachiorum
1034 1037 1187 1078 Jovem
1206 1038 1501 1090 fulminantem,
1526 1042 1739 1091 oppositum
1769 1040 1858 1078 sibi.
1914 1042 1971 1079 At
1992 1041 2133 1079 Parce

300 1093 526 1127 averterunt
546 1089 776 1128 minutiones
794 1089 1006 1141 Plutonis,
1023 1095 1062 1129 et
1090 1095 1300 1131 metuentes
1317 1094 1473 1142 mundo,
1488 1094 1680 1144 advoluta?
1697 1097 1788 1132 ante
1802 1095 1919 1144 pedes
1935 1098 1973 1133 et
1990 1094 2132 1133 solium

304 1141 445 1192 Regis,
467 1147 692 1193 sparserunt
719 1143 880 1194 capillos
897 1145 1071 1195 tetricos,
1101 1149 1142 1184 et
1159 1158 1244 1184 cum
1263 1146 1372 1185 tristi
1390 1145 1501 1194 facie
1527 1147 1777 1186 admoverunt
1795 1147 2021 1198 suppliciter
2039 1147 2130 1198 ejus

1065 1252 1358 1267 eeeeeeeeeeee

298 1318 349 1354 45
389 1318 562 1356 cruentis
606 1317 757 1358 Petav.
802 1322 996 1358 see—46
1035 1323 1142 1358 arcto
1169 1319 1272 1359 Vat.
1316 1332 1381 1371 pr.
1433 1319 1576 1360 Ambr.
1609 1325 1708 1360 tert.
1752 1319 1821 1358 ed.
1859 1319 2001 1358 Vicet.
2039 1323 2127 1358 acto

299 1369 489 1410 Florent.
510 1371 616 1409 Exc.
640 1372 792 1411 Petav.
823 1378 962 1422 quart.
992 1373 1071 1410 alto
1102 1373 1196 1411 Pal.
1226 1373 1327 1413 Jun.
1360 1385 1443 1412 sec.
1478 1375 1636 1412 Bonon.
1667 1373 1821 1412 Petav.
1851 1384 1939 1413 sec.
1973 1371 2124 1413 Heius.

299 1422 356 1462 H.
386 1427 498 1462 aneto
518 1423 617 1463 Vat.
648 1430 787 1475 quart.
823 1428 937 1463 avecta
976 1424 1060 1463 duo
1089 1425 1212 1464 Vatt.
1247 1425 1368 1465 Med.
1396 1432 1535 1478 quart.
1573 1427 1657 1465 inc.
1693 1426 1840 1465 Heius.
1877 1426 1979 1465 Put.
2014 1425 2125 1478 Reg-

295 1476 466 1515 Tholos.
487 1476 629 1516 Oxou.
661 1489 724 1527 pr.
753 1477 837 1516 duo
854 1478 976 1516 Voss.
1005 1479 1088 1516 duo
1108 1477 1259 1516 Petav.
1279 1480 1387 1517 Exc.
1405 1479 1571 1517 Schott.
1599 1482 1711 1517 aucto
1731 1479 1799 1516 vel
1818 1478 1898 1517 alto
1915 1478 2035 1518 Med.
2057 1491 2122 1529 pr.

295 1532 407 1567 aucto
428 1530 496 1568 vel
526 1530 653 1568 vincto
674 1529 816 1568 Oxou.
849 1541 934 1568 sec.
963 1532 1066 1568 nudo
1101 1530 1167 1567 vel
1196 1530 1292 1568 duro
1315 1531 1380 1569 vel
1413 1535 1526 1569 aucto
1545 1531 1646 1570 Vat.
1680 1530 1816 1582 quint.
1847 1534 2004 1580 pectore
2022 1532 2123 1573 Vat.

293 1593 359 1631 pr.
389 1582 488 1620 vat.
523 1582 772 1620 Livia—47
801 1586 979 1620 vexasset
1013 1582 1079 1620 vel
1113 1583 1305 1621 vibrasset
1340 1584 1443 1624 Vat.
1472 1583 1607 1635 quint.
1630 1581 1804 1633 flumina
1840 1595 1919 1634 pro
1947 1583 2124 1632 fulmina

288 1635 390 1673 Jun.
420 1645 506 1672 sec.
527 1635 628 1674 Put.
647 1635 772 1674 Voss.
803 1646 887 1673 sec.
920 1639 966 1672 et
994 1634 1132 1673 Oxou.
1167 1638 1363 1675 sem—48
1391 1641 1562 1676 metuere
1588 1648 1666 1687 pro
1692 1640 1846 1676 vetuere
1863 1637 1962 1677 Vat.
1984 1637 2120 1689 quint.

290 1687 477 1726 Florent.
513 1687 686 1726 Tholas.
719 1687 874 1725 Petav.
922 1698 1005 1727 sec.
1038 1687 1188 1728 Ambr.
1235 1693 1336 1728 tert.
1382 1690 1548 1729 timuere
1575 1690 1675 1730 Vat.
1708 1702 1797 1731 sec.
1816 1691 1940 1730 Voss.
1975 1702 2120 1731 sec.--

288 1742 341 1777 49
367 1751 540 1778 serenam
561 1739 714 1779 Petav.
732 1752 818 1779 sec.
845 1752 900 1780 m.
932 1744 1105 1790 pin—50
1129 1740 1364 1794 pedibusque
1392 1743 1495 1784 Jun.
1528 1756 1594 1794 pr.
1625 1743 1823 1784 suisVat.
1846 1744 1980 1795 quint.
2012 1746 2121 1784 vultu

288 1792 371 1831 duo
390 1793 508 1832 Vatt.
546 1793 713 1832 Bonon.
745 1794 851 1833 Exc.
886 1793 1053 1834 Schott.
1073 1795 1179 1846 fletu
1209 1800 1298 1835 tres
1330 1797 1452 1836 Vatt.
1482 1797 1577 1837 Pal.
1610 1796 1730 1836 Voss.
1764 1810 1829 1849 pr.
1863 1798 1947 1837 duo
1974 1797 2118 1838 Oxon.

1111 1886 1290 1927 NOTAE

282 1970 326 2005 et
364 1964 460 2005 ideo
492 1964 605 2006 filius
641 1966 734 2018 ejus
769 1958 960 2016 Jupiter,
1003 1966 1164 2007 illatam
1233 1968 1352 2019 nitae,
1381 1974 1561 2021 propter
1589 1969 1906 2010 obscuritatem.
1963 1970 2115 2012 Parcae

281 2028 404 2069 Patri
419 2029 618 2080 iujuriam
637 2029 818 2079 ulturus,
832 2028 907 2067 hos
923 2028 1105 2080 domuit,
1118 2037 1164 2070 et
1230 2031 1360 2071 dictae
1380 2038 1492 2082 sunt,
1511 2032 1615 2085 quia
1633 2045 1799 2082 avarae3
1830 2038 1875 2073 et
1894 2045 1988 2073 cum
2009 2033 2111 2074 vitae

278 2091 444 2132 catenis
462 2096 636 2131 onustos
653 2091 699 2132 in
713 2091 942 2130 Tartarum
961 2091 1162 2143 conjecit.
1227 2092 1324 2132 finis
1361 2094 1637 2147 propinquat,
1669 2095 1787 2135 filum
1822 2101 1986 2147 secant,
2029 2107 2110 2137 nec

331 2157 383 2193 45
404 2153 711 2204 CoelesteJ'ubar]
740 2153 793 2193 Id
813 2158 896 2204 est,
913 2153 1072 2205 Solem,
1087 2156 1160 2207 qui

275 2217 424 2257 oculus
463 2223 529 2257 est
561 2223 607 2256 et
637 2217 740 2256 ‘lux
759 2217 951 2257 immensi
983 2217 1159 2268 publica

273 2280 449 2329 mundi,'
469 2293 522 2320 ex
545 2280 719 2320 Ovidio.

326 2347 379 2383 46
398 2344 584 2395 AEgoeon]
611 2343 782 2383 Dicitur
799 2343 925 2382 aliter
939 2344 1157 2396 Briareus,

273 2406 339 2446 vel
372 2406 501 2445 Ponti
538 2406 606 2444 vel
634 2406 778 2444 Terrae
812 2406 1004 2458 Coelique
1031 2405 1155 2458 filius,

269 2470 452 2523 quicum
464 2468 685 2509 Titanibus
697 2468 797 2510 Jovi
812 2468 973 2509 bellum
992 2470 1152 2510 intulit.

322 2538 374 2574 47
398 2535 569 2574 Centeno
586 2532 712 2584 motu]
740 2532 793 2572 Id
813 2539 897 2584 est,
914 2540 1032 2574 motu
1054 2546 1152 2574 cen-

268 2604 358 2637 tum
405 2596 674 2637 brachiorum
692 2609 704 2645 ;
751 2596 910 2648 quippe
955 2597 1150 2649 AEgaeon,

267 2665 379 2700 teste
398 2659 606 2710 Hesiodo,
632 2657 717 2708 ἔχει
747 2657 887 2698 ἑκατὸν
917 2661 1066 2713 χεῖρας,
1083 2660 1149 2701 καὶ

262 2721 506 2771 πεντήκοντα
528 2720 737 2774 γαστέρας,
753 2722 868 2762 habet
885 2728 1036 2764 centum
1065 2738 1147 2765 ma-

261 2799 348 2838 nus,
365 2791 403 2827 et
422 2786 706 2838 quinquaginta
724 2791 890 2827 ventres.

316 2853 369 2890 48
388 2849 466 2901 Sed
486 2849 643 2901 Parcoe]
674 2848 873 2890 Monstra
892 2849 1145 2901 inferorum,

260 2912 414 2964 inquit,
454 2919 632 2963 precata
663 2919 786 2953 erant
817 2926 1033 2965 pugnare3
1069 2914 1145 2955 sed

258 2974 427 3027 Parcae,
446 2989 521 3016 seu
536 2978 657 3027 Fata,
679 2989 857 3029 quorum
874 2978 1060 3018 interest
1074 2991 1142 3019 res

258 3039 402 3080 salvas
419 3050 527 3088 esse,
543 3038 808 3089 impedivere
836 3041 1057 3092 quominus
1080 3041 1140 3083 fe·

256 3102 358 3142 ralis
395 3101 621 3155 exercitus
647 3100 920 3142 educeretur.
985 3103 1138 3144 Parcae

254 3170 401 3206 autem
434 3170 479 3204 et
498 3165 605 3205 Fata
636 3170 736 3204 sunt
765 3177 892 3204 unum
927 3170 973 3206 et
1006 3166 1134 3207 idem.

251 3227 473 3279 Virgilius:
495 3229 507 3249 ‘
523 3227 585 3268 sic
601 3227 769 3266 volvere
785 3228 977 3280 Parcas‚'
989 3229 1033 3268 id
1050 3236 1132 3280 est,

251 3292 315 3333 sic
335 3304 428 3334 esse
463 3293 506 3332 in
534 3290 649 3334 fatis.
676 3291 786 3332 Tres
820 3304 947 3344 porro
977 3294 1131 3335 Parcae

249 3361 378 3407 sunt3
407 3356 477 3399 vel
500 3354 634 3399 Ponti
650 3354 748 3395 filiae
767 3355 964 3408 creditae,
983 3357 1039 3399 ob
1057 3358 1131 3399 im-

248 3419 526 3472 manitatem3
559 3421 627 3462 vel
653 3419 794 3469 Nocte
807 3419 1038 3475 Ereboque
1057 3434 1129 3475 ge-

1225 2155 1454 2208 quicquam
1476 2158 1588 2197 ult-ra
1604 2159 1857 2198 concedunt.
2128 2198 2137 2203 .

1278 2221 1332 2271 48
1364 2219 1537 2272 Orbique
1571 2220 1770 2271 timentes]
1816 2221 1984 2271 Timeo,
2001 2220 2108 2262 'me-

1224 2285 1315 2331 tuo,
1334 2287 1379 2320 et
1399 2283 1555 2321 similia
1575 2283 1720 2333 verba,
1741 2283 1886 2323 dativo
1904 2283 2106 2334 conjunc·

1224 2351 1269 2384 ta
1312 2344 1550 2385 ostendunt
1594 2346 1848 2385 benevolum
1877 2345 2076 2386 animum
2095 2359 2106 2386 ε

1221 2406 1450 2447 metuimus
1479 2408 1717 2460 incatenat
1749 2408 1976 2448 metuimus
2004 2410 2107 2451 ami-

1221 2481 1298 2509 cis.

1273 2536 1328 2574 49
1354 2533 1460 2575 Ante
1501 2535 1636 2587 pedes]
1705 2536 1943 2576 Procidere
1997 2541 2099 2577 ante

1219 2596 1367 2649 pedes,
1384 2599 1499 2639 volvi
1511 2599 1567 2639 ad
1582 2611 1738 2652 genua,
1752 2599 1933 2640 fundere
1948 2600 2102 2653 crines,

1216 2663 1298 2701 &c-
1313 2662 1347 2702 is
1366 2667 1462 2704 erat
1478 2662 1648 2704 habitus
1665 2663 2015 2717 supplicantium.

1269 2725 1425 2766 Funere
1439 2756 1448 2767 .
1466 2755 1477 2767 .
1495 2756 1504 2767 .
1517 2727 1714 2776 canitiem,
1739 2726 1976 2779 genibusque
2005 2739 2100 2769 suas

1213 2815 1224 2827 .
1240 2817 1251 2828 .
1266 2816 1277 2827 .
1291 2790 1495 2829 adnzovere
1511 2789 1667 2841 manus]
1686 2790 1840 2830 Genua
1858 2790 2094 2832 misericor-

1212 2849 1296 2891 diae
1317 2858 1570 2893 consecrata
1588 2852 1719 2894 fuisse
1739 2853 1800 2893 ait
1817 2852 2016 2894 Servius:
2045 2856 2092 2892 et

1211 2913 1393 2966 Plinius,
1423 2917 1435 2938 ‘
1456 2916 1654 2958 Hominis
1686 2916 1866 2969 genibus
1891 2914 2086 2968 quaedam

1210 2984 1256 3018 et
1271 2980 1423 3032 religio
1435 2980 1548 3021 inest
1559 2980 1855 3021 observatione
1870 2978 2084 3030 gentium:

1208 3041 1300 3082 haec
1322 3043 1541 3094 supplices
1561 3043 1796 3093 attingunt,
1815 3041 1869 3081 ad
1887 3042 1979 3082 haec
1998 3054 2085 3083 ma-

1205 3117 1283 3146 nus
1302 3106 1502 3157 tendunt,
1519 3106 1612 3145 haec
1633 3112 1679 3144 ut
1695 3117 1786 3145 aras
1805 3104 2015 3145 adorant.'

1256 3172 1308 3210 51
1331 3169 1509 3214 Quarum
1525 3167 1594 3207 sub
1601 3167 1697 3217 ,iure
1713 3171 1894 3208 tenentur
1929 3168 2077 3220 omnia]

1201 3232 1254 3272 In
1281 3231 1514 3271 Parcarum
1535 3243 1610 3271 seu
1630 3232 1833 3278 Fatorum
1858 3235 2078 3283 potestate

1199 3298 1300 3335 sunt
1329 3293 1482 3345 omnia,
1500 3295 1571 3334 vel
1609 3294 1739 3336 etiam
1769 3294 1862 3346 ipse
1889 3294 2078 3347 Jupiter.

1197 3358 1259 3397 Ut
1277 3357 1387 3397 enim
1422 3358 1484 3397 ait
1515 3356 1569 3397 de
1587 3357 1699 3399 Jove
1717 3359 1936 3400 Lucanus:
1968 3358 1979 3380 ‘
1998 3358 2074 3400 Me

1197 3433 1363 3477 quoque
1383 3419 1474 3464 fata
1490 3420 1673 3475 regunt?
