2300 3906
739 237 819 276 nn
860 237 942 276 v1.
982 237 1156 280 cous.
1198 237 1429 281 norton.
1869 229 1977 284 787

167 351 468 418 Cingebare
494 368 705 427 comas,
733 354 945 407 socium
973 357 1221 410 sumebat
1241 357 1524 421 honorum,

166 432 456 502 Purpureo
480 434 651 487 sotum
678 437 900 501 gremi0,
927 454 1265 507 parvumque
1284 439 1569 509 triumphis

165 517 370 581 Induit,
395 522 450 569 et
471 519 687 583 magnis
713 519 901 572 docuit
925 521 1232 589 praeludere
1264 523 1414 574 fatis.

164 601 246 652 Te
267 601 470 667 linguis
495 603 666 653 variae
694 610 902 668 gentes,
928 605 1191 672 missique
1213 612 1464 672 rogatum

166 681 402 736 Foedera
427 683 719 738 Persarum
745 705 1018 755 proceres,
1044 705 1169 740 cum
1194 694 1355 756 patre
1380 689 1652 743 sedentem
1912 695 1985 747 70

167 766 297 819 Hac
323 768 599 834 quondam
620 770 804 823 videre
830 773 1016 835 domn,
1040 772 1331 839 positoque
1354 771 1550 824 tiaram

166 850 481 902 Submisere
506 868 663 916 genu.
739 854 949 906 Tecum
972 854 1239 921 praelarga
1261 855 1481 907 vocavit

168 933 442 986 Ditandas
469 934 539 985 ad
559 935 700 988 dona
722 939 897 989 tribus
920 955 932 990 ε
972 938 1235 1005 fulgentia
1260 944 1444 990 tecum

168 1015 399 1069 Collecti
425 1018 706 1070 trabeatus
732 1021 846 1071 adit
870 1022 1098 1074 delubra
1124 1021 1381 1085 SenatuS,

167 1096 421 1152 Romano
446 1117 677 1168 puerum
702 1104 947 1170 gaudens
969 1104 1158 1156 offerre
1180 1105 1373 1169 favori,
1915 1109 1988 1163 75

163 1223 437 1274 Theodosius,
456 1226 530 1265 etsi
547 1227 713 1275 nondum
731 1227 917 1268 habebas
937 1233 1053 1281 caput
1064 1229 1235 1269 cinctum
1251 1231 1485 1279 diademate,
1511 1228 1724 1271 assumebat
1751 1235 1790 1271 te
1808 1229 1988 1272 tenellum

165 1282 300 1327 (etate,
312 1282 522 1318 consortem
541 1280 703 1330 Imperii
718 1293 733 1326 ,·
750 1280 878 1320 induit
898 1286 943 1321 te
960 1283 1164 1332 parvulum
1183 1283 1450 1322 vestimentis
1477 1283 1787 1334 triumphalibus,
1801 1286 1990 1325 sublatum

164 1331 208 1369 in
227 1331 313 1371 sinu
340 1330 522 1380 micante,
541 1336 580 1371 et
598 1334 827 1373 monstravit
847 1334 941 1382 tibi,
958 1335 1074 1373 velut
1092 1336 1273 1384 ludendo,
1294 1335 1469 1374 excitari
1490 1335 1542 1373 ad
1562 1337 1869 1384 magnitudinem
1875 1339 1991 1385 sutu-

163 1396 263 1423 ram.
321 1385 463 1435 Populi
481 1385 626 1425 diversi
644 1386 805 1435 linguis,
817 1390 855 1426 et
878 1387 1083 1437 Principes
1105 1388 1314 1426 Persarum
1344 1388 1516 1437 delegati
1542 1387 1594 1425 ad
1625 1401 1756 1438 pacem
1773 1393 1991 1441 petendam,

164 1442 396 1487 aspexerunt
415 1442 456 1478 te
473 1439 573 1478 alias
591 1438 633 1477 in
663 1439 733 1478 hoc
746 1440 897 1491 palatio
916 1441 1172 1480 considentem
1187 1453 1272 1479 cum
1293 1440 1480 1490 Parente,
1500 1443 1538 1479 et
1555 1441 1719 1490 genibus
1722 1441 1848 1492 flexis
1869 1443 1991 1492 subJ'e·

164 1495 300 1530 cerunt
336 1491 461 1531 tiaras
493 1504 607 1531 suos.
662 1491 743 1531 Ille
778 1493 1043 1533 Theodosius
1068 1493 1208 1532 accivit
1236 1497 1361 1533 tecum
1388 1495 1439 1532 ad
1457 1506 1615 1532 munera
1646 1494 1822 1534 liberalia
1854 1494 1992 1535 Tribus

166 1544 461 1593 locupletandas.
517 1545 651 1584 Intrat
669 1548 795 1585 tecum
809 1546 968 1586 indutus
989 1551 1107 1586 veste
1128 1546 1349 1585 Consulari
1378 1547 1521 1596 templa
1539 1547 1724 1586 micantia
1756 1546 1888 1586 Curioe
1906 1561 1992 1589 con·

165 1600 325 1648 vocatoe,
341 1597 480 1637 loetans
493 1597 674 1638 exhibere
689 1602 728 1639 te
741 1610 908 1650 puerum
922 1599 1046 1639 amori
1064 1599 1344 1650 Romanorum,
1377 1604 1423 1639 ut
1441 1600 1562 1638 hoeres
1579 1612 1698 1639 novus
1713 1600 1802 1649 jam
1819 1601 1991 1649 assuefa-

929 1690 1048 1705 θ’θ’,
1053 1689 1094 1705 00
1101 1689 1222 1705 ece-90

166 1755 259 1796 Pal.
278 1755 398 1797 Med.
418 1768 482 1807 pr.
506 1755 652 1798 Ambr.
671 1761 771 1798 tert.
816 1761 974 1799 necdum
995 1760 1063 1799 vel
1082 1772 1218 1799 nomen
1244 1758 1343 1799 vat.
1366 1762 1615 1811 quarn—66
1643 1755 1729 1799 Hic
1748 1764 1793 1800 et
1813 1770 1992 1812 sequen-

167 1816 233 1848 tes
248 1809 427 1848 deerant
446 1810 486 1848 in
507 1811 668 1850 Lovan.
690 1824 822 1864 usque
842 1812 895 1851 ad
914 1826 977 1853 vs.
1011 1815 1103 1853 14⁰.
1130 1812 1303 1852 sumebas
1329 1813 1425 1852 Pal.
1444 1813 1623 1862 cingebat
1642 1813 1766 1852 Farn.
1812 1813 1992 1853 honorem

168 1861 196 1902 J
203 1873 273 1900 un.
289 1874 356 1912 pr.
404 1863 557 1901 honoris
588 1864 856 1905 Mazara-67
880 1867 1030 1915 gremio
1047 1865 1155 1911 sot-it
1193 1866 1220 1906 J
1226 1877 1295 1904 un.
1326 1877 1392 1917 pr.
1430 1866 1571 1905 Oxon.
1602 1878 1686 1906 sec.
1722 1864 1852 1913 fetum
1890 1867 1991 1906 Pat.

167 1907 311 1954 Oxou.
329 1926 394 1965 pr.
428 1913 577 1962 soetum
606 1914 753 1956 Ambr.
771 1922 869 1957 tert.
896 1931 1024 1958 secum
1045 1919 1151 1970 Reg.
1186 1917 1294 1966 fovit
1315 1918 1586 1970 Med.quart.
1603 1919 1766 1958 Thuan.
1808 1919 1992 1969 trophaeis

166 1966 289 2008 Leid.
311 1979 398 2007 sec.
413 1965 539 2007 voss.
564 1968 670 2008 Exc.
691 1967 978 2012 Gevart.-68
1005 1970 1146 2009 imbuit
1164 1979 1347 2022 quatuor
1363 1971 1484 2011 Vati.
1518 1971 1634 2010 Prie.
1653 1971 1736 2010 duo
1770 1971 1890 2010 Med.
1908 1972 1991 2012 inc.

167 2017 322 2067 Heius.
351 2019 451 2060 Pnt.
479 2020 563 2059 duo
591 2021 745 2061 Petav.
771 2023 877 2062 Bon.
894 2019 995 2064 Pat.
1009 2020 1176 2063 Tholas.
1194 2029 1282 2062 tres
1301 2022 1450 2062 Ambr.
1471 2025 1573 2063 Lov.
1595 2023 1755 2063 Moret.
1777 2034 1864 2063 sec.
1885 2023 1991 2064 Var.

168 2074 258 2114 LL.
271 2085 296 2113 e
311 2085 444 2126 marg.
467 2072 611 2114 Parm.
650 2075 781 2115 induit
800 2076 922 2116 Leid.
937 2089 1019 2116 sec.
1035 2075 1177 2116 Oxou.
1198 2088 1262 2126 pr.
1277 2074 1403 2114 Fan-n.
1431 2074 1620 2115 Florent.
1640 2077 1723 2115 dno
1743 2075 1862 2115 Med.
1883 2077 1992 2127 Reg.

166 2123 329 2174 'I'huam
363 2124 527 2167 mazar.
552 2124 707 2167 Petav.
743 2141 831 2168 sec.
866 2129 974 2170 Exc.
1011 2127 1189 2169 Gevart.
1211 2126 1392 2168 Lucens.
1412 2140 1476 2179 pr.
1496 2126 1563 2169 ed.
1583 2127 1726 2168 Vicet.
1765 2129 1903 2168 imbuit
1923 2130 1993 2169 vel

166 2177 296 2220 induit
315 2180 436 2221 Leia.
454 2191 520 2231 pr.
540 2177 640 2222 Vat.
663 2186 759 2222 tert.
795 2177 923 2230 factis
937 2182 974 2221 Τ
976 2182 1109 2222 holos.
1124 2194 1182 2221 m.
1199 2193 1264 2232 pr.
1298 2180 1406 2230 satis
1425 2181 1545 2222 Leid.
1561 2192 1625 2232 pr.
1639 2182 1739 2221 Vat.
1761 2194 1825 2233 pr.
1844 2180 1992 2223 Ambr.

170 2244 257 2274 sec.
278 2234 384 2274 Exc.
399 2231 582 2273 Lucens.
597 2246 682 2276 sec.
714 2233 838 2283 fastis
855 2240 1038 2286 quatuor
1056 2235 1180 2275 Vatt.
1195 2232 1292 2274 Pal.
1313 2235 1436 2274 Faru.
1451 2234 1570 2275 Prie.
1586 2235 1706 2275 Rott.
1723 2235 1856 2274 Oisel.
1868 2236 1992 2275 Voss.

168 2283 270 2326 Vat.
289 2298 354 2337 pr.
373 2299 429 2327 m.
450 2298 534 2326 sec.
555 2287 641 2326 vid.
662 2286 774 2327 infra
791 2300 854 2328 vs.
869 2289 962 2328 103.
1006 2286 1132 2337 fastis
1148 2288 1215 2327 vel
1227 2286 1357 2336 factis
1380 2287 1501 2327 Med.
1518 2292 1763 2338 quarn-⁷1
1790 2287 1990 2339 positoque

133 2344 137 2348 '
167 2338 312 2380 tiaram
331 2337 415 2379 duo
433 2334 585 2379 Leidd.
606 2338 739 2380 oisel.
759 2336 948 2380 Florent.
967 2341 1051 2380 inc.
1073 2340 1220 2380 Heius.
1238 2341 1401 2379 Bonon.
1417 2340 1517 2380 Pat.
1537 2340 1710 2380 'l‘holos.
1738 2340 1820 2378 duo
1840 2340 1992 2380 Ambr.

155 2398 258 2434 ,ιι-ει
276 2390 430 2434 Petav.
446 2393 554 2443 Reg.
574 2391 734 2433 Moret.
759 2405 844 2432 sec.
866 2391 990 2432 Voss.
1011 2390 1116 2432 Exc.
1134 2391 1313 2434 Gevan.
1334 2393 1514 2433 Lucens.
1535 2404 1600 2441 pr.
1622 2392 1719 2431 Am.
1738 2392 1838 2431 Var.
1856 2393 1943 2432 LL.
1964 2405 1989 2432 e

170 2457 304 2496 marg.
324 2445 467 2485 Parin.
487 2450 534 2485 et
548 2446 618 2485 ed.
649 2445 780 2486 Antv.
824 2446 1025 2496 positaque
1043 2444 1150 2484 tiara
1176 2443 1277 2484 vat.
1311 2449 1413 2484 tert.
1438 2444 1637 2496 positoque
1654 2445 1758 2483 tiara
1772 2444 1856 2484 duo
1870 2446 1993 2486 Vatt.

171 2498 289 2538 Prie.
333 2497 453 2537 Rott.
484 2498 569 2537 duo
607 2498 727 2538 Med.
771 2497 970 2549 fiositoque
1003 2497 1165 2548 tyranni
1202 2495 1319 2536 Med.
1348 2509 1413 2547 pr.
1461 2497 1661 2547 positaque
1696 2498 1857 2549 tyranni
1891 2498 1990 2538 Pal.

169 2549 334 2589 'l'huan-
373 2551 572 2601 positoque
585 2550 688 2589 Put.
703 2551 978 2590 Mazara—⁷2
1003 2551 1192 2602 proeclara
1208 2549 1307 2589 vat.
1322 2561 1388 2600 pr.
1403 2549 1563 2588 Thuan.
1587 2550 1686 2588 Vat.
1711 2550 1846 2591 Livin.
1888 2563 1991 2602 prae-

170 2603 276 2642 clara
296 2604 362 2642 vel
373 2604 572 2654 pra-larga
589 2603 708 2643 Med.
730 2615 796 2655 pr.
829 2606 994 2654 ‘rogavit
1025 2603 1125 2644 Jun.
1156 2615 1218 2652 pr.
1249 2602 1389 2643 Oxon.
1423 2604 1616 2642 sem—73
1633 2602 1836 2653 fulgentia
1860 2614 1992 2643 rerum

172 2657 199 2698 J
205 2668 273 2698 un.
288 2668 351 2711 pr.
367 2656 512 2697 Oxou.
523 2660 719 2697 sem-⁷4
749 2657 905 2697 collecto
920 2686 931 2697 .
951 2683 962 2697 .
985 2684 996 2697 .
1018 2660 1157 2696 senatu
1169 2656 1197 2698 J
1202 2667 1271 2696 un.
1287 2667 1352 2709 ρι’.
1368 2655 1505 2697 Oisel.
1521 2655 1664 2696 Oxou.
1681 2659 1874 2697 sem—75
1890 2668 1990 2707 gau·

990 2765 1172 2807 NOTAE

190 2864 194 2865 ⁷
227 2853 281 2890 oo
309 2850 466 2890 Socium
482 2851 672 2904 sumebat]
698 2851 960 2894 Theodosius
979 2853 1052 2893 tri·
1115 2857 1305 2893 mentum
1325 2850 1440 2904 prins
1467 2849 1734 2892 Persicorum
1753 2843 1992 2901 mulierum,

174 2914 383 2967 amplians
419 2926 562 2954 secum
594 2915 762 2955 induxit
797 2916 1051 2966 Honorium,
1117 2914 1190 2954 sed
1209 2927 1291 2967 quo
1312 2919 1464 2966 postea
1490 2914 1632 2965 Reges
1656 2912 1718 2953 usi
1739 2917 1840 2953 sunt
1857 2918 1902 2954 et
1918 2912 1993 2952 Sa,

174 2982 220 3017 et
238 2989 335 3018 cum
353 2988 404 3016 eo
419 2977 677 3024 congiarium
691 2980 850 3029 populo
871 2978 1006 3018 dedit.
1116 2976 1329 3017 cerdotes.

189 3059 195 3066 ·
228 3041 283 3080 68
313 3039 556 3090 Proetudere]
574 3040 738 3080 Docuit
753 3049 794 3080 te
810 3043 889 3081 hoc
905 3043 1051 3082 trium·
1167 3043 1220 3080 73
1247 3039 1315 3080 Aa
1326 3038 1446 3090 dona]
1471 3035 1731 3078 Theodosius
1751 3041 1850 3088 post
1862 3036 1994 3078 victo·

175 3101 275 3154 pho,
302 3101 364 3140 his
406 3102 515 3141 datis
548 3104 817 3153 muneribus;
851 3106 921 3145 ubi
960 3112 1052 3145 tan·
1118 3106 1219 3145 riam
1248 3105 1303 3144 de
1334 3096 1528 3144 Ma'xim'o
1559 3107 1604 3143 et
1632 3103 1686 3142 de
1706 3096 1882 3144 Victore
1896 3103 1992 3155 ejus

176 3175 303 3216 quam
338 3163 523 3203 ludendo
570 3166 754 3214 aderas;
794 3167 956 3216 docuit,
992 3168 1052 3207 in·
1117 3165 1205 3207 filio
1251 3165 1545 3206 infensissimis
1580 3164 1770 3206 hostibus
1801 3170 1992 3217 reporta-

177 3236 318 3278 qunm,
351 3232 395 3266 te
427 3228 668 3279 praeludere
704 3235 748 3269 et
783 3230 965 3270 excitari
998 3229 1051 3270 ad
1118 3237 1222 3278 tam,
1238 3229 1499 3280 congiarium
1520 3227 1822 3280 populodedit.

178 3299 334 3340 magua
350 3288 456 3339 fata,
475 3291 893 3346 magnitudinemque
907 3293 1053 3346 ingen-
1168 3292 1223 3334 '75
1255 3291 1432 3346 Offerre]
1459 3292 1685 3344 Principes
1714 3286 1907 3330 solebant
1941 3285 1993 3328 fi·

178 3356 282 3390 tem·
1121 3357 1199 3399 lios
1215 3366 1311 3398 suos
1325 3356 1484 3410 populo
1497 3353 1810 3396 commendare.

232 3416 284 3453 ⁷1
318 3411 495 3467 Tiar-mn]
521 3416 668 3458 'naras
686 3417 753 3459 vel
769 3418 914 3472 Τίιιιι,
930 3429 1053 3461 orna·
