2300 3906
306 179 416 235 956

308 310 539 376 Imaque
565 307 848 376 perspicui
871 305 1058 373 prodit
1082 307 1296 355 secreta
1320 303 1595 372 profundi.

382 393 515 445 Huc
543 394 736 458 elapsa
762 389 963 440 cohors
989 387 1232 454 gaudent
1253 403 1354 454 per
1377 387 1550 439 florea
1574 402 1719 439 rura.

307 474 584 530 Hortatur
613 473 908 540 Cytherea,
935 471 1152 537 legant:
1193 469 1356 522 Nunc
1382 470 1474 533 ite,
1501 486 1733 534 sororeS,

309 560 458 612 Dum
478 557 759 609 matutinis
784 553 1073 623 praesudat
1098 553 1312 606 solibus
1338 552 1451 615 aer,

307 643 456 696 Dum
483 658 637 692 meus
663 641 941 693 humectat
965 640 1222 692 flaventes
1249 637 1474 690 Lucifer
1498 652 1675 703 agros,

307 725 540 778 Roranti
567 729 879 792 praevectus
907 739 1069 791 equo.
1146 722 1241 774 Sic
1266 720 1400 784 fata,
1429 720 1634 772 doloris

848 192 945 231 (21...
984 187 1339 228 GLAUDIANI
1382 186 1590 226 XXXV.

2035 548 2141 606 120

305 847 398 888 ciles
412 848 482 886 sub
499 847 587 886 sinu
603 859 716 897 puro,
748 850 786 885 et
818 846 947 897 aperit
975 858 1120 885 arcana
1150 845 1292 885 intima
1322 845 1439 883 clm-ce
1469 843 1708 883 altitudinis.
1767 844 1899 883 Coetus
1929 842 2142 895 virginum

305 902 456 952 elapsus
487 902 527 939 in
554 900 653 938 hunc
672 900 812 939 locum
840 902 1003 939 laetatur
1025 911 1096 950 per
1126 911 1243 949 agros
1248 898 1453 950 florentes.
1515 898 1643 938 Venus
1662 897 1723 937 sic
1742 897 1974 937 exhortatur
1993 909 2081 948 eas,
2097 901 2143 938 ut

304 955 509 1004 decerpant
526 951 651 992 flores
668 967 678 991 :
738 954 868 1000 Nunc,
889 965 913 991 o
931 965 1095 1003 sorores,
1113 953 1186 1001 ite,
1201 954 1291 992 dum
1310 952 1381 990 αἰέν
1397 951 1607 1000 irroratur,
1625 951 1773 991 oriente
1799 949 1902 1001 Sole,
1919 952 2010 989 dum
2028 950 2146 990 Luci-

294 1005 366 1057 fer
381 1019 486 1046 meus
503 1010 636 1047 vectus
661 1019 753 1057 equo
771 1017 896 1045 rorem
905 1005 1066 1054 serente
1092 1004 1302 1054 madefacit
1328 1016 1481 1056 campos
1487 1003 1698 1055 flaventes.
1754 1004 1820 1043 Ita
1845 1004 1971 1043 locuta
1989 1003 2141 1054 colligit

1076 1111 1096 1124 δ
1102 1109 1374 1125 θδθθθθθθθᾰθ

305 1195 390 1232 cet.
405 1191 578 1244 flumine
596 1187 680 1231 duo
699 1191 818 1231 Vatt.
838 1195 883 1230 et
903 1189 945 1230 d.
980 1190 1075 1230 Pal.
1108 1190 1298 1230 Florent.
1330 1189 1414 1230 (luo
1445 1188 1565 1230 Med.
1585 1189 1737 1229 Heius.
1756 1189 1816 1230 H.
1837 1194 1883 1230 et
1902 1190 1986 1230 inc.
2008 1189 2144 1241 ejusd.

306 1245 408 1285 Put.
427 1246 533 1295 Reg.
551 1245 705 1284 Petav.
723 1257 791 1296 pr.
811 1245 977 1284 Bonon.
998 1244 1170 1283 Tholos.
1191 1244 1351 1283 Moret.
1371 1255 1435 1295 pr.
1448 1243 1476 1284 J
1481 1255 1550 1283 un.
1565 1255 1632 1295 pr.
1653 1242 1738 1282 duo
1760 1243 1904 1283 Oxou.
1921 1243 2004 1283 duo
2019 1244 2146 1284 Voss.

305 1298 413 1338 Exc.
432 1299 584 1338 PetaV.
606 1303 748 1350 quart.
780 1297 953 1347 fulmine
971 1297 1126 1336 Petav.
1148 1300 1388 1336 tert.—117
1417 1296 1577 1347 Imaque
1595 1296 1701 1336 Exc.
1720 1297 1860 1338 Laeti„
1884 1297 1980 1336 Jam
1999 1308 2145 1347 quoque

303 1351 493 1391 Florent.
514 1351 701 1391 chartac.
721 1351 874 1391 Heius.
896 1350 963 1390 ed.
979 1350 1117 1390 Vicet.
1146 1350 1340 1401 prospicui
1359 1350 1461 1389 Vat.
1482 1349 1618 1400 quint.
1651 1349 1811 1412 qpspicui
1831 1349 1966 1388 chart.
1993 1349 2146 1391 Heius.

305 1419 442 1469 pandit
464 1420 565 1457 Vat.
587 1431 650 1470 pr.
667 1419 770 1459 Jun.
790 1429 856 1468 pr.
895 1417 1026 1467 perdit
1055 1415 1202 1455 Ambr.
1231 1418 1467 1454 tert—118
1494 1415 1651 1464 delapsa
1678 1416 1778 1453 Vat.
1807 1426 1892 1453 sec.
1911 1415 2035 1454 Voss.
2055 1427 2146 1456 sec.

303 1473 453 1520 gaudet
474 1473 572 1511 Vat.
592 1483 679 1511 sec.
698 1472 783 1509 inc.
805 1470 956 1509 Heius.
978 1469 1085 1507 Cod.
1107 1468 1348 1506 Bartholin.
1368 1468 1470 1505 Var.
1491 1467 1578 1504 LL.
1601 1477 1624 1503 e
1645 1477 1779 1516 marg.
1800 1466 1946 1505 Parm.
1970 1470 2146 1516 gaudent

305 1523 460 1563 Heius.
481 1524 540 1563 H.
562 1525 623 1562 sic
641 1523 751 1561 infra
773 1534 831 1561 vs.
853 1524 946 1559 124.
974 1521 1149 1558 invasere
1170 1519 1315 1558 cohors.
1333 1518 1486 1569 florida
1505 1519 1720 1569 profloreo
1739 1519 1842 1558 Jun.
1862 1530 1948 1559 sec.
1994 1519 2148 1561 deerat

305 1588 433 1627 porro
453 1577 521 1613 hic
545 1587 689 1613 versus
711 1576 752 1611 in
769 1575 868 1613 Vat.
890 1585 953 1623 pr.
975 1574 1111 1624 quint.
1133 1578 1179 1610 et
1199 1571 1241 1609 d.
1262 1571 1364 1610 item
1382 1570 1475 1610 Pal.
1498 1571 1686 1611 Florent.
1706 1570 1835 1611 duob.
1851 1572 1973 1612 Med.
1995 1573 2148 1614 Heius.

302 1627 483 1668 membr.
504 1627 605 1665 Put.
633 1628 798 1667 Bonon.
818 1626 990 1665 Tholos.
1010 1625 1112 1666 Jun.
1134 1636 1200 1675 pr.
1222 1624 1382 1664 Moret.
1405 1630 1449 1662 et
1483 1625 1624 1664 Oxou.
1643 1636 1709 1675 pr.
1731 1629 1778 1663 ut
1797 1630 1842 1664 et
1862 1626 1969 1666 Exc.
1988 1626 2144 1675 Petav.

303 1683 582 1732 quart.-119
610 1680 839 1719 Hortamur
869 1678 1017 1718 Ambr.
1038 1680 1279 1717 tem—120
1306 1678 1521 1716 matutinus
1548 1678 1702 1718 Petav.
1738 1689 1803 1729 pr.
1839 1681 2025 1729 persudat
2044 1680 2158 1725 Vat.

304 1735 440 1786 quint.
461 1734 554 1772 Pal.
577 1734 698 1773 Voss.
721 1741 783 1783 pr.
802 1732 969 1771 Tholos.
996 1732 1158 1770 desudat
1179 1731 1332 1771 Petav.
1352 1737 1457 1769 tert.
1485 1731 1609 1770 aether
1627 1732 1751 1770 Voss.
1774 1735 1976 1783 ρι’.-121
1993 1734 2146 1786 floren·

303 1791 363 1826 tes
391 1787 550 1826 Moret.
582 1799 648 1837 pr.
685 1786 787 1827 Jun.
821 1797 910 1825 sec.
954 1787 1122 1824 lucentes
1149 1785 1249 1824 Vat.
1277 1785 1551 1836 quint.—l22
1577 1788 1781 1835 provectus
1811 1785 1909 1826 Vat.
1941 1797 2006 1838 pr.
2027 1791 2073 1826 et
2101 1787 2144 1827 d.

299 1843 520 1892 praeventus
552 1839 652 1879 Put.
689 1843 909 1890 praevectus
941 1838 1049 1878 Cod.
1083 1838 1322 1877 Bartholin.
1353 1850 1447 1877 cum
1479 1838 1630 1888 viginti
1659 1837 1797 1878 Codd.
1827 1843 1873 1878 et
1891 1839 1993 1880 Var.
2012 1840 2099 1880 LL.
2119 1852 2144 1880 e

303 1905 437 1944 marg.
468 1893 611 1933 Parin.
643 1891 760 1941 facta
793 1905 868 1944 pro
889 1891 986 1941 fata
1021 1892 1124 1931 Put.
1165 1891 1312 1931 doloris
1340 1891 1535 1931 Floreat.
1566 1891 1651 1931 inc.
1687 1891 1839 1931 Heius.
1870 1890 2019 1932 Ambr.
2042 1899 2143 1935 tert.

303 1946 475 1985 Tholos.
507 1947 615 1986 Exc.
648 1946 804 1986 PetaV.
838 1950 981 1999 quart.
1012 1945 1081 1985 ed.
1116 1944 1264 1984 Parm.
1298 1950 1344 1984 et
1374 1945 1517 1984 Vicet.
1559 1943 1709 1984 cruoris
1737 1945 1840 1984 Vat.
1873 1944 1915 1985 d.
1936 1946 2058 1987 Med.
2079 1959 2146 1998 pr.

306 1999 449 2040 Oxou.
471 2011 538 2052 pr.
578 2001 717 2040 coloris
750 1999 858 2052 Reg.
890 2011 945 2039 m.
976 2010 1064 2040 see.
1093 1998 1236 2040 Oxou.
1261 2010 1348 2040 sec.
1391 1997 1537 2039 doloris
1567 1998 1635 2038 vel
1662 1998 1811 2038 cruoris
1829 1998 1933 2041 Vat.
1953 1999 2148 2053 quinte-z

1133 2136 1309 2178 NOTAE

304 2227 467 2279 faciles,
489 2240 592 2280 quos
623 2226 725 2266 nihil
757 2225 937 2267 offendit
964 2232 1038 2267 aut
1057 2239 1191 2267 remo-

305 2300 441 2331 ratur.

1257 2227 1438 2280 feroque
1456 2228 1644 2280 singulos
1660 2229 1813 2270 tribuit
1832 2241 1977 2282 equos.
2024 2227 2147 2283 Equo

1260 2296 1404 2330 autem
1438 2290 1620 2341 roranti,
1653 2291 1695 2330 id
1716 2298 1799 2343 est,
1832 2304 1928 2333 rore
1945 2293 2149 2347 madenti,

359 2357 438 2395 118
468 2354 633 2405 Elapso]
670 2353 829 2392 Cohors
849 2352 893 2391 in
911 2353 1023 2392 huuc
1046 2353 1195 2404 elapsa

304 2420 462 2468 locum,
480 2418 599 2456 velut
618 2428 719 2456 aves
740 2428 792 2456 ex
807 2416 1015 2469 custodia,
1034 2416 1196 2469 gaudet

306 2480 524 2532 gestitque
542 2477 670 2518 flores
690 2491 886 2530 carpere.

360 2545 441 2583 119
471 2541 686 2594 Cytherea]
731 2542 853 2583 Alibi
887 2543 941 2583 de
971 2543 1052 2584 hac
1085 2555 1195 2584 voce

305 2604 480 2656 saepius.

360 2671 440 2708 120
468 2668 699 2719 Praesudat]
727 2669 842 2709 Dum
875 2682 931 2709 ex
962 2669 1079 2720 aere,
1111 2670 1194 2710 ori-

305 2735 407 2770 ente
439 2731 544 2781 sole,
576 2743 643 2770 ros
677 2731 813 2771 veluti
846 2732 978 2772 sudor
1005 2730 1117 2785 fluit,
1148 2737 1194 2773 et

306 2795 441 2833 solem
462 2795 670 2834 orientem
697 2795 923 2845 pra-cedit.

361 2861 436 2896 121
469 2858 586 2897 Mem
621 2858 804 2909 Lucifer]
864 2858 1038 2899 Lucifer
1081 2860 1193 2898 enim

305 2920 431 2960 stella
474 2923 684 2960 matutina
734 2927 801 2961 est
839 2923 965 2961 stella
996 2922 1193 2962 Veneris.

305 2982 537 3033 Virgilius:
582 2985 594 3005 ‘
617 2985 755 3025 Quam
776 2986 920 3024 Venus
949 2990 1051 3024 ante
1086 2984 1192 3024 alios

305 3049 518 3084 astrorum
538 3045 680 3095 diligit
699 3048 847 3097 ignes!

361 3105 590 3155 flaventes]
618 3107 722 3145 'rum
739 3108 886 3158 hyems
903 3115 1023 3158 erat;
1052 3109 1128 3149 sed
1149 3110 1193 3149 in

306 3181 459 3222 campo
491 3170 696 3220 Eune-nsi,
715 3172 787 3222 qni
807 3173 948 3212 nescit
980 3174 1190 3225 hyemem,

306 3231 515 3272 flaventes
535 3240 655 3273 erant
675 3235 766 3285 agri
785 3243 962 3287 propter
978 3235 1120 3278 fiores.

1261 2353 1362 2406 quia
1379 2353 1470 2405 ejus
1488 2359 1642 2393 exortu
1662 2366 1731 2394 ros
1750 2355 1884 2395 cadit.

1285 2468 1301 2473 p
1313 2415 1475 2456 Dolori-3
1488 2416 1624 2468 signo]
1641 2418 1811 2458 Florem
1830 2417 2029 2460 Adonin:
2051 2432 2147 2461 nam

1260 2478 1453 2531 Adonin,
1474 2481 1540 2520 vel
1559 2480 1801 2522 Adonidem
1821 2482 1878 2522 ab
1897 2495 2018 2535 apro,
2037 2484 2106 2524 vel
2123 2496 2150 2525 a

1258 2545 1407 2585 Marte
1426 2545 1564 2595 rivali,
1580 2544 1659 2585 sub
1689 2545 1785 2597 apri
1803 2546 1966 2598 specie,
1983 2546 2150 2587 extinc-

1263 2612 1353 2647 tum
1372 2609 1519 2648 Venus
1539 2606 1731 2659 deflevit,
1757 2613 1804 2649 et
1821 2608 1865 2648 in
1884 2609 1948 2649 sui
1967 2609 2147 2649 nominis

1261 2668 1410 2710 florem
1429 2683 1691 2723 purpureum
1722 2672 1920 2713 mutavit.
1974 2672 2056 2711 Vel
2074 2673 2149 2713 ¹in·

1261 2734 1506 2785 telligendae
1525 2739 1625 2774 sunt
1645 2747 1771 2785 τοδε,
1786 2747 1881 2787 quae
1902 2747 2000 2776 cum
2019 2741 2149 2777 antea

1261 2804 1405 2838 essent
1422 2799 1549 2848 albae,
1576 2799 1780 2850 sangnine
1798 2800 1979 2839 Veneris
1997 2799 2146 2840 tinctae

1260 2868 1375 2910 sunt,
1387 2873 1485 2900 cum
1503 2862 1575 2900 illa
1588 2861 1641 2900 ad
1658 2874 1782 2913 opem
1801 2861 1989 2902 Adonidi
2005 2860 2148 2902 feren·

1261 2925 1356 2965 dam
1378 2926 1469 2964 sine
1495 2925 1698 2965 sandaliis
1728 2929 1990 2974 accurreret,
2015 2929 2060 2964 et
2078 2934 2145 2964 ro·

1261 2999 1319 3026 sae
1349 2987 1551 3037 vepribus
1572 2987 1724 3038 pedem
1742 2986 2002 3026 offendisset.
2058 2984 2147 3025 An-

1263 3050 1384 3101 gelus
1405 3050 1642 3090 Pontianus
1661 3051 1774 3101 apud
1788 3047 2079 3099 Aphthonium
2098 3048 2143 3088 id

1261 3113 1487 3164 eleganter
1503 3112 1728 3162 expressit.
1771 3111 1835 3149 Ex
1853 3110 2029 3149 aliorum
2050 3111 2144 3162 opi·

1256 3176 1397 3224 nione,
1415 3175 1457 3212 in
1485 3173 1678 3213 convivio
1713 3175 1917 3222 Deorum,
1946 3173 2047 3212 dum
2064 3174 2145 3224 sal-

1258 3241 1373 3277 taret
1413 3234 1595 3286 Cupido,
1631 3247 1683 3274 ex
1723 3237 1893 3274 incursu
1940 3237 2141 3286 poculum

362 3297 441 3334 122
470 3296 640 3335 Romuli
658 3296 771 3348 equo]
808 3298 968 3338 Fabula
987 3300 1073 3339 Soli
1093 3312 1191 3352 qua·
1255 3299 1444 3339 nectaris
1461 3299 1634 3348 evertit,
1660 3311 1797 3350 eoque
1825 3311 1972 3350 sparso
1990 3299 2036 3338 in
2055 3304 2142 3339 ter-

305 3352 447 3409 d‘rIgas
465 3369 478 3409 ς
506 3357 641 3398 Lunae
661 3359 808 3412 bigas;
836 3358 1034 3414 Aurora‘,
1062 3362 1190 3413 Luci-
1254 3373 1362 3415 ram,
1379 3372 1517 3402 rosam
1536 3372 1798 3414 purpuream
1817 3360 2038 3415 produxit.
2056 3361 2140 3403 Ro·
