2300 3906
684 230 765 268 nn
821 229 899 269 νι.
942 227 1114 268 CONS.
1154 229 1386 268 ΗοΝοιῑ.
1833 217 1945 271 815

126 348 406 402 Praelatus
429 362 554 398 mea
578 351 713 399 vota
738 347 907 414 Ligus
928 350 950 400 Τ
989 349 1336 417 vetitumque
1362 348 1672 418 propinqua

125 430 275 484 Luce
300 432 424 492 frui,
450 431 647 497 spatiis
672 431 992 485 discernens
1019 433 1221 500 gaudia
1240 434 1454 501 parviS,

124 515 429 582 Torquebit
458 514 718 565 Rubicon
744 517 928 569 vicino
952 519 1172 569 nomine
1200 518 1454 586 Tybrin‘l
1837 517 1949 570 365

127 597 327 649 Nonne
358 599 530 649 semel
558 601 832 665 sprevisse
860 608 950 653 sat
976 606 1080 664 est,
1108 618 1236 653 cum
1259 602 1477 654 reddita
1499 602 1662 654 bellis

124 678 318 731 Africa
346 682 554 731 venturi
578 682 705 735 lusit
733 701 831 751 spe
858 685 1138 753 Principis
1163 685 1411 736 Urbem?

128 763 249 816 Nec
269 764 442 840 *duras
469 766 640 815 tantis
666 769 921 833 precibus
946 769 1320 835 permovimus
1347 769 1550 819 aures?

126 846 235 900 Ast
259 864 360 914 ego
386 847 688 901 fraenabam
715 852 976 917 geminOS‚
1003 852 1207 919 quibus
1229 851 1389 904 altior
1414 853 1537 916 ires,

126 998 296 1048 Ligures
313 998 522 1048 antepositi
547 1000 790 1049 possidebunt
822 1003 1012 1042 desideria
1032 1002 1149 1044 mea?
1215 1001 1427 1045 Quamdiu
1448 1000 1623 1040 Rubicon
1639 1003 1814 1039 avertens
1845 1000 1951 1041 loeaei-

124 1053 224 1091 tiam
244 1057 431 1090 nostram
449 1052 664 1091 intervallis
688 1054 859 1103 exiguis,
878 1056 1070 1095 cruciabit
1087 1055 1238 1095 nomine
1262 1055 1479 1106 Principis
1498 1054 1675 1107 finitimo
1695 1053 1831 1092 Tibrin
1859 1063 1951 1105 pro·

124 1105 287 1144 bibitum
314 1104 436 1154 potiri
455 1105 596 1143 lumine
626 1108 805 1155 proximo
823 1105 842 1146 :2
869 1108 1008 1148 Annon
1025 1111 1124 1148 satis
1140 1113 1195 1147 est
1213 1109 1456 1148 contemsisse
1476 1120 1542 1147 me
1561 1108 1693 1155 semel,
1717 1119 1802 1145 cum
1837 1103 1953 1155 Afri·

125 1170 171 1197 ca
188 1162 341 1208 recepta
360 1157 455 1197 bello
475 1158 622 1208 decepit
643 1159 774 1197 urbem
789 1171 856 1210 spe
877 1162 1129 1211 Imperatoris
1146 1160 1383 1201 adventuri?
1429 1163 1562 1210 Neque
1582 1166 1726 1199 tamen
1760 1158 1953 1210 percum·-

125 1223 210 1250 mus
225 1223 337 1251 aures
356 1216 450 1250 tuas
469 1223 618 1250 sei-eras
631 1212 810 1262 precibus
827 1212 982 1254 tantis?
1037 1216 1126 1264 Ego
1145 1227 1234 1253 vero
1253 1214 1508 1263 infraenabam
1527 1215 1621 1253 duos
1647 1225 1758 1264 equos
1776 1213 1954 1252 candoris

897 1316 1187 1331 OOOOOOOOOOOO

126 1389 229 1424 tert.
244 1396 301 1423 m.
331 1395 396 1434 pr.
416 1384 523 1434 Reg.
546 1382 686 1423 Oxon.
710 1387 908 1433 ρι’.--363
938 1384 1063 1433 Ligus
1080 1386 1183 1424 Vat.
1206 1397 1268 1436 pr.
1294 1384 1440 1425 Ambr.
1461 1397 1547 1424 sec.
1567 1386 1667 1425 Vat.
1690 1383 1823 1423 Livio.
1846 1384 1953 1425 Exc.

126 1438 308 1478 Lucens.
327 1449 392 1488 pr.
414 1437 497 1476 vid.
525 1437 674 1476 Silium
698 1437 787 1476 Lib.
809 1448 902 1476 vm.
922 1439 1015 1476 525.
1072 1438 1201 1487 Ligur
1231 1446 1414 1491 quatuor
1444 1439 1564 1477 Vatt.
1585 1437 1677 1477 Pal.
1696 1438 1819 1476 Fam.
1836 1436 1954 1477 Prie.

127 1492 248 1531 Rott.
269 1490 403 1530 Oisel.
453 1491 714 1541 Venetumque
734 1502 810 1541 pro
830 1490 1067 1540 vetitumque
1090 1492 1130 1529 M
1139 1497 1245 1533 oret.
1268 1505 1328 1543 pr.
1368 1491 1572 1543 propinqui
1594 1491 1695 1530 Put.
1718 1488 1863 1528 Ambr.
1894 1501 1955 1539 pr.

129 1547 265 1584 -364
294 1545 396 1582 Pace
429 1543 496 1581 vel
516 1543 619 1582 Luce
655 1545 807 1582 Petav.
841 1548 940 1582 tert.
983 1546 1188 1583 decernens
1224 1545 1317 1586 Pal.
1339 1547 1462 1584 Farn.
1497 1545 1638 1583 Oxon.
1670 1555 1733 1594 pr.
1765 1544 1957 1582 discernes

130 1598 292 1636 Thuan.
321 1597 540 1635 discernens
559 1602 645 1635 tres
666 1596 784 1635 Med.
805 1596 887 1636 inc.
913 1596 1062 1635 Heius.
1080 1597 1181 1637 Put.
1205 1599 1361 1638 Mazar.
1380 1599 1545 1637 Bonon.
1566 1599 1663 1636 Pat.
1681 1597 1848 1635 Tholos.
1871 1596 1953 1636 duo

132 1650 288 1689 Petav.
310 1654 397 1689 tres
425 1649 575 1688 Ambr.
596 1651 699 1688 Lov.
721 1649 842 1688 Voss.
876 1650 1034 1688 Moret.
1057 1662 1142 1688 sec.
1163 1651 1270 1691 Exc.
1293 1651 1469 1690 Gevart.
1507 1652 1684 1689 Lucens.
1706 1661 1768 1699 pr.
1786 1649 1952 1688 Schott.

131 1703 285 1743 Sched.
307 1702 419 1742 Gud.
439 1704 541 1742 Var.
563 1703 645 1742 LL.
667 1715 689 1741 e
711 1714 838 1753 marg.
860 1703 1004 1741 Parm.
1028 1703 1171 1753 primis
1191 1716 1266 1754 pro
1285 1704 1418 1754 parvis
1435 1704 1535 1744 Jun.
1558 1716 1622 1753 pr.
1648 1702 1791 1741 Oxou.
1814 1713 1955 1740 sec.—

130 1759 208 1796 365
244 1756 458 1807 Torquebat
485 1757 578 1794 Pal.
604 1756 720 1796 Med.
742 1768 805 1806 pr.
827 1760 870 1794 et
902 1761 1000 1794 tert.
1029 1762 1084 1794 ιιι.
1108 1768 1171 1806 ρι’.
1207 1757 1352 1796 Rubico
1373 1758 1471 1797 Vat.
1503 1761 1644 1808 quart.
1678 1755 1811 1793 Tibrin
1835 1753 1955 1794 Leid.

131 1822 196 1861 pr.
218 1809 333 1848 Pric.
367 1810 531 1848 Tholos.
579 1810 721 1858 Tigrin
758 1810 857 1849 Jun.
884 1821 950 1860 pr.
984 1808 1133 1847 Tibrim
1166 1817 1346 1861 quatuor
1378 1811 1496 1849 Vatt.
1527 1810 1618 1848 Pal.
1657 1808 1777 1847 Rott.
1809 1807 1955 1858 Tybrin

131 1863 319 1902 Florent.
351 1862 590 1902 Put.-366
616 1863 731 1900 simul
752 1862 892 1901 Oxon.
924 1874 1007 1900 sec.
1051 1864 1239 1912 sprevisse
1257 1864 1355 1902 satis
1371 1863 1489 1902 Leid.
1510 1875 1571 1913 pr.
1614 1865 1675 1900 sat
1694 1866 1748 1899 est
1770 1862 1868 1899 Vat.
1891 1871 1955 1910 pr.

130 1916 228 1955 sutis
247 1915 348 1954 Vat.
370 1927 457 1953 sec.
477 1915 592 1954 Prie.
614 1916 734 1953 Rott.
756 1915 838 1954 duo
858 1915 976 1954 Med.
996 1915 1078 1954 inc.
1099 1915 1252 1955 Heius.
1273 1919 1370 1956 Par.
1388 1917 1555 1954 Thoios.
1575 1915 1658 1953 duo
1681 1913 1828 1952 Ambr.
1849 1914 1955 1951 Low

131 1970 291 2008 Moret.
309 1980 392 2007 sec.
413 1969 519 2007 Exc.
543 1969 723 2006 Lucens.
741 1980 824 2007 sec.
847 1968 948 2007 Var.
971 1968 1054 2006 LL.
1088 1968 1156 2007 ed.
1177 1968 1308 2008 Antv.
1336 1966 1466 2008 satis?
1509 1968 1674 2006 'Phuam
1693 1967 1846 2005 Petav.
1867 1977 1956 2004 sec.

132 2023 237 2062 Var.
253 2022 340 2061 LL.
359 2033 384 2060 e
404 2033 540 2070 marg.
563 2021 706 2059 Parm.
749 2022 898 2059 credita
917 2020 1025 2060 bellis
1048 2020 1144 2060 Var.
1165 2022 1250 2061 LL.
1270 2021 1335 2060 ed.
1368 2020 1631 2060 Antv.-367
1661 2021 1752 2057 lusit
1771 2031 1837 2067 spe
1867 2019 1957 2056 Flo-

132 2080 242 2115 rent.
266 2074 383 2114 Med.
417 2086 481 2123 pr.
502 2075 619 2124 Reg.
646 2075 804 2125 Mazar.
828 2074 987 2113 Moret.
1022 2086 1085 2122 pr.
1105 2074 1205 2114 Jun.
1236 2087 1305 2125 pr.
1339 2074 1481 2113 Oxon.
1503 2086 1566 2124 pr.
1586 2074 1687 2112 Vat.
1708 2072 1847 2110 Livin.
1892 2082 1957 2120 spe

132 2129 222 2168 lusit
254 2134 342 2167 tres
361 2129 482 2167 Vatt.
501 2127 625 2166 Fam.
641 2126 755 2166 Prie.
772 2127 891 2165 Rott.
930 2126 1004 2165 lusi
1023 2126 1140 2165 Med.
1161 2132 1261 2166 tert.
1278 2127 1402 2175 jussit
1422 2128 1545 2165 Farn.
1563 2139 1616 2164 m.
1648 2127 1864 2163 seca—368
1897 2123 1958 2162 Ne

133 2184 252 2222 duras
271 2182 412 2221 Oxon.
434 2193 499 2231 pr.
544 2181 634 2219 Non
648 2181 766 2218 duras
783 2180 881 2218 Vat.
901 2191 987 2218 sec.
1007 2180 1198 2219 Florent.
1232 2181 1337 2219 Num
1356 2180 1605 2230 conjecerat
1627 2177 1845 2216 Heinsius.
1871 2188 1959 2226 per-

133 2235 304 2275 vovimus
325 2233 444 2273 Leid.
467 2246 529 2284 pr.
554 2233 815 2283 promovimus
834 2232 918 2271 duo
936 2233 1058 2271 Vatt.
1079 2234 1181 2273 Lov.
1200 2231 1351 2273 Ambr.
1372 2245 1456 2272 sec.
1478 2233 1559 2271 inc.
1583 2231 1867 2270 Heius—369
1891 2241 1961 2278 ge-

135 2289 250 2328 minis
269 2288 387 2327 Pric.
407 2287 541 2326 Oisel.
560 2287 667 2336 Reg.
690 2285 772 2325 duo
802 2287 955 2325 PetaV.
976 2286 1139 2325 Bonon.
1160 2286 1302 2325 Oxou.
1338 2298 1402 2337 pr.
1425 2286 1582 2324 Moret.
1604 2296 1687 2323 sec.
1702 2283 1787 2322 inc.
1806 2283 1958 2322 Heius.

126 2341 296 2392 geminis
327 2342 396 2381 vel
425 2341 599 2390 geminos
618 2340 717 2380 Vat.
740 2351 803 2390 pr.
848 2340 978 2390 aptior
995 2350 1074 2389 pro
1093 2339 1213 2378 altior
1231 2340 1359 2379 Farn.
1406 2339 1523 2378 altius
1542 2337 1626 2377 duo
1655 2338 1777 2375 Vatt.
1796 2336 1958 2375 Thumi.

960 2436 1134 2477 NOTAE

135 2536 223 2586 diu,
259 2539 303 2573 et
335 2537 436 2573 vota
473 2543 568 2571 mea
612 2529 902 2572 amantissima
938 2527 1012 2567 diu
1080 2537 1176 2571 tens
1210 2532 1367 2583 gaudia
1402 2536 1559 2581 nostra,
1592 2534 1638 2569 ct
1674 2533 1849 2579 torquens
1883 2538 1958 2566 seu

135 2598 346 2647 Princeps
367 2594 663 2634 dissimulavit.
1080 2596 1274 2635 crucians
1293 2595 1456 2646 'l'ybrin
1489 2600 1533 2634 et
1552 2594 1764 2634 Romanos
1790 2591 1959 2631 nomine

188 2665 266 2701 363
296 2659 440 2710 Ligus]
484 2660 744 2705 Ravennam,
773 2655 841 2694 vel
871 2654 1012 2706 p0ti¹18
1082 2663 1211 2710 atque
1229 2659 1497 2710 spectatione
1516 2656 1727 2707 Principis
1746 2654 1888 2694 vicini.

133 2727 425 2768 Mediolanum
446 2723 651 2774 intelligit
673 2722 786 2773 apud
818 2721 1013 2771 Ligures,
1135 2727 1212 2762 365
1244 2721 1440 2772 Rubicon]
1483 2721 1695 2773 Antiquus
1725 2717 1879 2758 Galliae
1912 2720 1961 2756 et

134 2791 207 2831 ubi
226 2789 455 2830 Theodosii
472 2788 568 2827 aula
585 2785 730 2826 floruit
747 2798 758 2834 ;
789 2789 832 2824 et
851 2783 922 2823 ubi
942 2783 1014 2822 diu
1082 2787 1222 2827 Italiae
1242 2787 1361 2826 limes
1379 2799 1390 2834 3
1419 2785 1547 2824 hodie
1567 2783 1724 2823 dicitur
1743 2781 1931 2820 Pisatello
1945 2792 1959 2819 .-

133 2855 289 2894 mflnslt
321 2852 553 2899 Honorius,
584 2861 665 2889 nec
685 2848 780 2887 ¹¹¹¹ss
816 2845 1014 2898 PseCibUS
1083 2850 1137 2891 ad
1158 2863 1282 2902 quem
1303 2850 1425 2890 stetit
1447 2850 1591 2889 Caesar
1614 2846 1763 2886 dubius
1785 2857 1837 2884 an
1875 2848 1961 2884 tra-

137 2917 210 2956 diu
230 2915 387 2956 adduci
422 2913 577 2965 potuit,
602 2917 647 2951 ut
668 2911 843 2950 Romam
864 2907 1015 2947 invise·
1076 2914 1251 2966 jiceret,

135 2984 231 3028 ret3
262 2990 336 3018 seu
356 2977 411 3016 ob
442 2974 726 3015 reverentiam
746 2972 856 3011 sedis
875 2970 1011 3021 Apos-
1137 2981 1213 3016 367
1244 2975 1402 3026 Africa]
1448 2975 1553 3014 Cum
1588 2971 1740 3012 Africa
1787 2973 1962 3020 recepta

137 3044 291 3092 toncaev
328 3053 403 3080 ⁸0¹1
452 3038 506 3078 Ob
554 3043 712 3076 metum
753 3032 1013 3083 SfflisshoniS,
1083 3047 1164 3090 est,
1182 3040 1296 3079 victo
1313 3039 1512 3087 Gildone,
1527 3036 1683 3075 dedisti
1705 3046 1823 3086 spem
1847 3032 1965 3073 veni-

137 3117 261 3158 quem
298 3103 434 3143 virtus
467 3099 665 3140 militaris
697 3103 741 3136 et
774 3095 1015 3135 veneranda
1083 3104 1182 3143 endi
1201 3103 1242 3142 jn
1276 3102 1439 3151 urbem,
1458 3105 1502 3139 et
1531 3104 1673 3139 tamen
1693 3098 1770 3136 hac
1791 3107 1866 3146 spe
1888 3094 1960 3133 de-

137 3169 304 3221 speeies
337 3178 495 3218 genero
515 3162 856 3216 praestantiorem
878 3165 923 3199 et
942 3171 1014 3210 po·
1082 3166 1199 3217 cepti
1232 3176 1396 3204 sumus:
1421 3173 1560 3214 neque
1590 3161 1695 3200 ullas
1732 3158 1829 3197 ideo
1860 3167 1960 3209 que.

139 3231 239 3282 pulo
260 3231 452 3270 Romano
473 3227 680 3267 cariorem
708 3223 963 3263 reddebant.
1083 3229 1191 3268 telas
1210 3226 1411 3266 fudimus.

192 3293 416 3343 Propinqua
449 3289 549 3340 luce]
580 3288 725 3329 Radiiss
741 3293 786 3328 et
805 3288 900 3327 luce
922 3285 1010 3325 ΗΟ·
1137 3294 1216 3330 369
1246 3288 1429 3328 Geminos
1458 3285 1590 3337 equos]
1633 3281 1833 3323 Consules
1867 3283 1957 3318 tum

140 3355 250 3398 norii
267 3350 508 3406 propinqui.
1084 3353 1287 3406 temporis
1308 3352 1385 3390 hae
1406 3361 1559 3402 pompa
1576 3346 1723 3386 urbem
1749 3340 1958 3393 ingredie-

194 3420 274 3458 304
303 3413 560 3466 Dmem]
578 3414 854 3468 DiSP-fficens,
894 3421 1016 3452 avel'*
1084 3417 1256 3469 bantur,
1276 3414 1406 3456 etiam
1423 3417 1547 3455 extra
1565 3406 1837 3460 triumphum.
