2300 3906
709 205 790 243 DE
831 205 1029 244 nunno
1070 205 1293 243 GE'rlco
1339 206 1456 246 mn.
1888 197 1994 251 '761

180 320 394 388 Turpia
421 320 715 373 Danubius
740 338 828 372 me
857 324 1071 390 sospite
1095 323 1253 376 ferret
1275 324 1494 377 inultuS.

180 404 358 468 Anne,
385 409 468 457 tot
493 403 779 478 Augustos
803 405 999 459 Hebro
1024 409 1115 475 qui
1141 413 1280 461 teste
1305 409 1511 476 fugavi,

180 489 263 541 Te
287 490 465 555 patiar
491 488 759 539 suadente
783 490 987 557 fugam,
1026 508 1150 543 cum
1177 494 1403 544 cesserit
1428 494 1606 545 omnis

181 571 481 638 Obsequiis
508 574 703 622 natura
725 574 897 626 meis?
938 575 1237 627 Subsidere
1262 577 1465 627 nostris

180 654 296 706 Sub
321 654 553 722 pedibus
580 662 811 720 monteS,
840 675 1083 712 arescere
1107 659 1346 711 vidimus
1375 675 1585 713 amnes,

180 737 308 788 Non
333 739 410 789 ita
439 737 513 788 Di
539 737 725 791 Getici
752 742 953 805 faxint,
980 743 1285 810 Manesque
1309 747 1614 811 parentum,

180 819 260 872 Ut
282 835 405 870 mea
431 837 695 874 converso
721 826 961 891 relegam
986 826 1219 892 vestigia
1245 842 1424 877 cursu.

180 903 344 955 Hanc
370 920 472 970 ego
500 905 590 955 vel
617 907 798 960 victor
821 926 1000 976 regno,
1025 911 1116 962 vel
1141 914 1315 962 morte
1339 913 1533 964 tenebo

186 986 385 1038 Victus
409 987 656 1040 humum.
732 991 842 1043 Per
867 996 950 1045 tot
968 994 1210 1062 populos
1235 996 1507 1063 urbesque
1533 997 1768 1049 cucurri:

1891 494 1998 546 525

1891 914 1997 966 530

172 1133 376 1180 pateretur
392 1131 561 1182 impune,
582 1143 642 1170 mc
660 1132 827 1183 vivente,
845 1134 1095 1182 hancfoedam
1113 1136 1298 1175 sermonis
1315 1135 1535 1184 infamiam.
1565 1137 1631 1177 An
1651 1149 1745 1188 ego,
1763 1138 1844 1190 qui,
1863 1138 1997 1179 Hebro

173 1187 385 1232 spectante,
413 1186 544 1234 pepuli
574 1189 633 1223 tot
663 1186 932 1238 Imperatores,
949 1188 1141 1227 sustinebo
1164 1189 1322 1238 fugere,
1347 1194 1387 1227 te
1412 1190 1618 1235 hortante,·
1645 1204 1731 1229 cam
1751 1195 1892 1230 natura
1913 1193 2001 1232 uni-

175 1247 285 1274 versa
300 1248 341 1274 se
355 1238 571 1277 reddiderit
588 1240 773 1288 potestati
787 1237 907 1279 meoe?
939 1241 1218 1291 conspeximus
1234 1244 1378 1279 montes
1396 1242 1561 1292 deprimi
1575 1244 1644 1281 sub
1662 1243 1822 1293 pedibus
1838 1245 1998 1294 nostris,

175 1293 221 1328 et
229 1288 375 1339 fluvios
387 1291 541 1330 siccari.
600 1292 690 1330 Non
716 1292 774 1331 sic
801 1293 882 1330 Dii
902 1293 1050 1342 Getici,
1084 1298 1122 1332 et
1155 1306 1286 1333 manes
1306 1294 1503 1343 Major-um
1530 1300 1772 1334 nostrorum
1791 1298 1922 1336 sinant
1953 1301 1999 1337 ut

175 1347 417 1393 retorqueam
434 1357 559 1383 meum
576 1345 655 1384 iter
677 1357 793 1396 passa
812 1358 956 1386 averso.
1012 1347 1102 1395 Ego
1121 1346 1306 1397 occupabo
1323 1347 1421 1386 hanc
1439 1351 1586 1386 terram
1604 1348 1729 1387 victor
1745 1349 1922 1400 imperio,
1941 1350 2001 1390 vel

176 1397 329 1436 saltem
345 1402 466 1437 morte
479 1402 693 1450 superatus.
739 1399 874 1439 Volavi
888 1412 961 1450 per
990 1402 1048 1439 tot
1062 1405 1199 1450 gentes
1230 1404 1269 1438 et
1286 1399 1399 1438 urbes
1415 1414 1427 1439 .·
1443 1401 1604 1451 perrupi
1634 1400 1769 1453 Alpes,
1800 1406 1838 1441 et
1866 1403 2002 1453 potavi

946 1504 1241 1520 OOOOOOOOOOOO

176 1569 290 1608 dente
304 1570 332 1610 J
338 1582 406 1610 un.
431 1583 492 1620 pr.
513 1570 596 1610 duo
610 1571 761 1611 Leidd.
783 1571 866 1610 duo
887 1572 1027 1611 Oxou.
1049 1573 1211 1611 sundere
1242 1572 1422 1623 Raphel.
1443 1573 1511 1623 qui
1529 1575 1684 1613 cesserit
1703 1574 1798 1614 Pal.
1818 1587 2004 1614 concesse·

176 1623 231 1660 rit
253 1623 388 1662 Oisel.
411 1624 529 1663 Med.
560 1637 646 1663 sec.
676 1625 830 1664 Petav.
852 1637 939 1664 see.
974 1625 1115 1664 Oxon.
1136 1637 1201 1675 pr.
1223 1626 1383 1665 Moret.
1412 1638 1475 1676 pr.
1495 1627 1798 1666 Bonon.——526
1825 1628 1906 1666 suis
1925 1641 2002 1678 pro

177 1676 272 1714 meis
305 1677 543 1716 Low—527
574 1678 901 1718 montis...amnis
933 1677 1201 1717 Oisel.——528
1220 1678 1379 1726 saciant
1410 1687 1496 1718 tres
1529 1681 1651 1719 Vatt.
1681 1681 1805 1720 Farn.
1847 1680 2003 1720 Petav.

177 1740 241 1779 pr.
250 1730 323 1776 sas
340 1730 416 1768 erit
436 1730 530 1771 Pal.
538 1730 698 1779 saciant
718 1732 865 1770 decem
888 1731 973 1770 alii.
993 1731 1142 1779 faxunt
1165 1733 1269 1770 Low
1281 1731 1423 1779 faxint
1445 1732 1565 1771 Leid.
1586 1745 1650 1783 pr.
1670 1733 1809 1773 Oxon.
1832 1745 1894 1783 pr.
1915 1734 2001 1773 duo

177 1782 295 1822 Med.
326 1783 409 1822 inc.
446 1784 598 1823 Heius.
631 1785 732 1823 Put.
762 1785 922 1824 Thuan.
956 1784 1106 1824 Perav.
1139 1789 1238 1824 tert.
1271 1786 1436 1824 Bonon.
1469 1786 1638 1825 Tholas.
1670 1792 1755 1826 vet.
1785 1786 1892 1836 Gyr.
1921 1787 2002 1826 duo

175 1832 327 1874 Ambr.
352 1836 457 1876 Exc.
477 1838 657 1877 Lucens.
692 1851 757 1888 pr.
775 1840 879 1878 Var.
913 1839 998 1877 LL.
1034 1851 1057 1877 e
1087 1850 1217 1889 marg.
1250 1839 1395 1878 Pan-m.
1431 1844 1475 1878 et
1508 1839 1575 1879 ed.
1611 1838 1743 1879 Antv.
1762 1839 1905 1886 faxint
1936 1841 2003 1879 vel

165 1886 324 1936 faciant
343 1889 463 1928 Rott.
484 1891 589 1928 Exc.
610 1891 871 1930 Lana—529
897 1904 1077 1930 conversa
1108 1893 1211 1931 Lov.
1244 1893 1395 1940 relegat
1417 1892 1559 1931 Oxou.
1594 1905 1661 1942 pr.
1680 1895 1858 1941 relegant
1878 1892 2000 1932 Leid.

176 1952 239 2007 pr.
260 1941 378 1981 Prie.
399 1943 516 1981 Roit.
534 1943 669 1982 Oisel.
690 1944 810 1983 Med.
830 1957 915 1984 sec.
933 1944 1016 1984 ine.
1039 1945 1189 1984 Heius.
1211 1944 1312 1983 Put.
1337 1945 1441 1996 Reg.
1462 1946 1626 1984 Bonon.
1646 1946 1728 1984 duo
1748 1947 1901 1984 Petav.
1922 1946 2005 1984 duo

176 1993 325 2033 Ambr.
343 1996 448 2034 LoV.
470 1996 627 2036 Moret.
650 2009 735 2036 sec.
758 2010 876 2036 curru
890 1998 984 2037 Pal.
1001 1998 1083 2036 duo
1099 1998 1220 2036 Med.
1240 2009 1460 2036 conversum
1479 2011 1634 2037 currum
1648 1999 1748 2039 Juu.
1766 1998 1906 2037 Oxon.
1922 2010 2004 2038 sec.

176 2051 311 2088 —530
338 2060 456 2099 regno
475 2049 599 2088 victor
618 2051 724 2090 Exc.
746 2050 869 2090 Laeti.
890 2051 1017 2090 victor
1032 2048 1151 2100 regno
1173 2051 1254 2089 duo
1273 2050 1423 2089 Leidd.
1441 2051 1524 2090 duo
1544 2051 1685 2090 Oxon.
1706 2052 1896 2090 Florent.
1916 2056 2007 2090 tres

176 2100 297 2140 Med.
319 2102 421 2141 Put.
455 2104 563 2154 Reg.
581 2103 743 2144 Thuau.
766 2104 931 2142 Mazar.
960 2105 1122 2142 Bonon.
1150 2105 1242 2143 Pat.
1271 2104 1437 2143 Tholos.
1467 2110 1554 2142 tres
1572 2104 1724 2144 Petav.
1746 2110 1834 2143 tres
1855 2103 2006 2144 Ambr.

176 2155 303 2193 Voss.
325 2156 428 2196 Lov.
449 2157 609 2197 Moret.
628 2168 713 2196 sec.
733 2158 816 2196 inc.
839 2157 990 2196 Heius,
1025 2158 1129 2195 Exc.
1151 2158 1326 2196 Gevart.
1355 2163 1399 2196 et
1430 2158 1614 2196 Lucens.
1638 2161 1835 2207 piu—531
1873 2158 2008 2197 Victor

174 2207 276 2248 Vat.
295 2214 399 2249 tert.
419 2213 477 2249 tot
493 2223 564 2261 per
581 2212 739 2262 populos
760 2211 857 2251 Pat.
874 2212 1046 2261 scopulos
1062 2210 1155 2250 Pal.
1175 2210 1296 2250 Med.
1318 2222 1380 2261 pr.
1401 2210 1513 2250 urbes
1524 2212 1753 2262 populosque
1774 2210 1896 2251 Leid.
1918 2222 2002 2251 sec.

1010 2343 1186 2382 NOTAE

232 2436 311 2472 523
343 2431 574 2482 Danubius]
615 2431 858 2470 Danubium
889 2431 1061 2469 Numen
1128 2429 1254 2469 hodie
1277 2431 1461 2480 Cosenza,
1481 2429 1580 2469 dum
1612 2428 1791 2480 parabat
1817 2428 2004 2468 Siciliam

183 2495 387 2547 patrium,
422 2507 552 2533 senex
595 2495 763 2545 ignave,
799 2494 932 2532 violas
974 2499 1060 2531 tam
1128 2497 1368 2543 penetrare.

181 2558 309 2597 inerti
327 2558 536 2607 oratione,
568 2557 742 2607 indigna
773 2556 824 2595 iis
845 2569 948 2608 quos
977 2557 1062 2595 Da-

180 2621 335 2660 nubius
356 2621 485 2669 aluit3
516 2620 593 2659 sed
625 2632 705 2658 non
738 2620 897 2659 inultus
930 2631 1064 2658 rema-

180 2689 318 2735 neret,
351 2684 430 2722 nisi
466 2690 550 2722 tuae
582 2683 792 2722 senectuti
828 2694 1061 2733 parcerem.

180 2749 381 2790 Alaricus
417 2762 546 2801 porro
578 2748 821 2788 Danubium
842 2754 889 2787 ut
908 2760 1061 2787 numen

183 2813 375 2853 colebat:
406 2812 531 2852 immo
551 2819 596 2851 et
623 2812 720 2851 huic
751 2810 913 2850 flumini
944 2823 1063 2850 sacra

182 2875 291 2916 fecit
311 2875 568 2915 Alexander.
597 2874 820 2914 Arrianus.

237 2943 316 2979 524
349 2940 420 2979 Tot
456 2939 672 2990 Augustos]
712 2940 794 2978 Tot
830 2939 1065 2989 Imperato-

184 3015 268 3042 res:
307 3003 387 3042 sibi
418 3002 570 3042 tribuit
588 3003 802 3051 Alaricus,
834 3002 943 3053 quod
964 3007 1064 3041 ante

179 3065 466 3106 Theodosium
476 3066 602 3105 Getae
612 3063 1065 3112 fece1·antinThracia;

188 3128 370 3181 alioquin
401 3129 663 3168 mendacium
702 3127 841 3168 foret:
884 3128 1062 3166 Romam

187 3192 300 3232 enim
337 3193 522 3231 vastavit
555 3205 664 3231 anno
700 3196 798 3243 post
833 3192 1062 3230 salutatum

187 3253 496 3306 Imperatorem
515 3255 799 3294 Theodosium
832 3255 1065 3306 trigesimo,

189 3323 234 3357 et
266 3318 357 3369 ipse
386 3325 486 3370 post
510 3320 683 3370 juvenis
717 3319 824 3359 obiit
861 3319 905 3358 in
948 3319 1065 3358 Urbe

191 3392 314 3434 quam
333 3381 604 3430 Consentiam
635 3387 763 3423 vocat
790 3383 1066 3435 Ptolemaeus,

1181 2553 1336 2604 Hebro]
1365 2554 1562 2593 Thraciae
1581 2552 1724 2594 fluvio.

1183 2621 1262 2656 526
1284 2617 1459 2667 Natura]
1488 2618 1658 2668 Campi,
1675 2622 1855 2668 montes,
1875 2616 2007 2670 fluvii,

1182 2685 1261 2721 528
1292 2681 1451 2732 Manes]
1480 2681 1661 2735 Antiqui
1680 2695 1825 2722 manes
1847 2683 2007 2723 Paren-

1131 2750 1216 2783 tum
1248 2757 1507 2796 magnopere
1533 2746 1759 2785 colebant:
1788 2746 1864 2786 hos
1886 2758 2009 2786 voca-

1130 2809 1234 2848 bant
1254 2808 1490 2860 ἐπιχωρίους,
1506 2810 1776 2849 auxiliatores.

1183 2876 1261 2910 531
1298 2872 1432 2911 Victus
1450 2871 1624 2922 hamum]
1652 2871 1905 2923 Scytharum
1937 2884 2007 2912 ve-

1131 2941 1198 2974 tus
1225 2936 1374 2987 religio
1394 2943 1487 2976 erat
1508 2942 1686 2975 mortem
1709 2940 2005 2975 contemnere:

1130 3013 1211 3039 vox
1231 2999 1377 3052 itaque
1392 3001 1520 3052 digna
1540 2999 1728 3039 Alarico.
1769 3000 2007 3051 Occupabo

1130 3065 1236 3103 lianc
1258 3070 1411 3103 terram
1432 3068 1507 3102 aut
1525 3063 1663 3102 victor
1682 3062 1915 3113 regnando,
1937 3068 2011 3103 aut

1132 3130 1268 3169 victus
1294 3126 1524 3167 moriendo.
1578 3127 1816 3178 Utrumque
1845 3127 2009 3178 praesti-

1131 3193 1186 3233 tit
1235 3191 1461 3239 Alaricus;
1498 3202 1595 3230 nam
1642 3190 1872 3240 occupavit
1922 3189 2008 3228 Ita-

1127 3256 1226 3295 liam
1248 3255 1483 3308 regnando,
1511 3261 1558 3295 et
1587 3260 1777 3294 mortuus
1807 3258 1872 3293 est
1901 3253 2008 3292 Con-

1134 3319 1301 3368 sentiae,
1333 3331 1427 3370 quae
1462 3318 1561 3358 urbs
1589 3323 1654 3359 est
1690 3316 1930 3357 Brutiorum
1962 3314 2005 3355 in

1134 3389 1328 3424 extrema
1346 3382 1487 3425 Italia.
