<?xml version="1.0" encoding="UTF-8"?>
<!DOCTYPE html PUBLIC "-//W3C//DTD XHTML 1.0 Transitional//EN"
    "http://www.w3.org/TR/xhtml1/DTD/xhtml1-transitional.dtd">
<html xmlns="http://www.w3.org/1999/xhtml" xml:lang="en" lang="en">
 <head>
  <title>
</title>
<meta http-equiv="Content-Type" content="text/html;charset=utf-8" />
  <meta name='ocr-system' content='tesseract 3.04.00' />
  <meta name='ocr-capabilities' content='ocr_page ocr_carea ocr_par ocr_line ocrx_word'/>
</head>
<body>
  <div class='ocr_page' id='page_1' title='image "./operaomniaexedit02clauuoft/operaomniaexedit02clauuoft_0335.png"; bbox 0 0 2300 3906; ppageno 0'>
   <div class='ocr_carea' id='block_1_1' title="bbox 709 174 1967 228">
    <p class='ocr_par' dir='ltr' id='par_1_1' title="bbox 709 174 1967 228">
     <span class='ocr_line' id='line_1_1' title="bbox 709 174 1967 228; baseline 0.01 -13"><span class='ocrx_word' id='word_1_1' title='bbox 709 178 789 216; x_wconf 68' lang='grc' dir='ltr'>ΒΕ</span> <span class='ocrx_word' id='word_1_2' title='bbox 832 180 916 220; x_wconf 78' lang='lat' dir='ltr'>vl.</span> <span class='ocrx_word' id='word_1_3' title='bbox 957 180 1130 221; x_wconf 84' lang='lat' dir='ltr'>coNs.</span> <span class='ocrx_word' id='word_1_4' title='bbox 1175 181 1408 222; x_wconf 67' lang='lat' dir='ltr'>Honori.</span> <span class='ocrx_word' id='word_1_5' title='bbox 1860 174 1967 228; x_wconf 81' lang='lat'>837</span> 
     </span>
    </p>
   </div>
   <div class='ocr_carea' id='block_1_2' title="bbox 149 288 1559 442">
    <p class='ocr_par' dir='ltr' id='par_1_2' title="bbox 149 288 1559 442">
     <span class='ocr_line' id='line_1_2' title="bbox 149 288 1559 367; baseline 0.008 -24"><span class='ocrx_word' id='word_1_6' title='bbox 149 288 437 345; x_wconf 84' lang='lat' dir='ltr'>Nutricem</span> <span class='ocrx_word' id='word_1_7' title='bbox 461 295 732 347; x_wconf 81' lang='lat' dir='ltr'>consultat</span> <span class='ocrx_word' id='word_1_8' title='bbox 753 313 933 361; x_wconf 89' lang='lat' dir='ltr'>anum,</span> <span class='ocrx_word' id='word_1_9' title='bbox 960 299 1092 367; x_wconf 87' lang='lat' dir='ltr'>qnid</span> <span class='ocrx_word' id='word_1_10' title='bbox 1118 300 1235 352; x_wconf 86' lang='lat' dir='ltr'>fixa</span> <span class='ocrx_word' id='word_1_11' title='bbox 1259 302 1559 353; x_wconf 82' lang='lat' dir='ltr'><strong>draconum</strong></span> 
     </span>
     <span class='ocr_line' id='line_1_3' title="bbox 150 374 1469 442; baseline 0.009 -17"><span class='ocrx_word' id='word_1_12' title='bbox 150 374 266 428; x_wconf 88' lang='lat' dir='ltr'>Ora</span> <span class='ocrx_word' id='word_1_13' title='bbox 289 378 476 439; x_wconf 88' lang='lat' dir='ltr'>velint,</span> <span class='ocrx_word' id='word_1_14' title='bbox 503 377 677 429; x_wconf 85' lang='lat' dir='ltr'>ventis</span> <span class='ocrx_word' id='word_1_15' title='bbox 701 379 928 442; x_wconf 88' lang='lat' dir='ltr'>fluitent,</span> <span class='ocrx_word' id='word_1_16' title='bbox 957 400 1028 433; x_wconf 90' lang='lat' dir='ltr'>an</span> <span class='ocrx_word' id='word_1_17' title='bbox 1055 400 1179 435; x_wconf 84' lang='lat' dir='ltr'>vera</span> <span class='ocrx_word' id='word_1_18' title='bbox 1200 385 1469 437; x_wconf 82' lang='lat' dir='ltr'><strong>minentur</strong></span> 
     </span>
    </p>
   </div>
   <div class='ocr_carea' id='block_1_3' title="bbox 150 459 1591 616">
    <p class='ocr_par' dir='ltr' id='par_1_3' title="bbox 150 459 1591 616">
     <span class='ocr_line' id='line_1_4' title="bbox 150 459 1444 529; baseline 0.01 -20"><span class='ocrx_word' id='word_1_19' title='bbox 150 459 328 511; x_wconf 89' lang='lat' dir='ltr'>Sibila</span> <span class='ocrx_word' id='word_1_20' title='bbox 353 477 678 527; x_wconf 87' lang='lat' dir='ltr'>suspensum</span> <span class='ocrx_word' id='word_1_21' title='bbox 699 467 903 529; x_wconf 81' lang='lat' dir='ltr'>rapturi</span> <span class='ocrx_word' id='word_1_22' title='bbox 930 467 1187 519; x_wconf 84' lang='lat' dir='ltr'>faucibus</span> <span class='ocrx_word' id='word_1_23' title='bbox 1211 469 1444 522; x_wconf 87' lang='lat' dir='ltr'>hostem.</span> 
     </span>
     <span class='ocr_line' id='line_1_5' title="bbox 150 540 1591 616; baseline 0.01 -25"><span class='ocrx_word' id='word_1_24' title='bbox 150 540 229 593; x_wconf 91' lang='lat' dir='ltr'>Ut</span> <span class='ocrx_word' id='word_1_25' title='bbox 255 543 540 610; x_wconf 81' lang='lat' dir='ltr'>chalybem</span> <span class='ocrx_word' id='word_1_26' title='bbox 565 546 778 598; x_wconf 74' lang='lat' dir='ltr'>indutos</span> <span class='ocrx_word' id='word_1_27' title='bbox 804 551 1039 616; x_wconf 84' lang='lat' dir='ltr'><strong>equites,</strong></span> <span class='ocrx_word' id='word_1_28' title='bbox 1066 556 1122 602; x_wconf 90' lang='lat' dir='ltr'>et</span> <span class='ocrx_word' id='word_1_29' title='bbox 1146 553 1202 603; x_wconf 89' lang='lat' dir='ltr'>in</span> <span class='ocrx_word' id='word_1_30' title='bbox 1229 570 1335 605; x_wconf 85' lang='lat' dir='ltr'>aere</span> <span class='ocrx_word' id='word_1_31' title='bbox 1357 554 1591 607; x_wconf 79' lang='lat' dir='ltr'>latentes</span> 
     </span>
    </p>
   </div>
   <div class='ocr_carea' id='block_1_4' title="bbox 148 624 1970 785">
    <p class='ocr_par' dir='ltr' id='par_1_4' title="bbox 148 624 1970 785">
     <span class='ocr_line' id='line_1_6' title="bbox 148 624 1970 702; baseline 0.01 -28"><span class='ocrx_word' id='word_1_32' title='bbox 148 624 308 676; x_wconf 84' lang='lat' dir='ltr'>Vidit</span> <span class='ocrx_word' id='word_1_33' title='bbox 334 629 691 694; x_wconf 80' lang='lat' dir='ltr'>cornipedes:</span> <span class='ocrx_word' id='word_1_34' title='bbox 734 631 988 695; x_wconf 86' lang='lat' dir='ltr'>Quanam</span> <span class='ocrx_word' id='word_1_35' title='bbox 1018 635 1085 686; x_wconf 91' lang='lat' dir='ltr'>de</span> <span class='ocrx_word' id='word_1_36' title='bbox 1110 641 1282 702; x_wconf 86' lang='lat' dir='ltr'>gente,</span> <span class='ocrx_word' id='word_1_37' title='bbox 1307 638 1559 702; x_wconf 83' lang='lat' dir='ltr'>rogabat,</span> <span class='ocrx_word' id='word_1_38' title='bbox 1859 636 1970 693; x_wconf 73' lang='lat'>570</span> 
     </span>
     <span class='ocr_line' id='line_1_7' title="bbox 150 707 1336 785; baseline 0.011 -27"><span class='ocrx_word' id='word_1_39' title='bbox 150 707 359 761; x_wconf 87' lang='lat' dir='ltr'>Ferrati</span> <span class='ocrx_word' id='word_1_40' title='bbox 385 726 583 763; x_wconf 87' lang='lat' dir='ltr'>venere</span> <span class='ocrx_word' id='word_1_41' title='bbox 608 716 747 767; x_wconf 63' lang='lat' dir='ltr'>viri?</span> <span class='ocrx_word' id='word_1_42' title='bbox 787 734 913 785; x_wconf 76' lang='lat' dir='ltr'>quae</span> <span class='ocrx_word' id='word_1_43' title='bbox 940 724 1088 771; x_wconf 87' lang='lat' dir='ltr'>terra</span> <span class='ocrx_word' id='word_1_44' title='bbox 1111 720 1336 771; x_wconf 88' lang='lat' dir='ltr'>metallo</span> 
     </span>
    </p>
   </div>
   <div class='ocr_carea' id='block_1_5' title="bbox 149 791 1687 954">
    <p class='ocr_par' dir='ltr' id='par_1_5' title="bbox 149 791 1687 954">
     <span class='ocr_line' id='line_1_8' title="bbox 151 791 1687 867; baseline 0.01 -26"><span class='ocrx_word' id='word_1_45' title='bbox 151 791 462 845; x_wconf 87' lang='lat' dir='ltr'>Nascentes</span> <span class='ocrx_word' id='word_1_46' title='bbox 489 795 744 851; x_wconf 90' lang='lat' dir='ltr'>informat</span> <span class='ocrx_word' id='word_1_47' title='bbox 769 803 984 867; x_wconf 65' lang='lat' dir='ltr'>equos?</span> <span class='ocrx_word' id='word_1_48' title='bbox 1025 802 1176 854; x_wconf 91' lang='lat' dir='ltr'>Num</span> <span class='ocrx_word' id='word_1_49' title='bbox 1203 803 1467 855; x_wconf 83' lang='lat' dir='ltr'>Lemnius</span> <span class='ocrx_word' id='word_1_50' title='bbox 1496 808 1687 856; x_wconf 83' lang='lat' dir='ltr'>auctor</span> 
     </span>
     <span class='ocr_line' id='line_1_9' title="bbox 149 874 1445 954; baseline 0.009 -28"><span class='ocrx_word' id='word_1_51' title='bbox 149 874 381 928; x_wconf 85' lang='lat' dir='ltr'>Addidit</span> <span class='ocrx_word' id='word_1_52' title='bbox 403 878 666 931; x_wconf 90' lang='lat' dir='ltr'>hinnitum</span> <span class='ocrx_word' id='word_1_53' title='bbox 693 884 855 947; x_wconf 90' lang='lat' dir='ltr'>ferr0,</span> <span class='ocrx_word' id='word_1_54' title='bbox 882 886 1282 954; x_wconf 87' lang='lat' dir='ltr'>simulacraque</span> <span class='ocrx_word' id='word_1_55' title='bbox 1308 887 1445 938; x_wconf 90' lang='lat' dir='ltr'>belli</span> 
     </span>
    </p>
   </div>
   <div class='ocr_carea' id='block_1_6' title="bbox 149 961 1972 1114">
    <p class='ocr_par' dir='ltr' id='par_1_6' title="bbox 149 961 1972 1114">
     <span class='ocr_line' id='line_1_10' title="bbox 149 961 1948 1037; baseline 0.008 -26"><span class='ocrx_word' id='word_1_56' title='bbox 149 961 302 1013; x_wconf 89' lang='lat' dir='ltr'>Viva</span> <span class='ocrx_word' id='word_1_57' title='bbox 325 962 519 1014; x_wconf 71' lang='lat' dir='ltr'>dedit?</span> <span class='ocrx_word' id='word_1_58' title='bbox 559 966 761 1029; x_wconf 88' lang='lat' dir='ltr'>gaudet</span> <span class='ocrx_word' id='word_1_59' title='bbox 785 974 1056 1032; x_wconf 87' lang='lat' dir='ltr'>metuens,</span> <span class='ocrx_word' id='word_1_60' title='bbox 1082 974 1137 1021; x_wconf 91' lang='lat' dir='ltr'>et</span> <span class='ocrx_word' id='word_1_61' title='bbox 1161 971 1366 1037; x_wconf 90' lang='lat' dir='ltr'>pollice</span> <span class='ocrx_word' id='word_1_62' title='bbox 1399 976 1680 1034; x_wconf 87' lang='lat' dir='ltr'>monstrat,</span> <span class='ocrx_word' id='word_1_63' title='bbox 1945 1030 1948 1034; x_wconf 56' lang='grc'><em>,</em></span> 
     </span>
     <span class='ocr_line' id='line_1_11' title="bbox 151 1043 1972 1114; baseline 0.009 -19"><span class='ocrx_word' id='word_1_64' title='bbox 151 1043 316 1108; x_wconf 86' lang='lat' dir='ltr'>Quod</span> <span class='ocrx_word' id='word_1_65' title='bbox 342 1047 644 1113; x_wconf 80' lang='lat' dir='ltr'>picturatas</span> <span class='ocrx_word' id='word_1_66' title='bbox 670 1051 841 1114; x_wconf 82' lang='lat' dir='ltr'>galeae</span> <span class='ocrx_word' id='word_1_67' title='bbox 869 1052 905 1103; x_wconf 86' lang='lat' dir='ltr'>J</span> <span class='ocrx_word' id='word_1_68' title='bbox 911 1056 1108 1106; x_wconf 88' lang='lat' dir='ltr'>unonia</span> <span class='ocrx_word' id='word_1_69' title='bbox 1134 1056 1329 1107; x_wconf 86' lang='lat' dir='ltr'>cristas</span> <span class='ocrx_word' id='word_1_70' title='bbox 1864 1061 1972 1112; x_wconf 81' lang='lat'>575</span> 
     </span>
    </p>
   </div>
   <div class='ocr_carea' id='block_1_7' title="bbox 140 1168 1976 1497">
    <p class='ocr_par' dir='ltr' id='par_1_7' title="bbox 140 1168 1976 1497">
     <span class='ocr_line' id='line_1_12' title="bbox 148 1168 1971 1231; baseline 0.009 -24"><span class='ocrx_word' id='word_1_71' title='bbox 148 1168 240 1231; x_wconf 75' lang='lat' dir='ltr'>quid</span> <span class='ocrx_word' id='word_1_72' title='bbox 251 1181 319 1208; x_wconf 85' lang='lat' dir='ltr'>ora</span> <span class='ocrx_word' id='word_1_73' title='bbox 332 1175 550 1222; x_wconf 78' lang='lat' dir='ltr'>serpentum</span> <span class='ocrx_word' id='word_1_74' title='bbox 571 1171 612 1211; x_wconf 91' lang='lat' dir='ltr'>in</span> <span class='ocrx_word' id='word_1_75' title='bbox 630 1172 796 1212; x_wconf 86' lang='lat' dir='ltr'>vexillis</span> <span class='ocrx_word' id='word_1_76' title='bbox 813 1175 941 1227; x_wconf 77' lang='lat' dir='ltr'>defixa</span> <span class='ocrx_word' id='word_1_77' title='bbox 953 1179 1085 1216; x_wconf 81' lang='lat' dir='ltr'>notent</span> <span class='ocrx_word' id='word_1_78' title='bbox 1101 1190 1114 1222; x_wconf 91' lang='lat'>‚·</span> <span class='ocrx_word' id='word_1_79' title='bbox 1141 1177 1395 1228; x_wconf 82' lang='lat' dir='ltr'>anfluctuent</span> <span class='ocrx_word' id='word_1_80' title='bbox 1417 1178 1458 1216; x_wconf 89' lang='lat' dir='ltr'>vi</span> <span class='ocrx_word' id='word_1_81' title='bbox 1477 1181 1689 1228; x_wconf 80' lang='lat' dir='ltr'>ventorum,</span> <span class='ocrx_word' id='word_1_82' title='bbox 1707 1191 1760 1218; x_wconf 90' lang='lat' dir='ltr'>an</span> <span class='ocrx_word' id='word_1_83' title='bbox 1779 1180 1971 1224; x_wconf 83' lang='lat' dir='ltr'>intentent</span> 
     </span>
     <span class='ocr_line' id='line_1_13' title="bbox 148 1221 1972 1285; baseline 0.009 -25"><span class='ocrx_word' id='word_1_84' title='bbox 148 1221 264 1284; x_wconf 76' lang='lat' dir='ltr'>sibila</span> <span class='ocrx_word' id='word_1_85' title='bbox 279 1235 385 1272; x_wconf 85' lang='lat' dir='ltr'>vera,</span> <span class='ocrx_word' id='word_1_86' title='bbox 402 1225 712 1276; x_wconf 71' lang='lat' dir='ltr'>comprehensuri</span> <span class='ocrx_word' id='word_1_87' title='bbox 729 1226 872 1275; x_wconf 83' lang='lat' dir='ltr'>jugulo</span> <span class='ocrx_word' id='word_1_88' title='bbox 891 1229 1036 1268; x_wconf 79' lang='lat' dir='ltr'>hostem</span> <span class='ocrx_word' id='word_1_89' title='bbox 1050 1231 1291 1280; x_wconf 81' lang='lat' dir='ltr'>pendentem.</span> <span class='ocrx_word' id='word_1_90' title='bbox 1331 1230 1417 1269; x_wconf 88' lang='lat' dir='ltr'>Sed</span> <span class='ocrx_word' id='word_1_91' title='bbox 1435 1237 1638 1281; x_wconf 79' lang='lat' dir='ltr'>postquam</span> <span class='ocrx_word' id='word_1_92' title='bbox 1655 1235 1807 1282; x_wconf 77' lang='lat' dir='ltr'>aspexit</span> <span class='ocrx_word' id='word_1_93' title='bbox 1827 1229 1972 1285; x_wconf 69' lang='lat' dir='ltr'>equites</span> 
     </span>
     <span class='ocr_line' id='line_1_14' title="bbox 147 1277 1972 1334; baseline 0.008 -21"><span class='ocrx_word' id='word_1_94' title='bbox 147 1279 307 1317; x_wconf 76' lang='lat' dir='ltr'>vestztos</span> <span class='ocrx_word' id='word_1_95' title='bbox 325 1277 495 1329; x_wconf 80' lang='lat' dir='ltr'>chalybe,</span> <span class='ocrx_word' id='word_1_96' title='bbox 515 1283 554 1317; x_wconf 88' lang='lat' dir='ltr'>et</span> <span class='ocrx_word' id='word_1_97' title='bbox 573 1291 687 1330; x_wconf 84' lang='lat' dir='ltr'>equos</span> <span class='ocrx_word' id='word_1_98' title='bbox 711 1281 972 1320; x_wconf 78' lang='lat' dir='ltr'>delitescentes</span> <span class='ocrx_word' id='word_1_99' title='bbox 999 1282 1067 1321; x_wconf 88' lang='lat' dir='ltr'>sub</span> <span class='ocrx_word' id='word_1_100' title='bbox 1096 1295 1190 1332; x_wconf 74' lang='lat' dir='ltr'>cere,</span> <span class='ocrx_word' id='word_1_101' title='bbox 1218 1283 1504 1332; x_wconf 84' lang='lat' dir='ltr'>interrogabat,</span> <span class='ocrx_word' id='word_1_102' title='bbox 1537 1295 1589 1321; x_wconf 86' lang='lat' dir='ltr'>ex</span> <span class='ocrx_word' id='word_1_103' title='bbox 1607 1296 1682 1334; x_wconf 83' lang='lat' dir='ltr'>qua</span> <span class='ocrx_word' id='word_1_104' title='bbox 1705 1287 1862 1334; x_wconf 80' lang='lat' dir='ltr'>regione</span> <span class='ocrx_word' id='word_1_105' title='bbox 1894 1280 1972 1329; x_wconf 72' lang='lat' dir='ltr'>ciri</span> 
     </span>
     <span class='ocr_line' id='line_1_15' title="bbox 140 1326 1969 1386; baseline 0.008 -19"><span class='ocrx_word' id='word_1_106' title='bbox 140 1326 292 1376; x_wconf 81' lang='lat' dir='ltr'>ferrati</span> <span class='ocrx_word' id='word_1_107' title='bbox 323 1331 596 1377; x_wconf 64' lang='lat' dir='ltr'>advenerunt?</span> <span class='ocrx_word' id='word_1_108' title='bbox 631 1333 730 1377; x_wconf 82' lang='lat' dir='ltr'>Quae</span> <span class='ocrx_word' id='word_1_109' title='bbox 762 1337 871 1373; x_wconf 86' lang='lat' dir='ltr'>terra</span> <span class='ocrx_word' id='word_1_110' title='bbox 898 1336 1081 1384; x_wconf 81' lang='lat' dir='ltr'>producit</span> <span class='ocrx_word' id='word_1_111' title='bbox 1111 1348 1226 1386; x_wconf 84' lang='lat' dir='ltr'>equos</span> <span class='ocrx_word' id='word_1_112' title='bbox 1253 1340 1364 1375; x_wconf 84' lang='lat' dir='ltr'>natos</span> <span class='ocrx_word' id='word_1_113' title='bbox 1395 1337 1436 1374; x_wconf 90' lang='lat' dir='ltr'>in</span> <span class='ocrx_word' id='word_1_114' title='bbox 1465 1334 1647 1376; x_wconf 80' lang='lat' dir='ltr'>metallo?</span> <span class='ocrx_word' id='word_1_115' title='bbox 1674 1339 1740 1376; x_wconf 85' lang='lat' dir='ltr'>An</span> <span class='ocrx_word' id='word_1_116' title='bbox 1775 1340 1969 1381; x_wconf 80' lang='lat' dir='ltr'>Vulcanus</span> 
     </span>
     <span class='ocr_line' id='line_1_16' title="bbox 150 1383 1975 1441; baseline 0.007 -21"><span class='ocrx_word' id='word_1_117' title='bbox 150 1386 284 1421; x_wconf 73' lang='lat' dir='ltr'>audor</span> <span class='ocrx_word' id='word_1_118' title='bbox 303 1384 410 1423; x_wconf 79' lang='lat' dir='ltr'>dedit</span> <span class='ocrx_word' id='word_1_119' title='bbox 427 1383 625 1424; x_wconf 78' lang='lat' dir='ltr'>hinnitum</span> <span class='ocrx_word' id='word_1_120' title='bbox 643 1386 772 1437; x_wconf 86' lang='lat' dir='ltr'>ferro,</span> <span class='ocrx_word' id='word_1_121' title='bbox 789 1391 825 1425; x_wconf 86' lang='lat' dir='ltr'>et</span> <span class='ocrx_word' id='word_1_122' title='bbox 842 1387 1009 1437; x_wconf 85' lang='lat' dir='ltr'>proebuit</span> <span class='ocrx_word' id='word_1_123' title='bbox 1026 1388 1132 1427; x_wconf 83' lang='lat' dir='ltr'>vivas</span> <span class='ocrx_word' id='word_1_124' title='bbox 1151 1390 1297 1441; x_wconf 69' lang='lat' dir='ltr'>effigies</span> <span class='ocrx_word' id='word_1_125' title='bbox 1318 1385 1440 1428; x_wconf 79' lang='lat' dir='ltr'>belli?</span> <span class='ocrx_word' id='word_1_126' title='bbox 1473 1389 1652 1427; x_wconf 77' lang='lat' dir='ltr'>Laetatur</span> <span class='ocrx_word' id='word_1_127' title='bbox 1669 1391 1824 1439; x_wconf 86' lang='lat' dir='ltr'>timens,</span> <span class='ocrx_word' id='word_1_128' title='bbox 1851 1399 1888 1431; x_wconf 92' lang='lat' dir='ltr'>et</span> <span class='ocrx_word' id='word_1_129' title='bbox 1916 1407 1975 1434; x_wconf 89' lang='lat' dir='ltr'>os-</span> 
     </span>
     <span class='ocr_line' id='line_1_17' title="bbox 149 1436 1976 1497; baseline 0.007 -23"><span class='ocrx_word' id='word_1_130' title='bbox 149 1436 275 1475; x_wconf 85' lang='lat' dir='ltr'>tendit</span> <span class='ocrx_word' id='word_1_131' title='bbox 295 1438 439 1486; x_wconf 84' lang='lat' dir='ltr'>digito,</span> <span class='ocrx_word' id='word_1_132' title='bbox 459 1440 559 1489; x_wconf 84' lang='lat' dir='ltr'>quod</span> <span class='ocrx_word' id='word_1_133' title='bbox 580 1451 689 1489; x_wconf 87' lang='lat' dir='ltr'>pavo</span> <span class='ocrx_word' id='word_1_134' title='bbox 720 1439 886 1479; x_wconf 77' lang='lat' dir='ltr'>volucris</span> <span class='ocrx_word' id='word_1_135' title='bbox 903 1441 1075 1480; x_wconf 69' lang='lat' dir='ltr'>«Iunonis</span> <span class='ocrx_word' id='word_1_136' title='bbox 1100 1446 1259 1481; x_wconf 85' lang='lat' dir='ltr'>exornet</span> <span class='ocrx_word' id='word_1_137' title='bbox 1284 1442 1403 1491; x_wconf 72' lang='lat' dir='ltr'>jubas</span> <span class='ocrx_word' id='word_1_138' title='bbox 1432 1442 1560 1493; x_wconf 83' lang='lat' dir='ltr'>pictas</span> <span class='ocrx_word' id='word_1_139' title='bbox 1592 1443 1769 1493; x_wconf 81' lang='lat' dir='ltr'>cassidis,</span> <span class='ocrx_word' id='word_1_140' title='bbox 1789 1449 1857 1483; x_wconf 84' lang='lat' dir='ltr'>aut</span> <span class='ocrx_word' id='word_1_141' title='bbox 1876 1449 1976 1497; x_wconf 85' lang='lat' dir='ltr'>quod</span> 
     </span>
    </p>
   </div>
   <div class='ocr_carea' id='block_1_8' title="bbox 917 1544 1207 1559">
    <p class='ocr_par' dir='ltr' id='par_1_8' title="bbox 917 1544 1207 1559">
     <span class='ocr_line' id='line_1_18' title="bbox 917 1544 1207 1559; baseline 0.007 -2"><span class='ocrx_word' id='word_1_142' title='bbox 917 1544 1207 1559; x_wconf 66' lang='lat' dir='ltr'>eeeeeeeeeeee</span> 
     </span>
    </p>
   </div>
   <div class='ocr_carea' id='block_1_9' title="bbox 148 1607 1980 2510">
    <p class='ocr_par' dir='ltr' id='par_1_9' title="bbox 148 1607 1980 2510">
     <span class='ocr_line' id='line_1_19' title="bbox 150 1607 1976 1666; baseline 0.007 -21"><span class='ocrx_word' id='word_1_143' title='bbox 150 1607 252 1647; x_wconf 86' lang='lat' dir='ltr'>Vat.</span> <span class='ocrx_word' id='word_1_144' title='bbox 272 1612 512 1649; x_wconf 84' lang='lat' dir='ltr'>tert.-—566</span> <span class='ocrx_word' id='word_1_145' title='bbox 539 1622 648 1650; x_wconf 87' lang='lat' dir='ltr'>avem</span> <span class='ocrx_word' id='word_1_146' title='bbox 667 1622 744 1661; x_wconf 85' lang='lat' dir='ltr'>pro</span> <span class='ocrx_word' id='word_1_147' title='bbox 763 1623 878 1650; x_wconf 85' lang='lat' dir='ltr'>anum</span> <span class='ocrx_word' id='word_1_148' title='bbox 913 1611 1166 1651; x_wconf 66' lang='lat' dir='ltr'>Rom—567</span> <span class='ocrx_word' id='word_1_149' title='bbox 1184 1611 1352 1662; x_wconf 83' lang='lat' dir='ltr'>fluitent</span> <span class='ocrx_word' id='word_1_150' title='bbox 1375 1613 1478 1652; x_wconf 88' lang='lat' dir='ltr'>Exc.</span> <span class='ocrx_word' id='word_1_151' title='bbox 1514 1612 1694 1651; x_wconf 79' lang='lat' dir='ltr'>Lucens.</span> <span class='ocrx_word' id='word_1_152' title='bbox 1721 1625 1785 1664; x_wconf 89' lang='lat' dir='ltr'>pr.</span> <span class='ocrx_word' id='word_1_153' title='bbox 1805 1616 1976 1666; x_wconf 84' lang='lat' dir='ltr'>fluitant</span> 
     </span>
     <span class='ocr_line' id='line_1_20' title="bbox 151 1660 1974 1716; baseline 0.007 -18"><span class='ocrx_word' id='word_1_154' title='bbox 151 1660 276 1700; x_wconf 84' lang='lat' dir='ltr'>Farn.</span> <span class='ocrx_word' id='word_1_155' title='bbox 298 1662 415 1702; x_wconf 91' lang='lat' dir='ltr'>Pric.</span> <span class='ocrx_word' id='word_1_156' title='bbox 438 1664 558 1702; x_wconf 84' lang='lat' dir='ltr'>Rott.</span> <span class='ocrx_word' id='word_1_157' title='bbox 587 1664 748 1703; x_wconf 83' lang='lat' dir='ltr'>Thuan.</span> <span class='ocrx_word' id='word_1_158' title='bbox 767 1664 869 1703; x_wconf 69' lang='lat' dir='ltr'>Pur.</span> <span class='ocrx_word' id='word_1_159' title='bbox 888 1664 1042 1704; x_wconf 82' lang='lat' dir='ltr'>Petav.</span> <span class='ocrx_word' id='word_1_160' title='bbox 1070 1677 1156 1704; x_wconf 83' lang='lat' dir='ltr'>sec.</span> <span class='ocrx_word' id='word_1_161' title='bbox 1191 1668 1356 1704; x_wconf 83' lang='lat' dir='ltr'>Bonon.</span> <span class='ocrx_word' id='word_1_162' title='bbox 1373 1665 1470 1703; x_wconf 75' lang='lat' dir='ltr'>Par.</span> <span class='ocrx_word' id='word_1_163' title='bbox 1494 1664 1634 1704; x_wconf 85' lang='lat' dir='ltr'>Oxou.</span> <span class='ocrx_word' id='word_1_164' title='bbox 1657 1677 1722 1716; x_wconf 87' lang='lat' dir='ltr'>pr.</span> <span class='ocrx_word' id='word_1_165' title='bbox 1742 1667 1810 1707; x_wconf 88' lang='lat' dir='ltr'>ed.</span> <span class='ocrx_word' id='word_1_166' title='bbox 1830 1668 1974 1710; x_wconf 82' lang='lat' dir='ltr'>Parm.</span> 
     </span>
     <span class='ocr_line' id='line_1_21' title="bbox 150 1715 1976 1772; baseline 0.005 -20"><span class='ocrx_word' id='word_1_167' title='bbox 150 1719 195 1752; x_wconf 87' lang='lat' dir='ltr'>et</span> <span class='ocrx_word' id='word_1_168' title='bbox 210 1715 350 1754; x_wconf 67' lang='lat' dir='ltr'>Vicet„</span> <span class='ocrx_word' id='word_1_169' title='bbox 371 1716 571 1756; x_wconf 83' lang='lat' dir='ltr'>minantur</span> <span class='ocrx_word' id='word_1_170' title='bbox 591 1717 711 1757; x_wconf 81' lang='lat' dir='ltr'>Rott.</span> <span class='ocrx_word' id='word_1_171' title='bbox 731 1716 850 1756; x_wconf 85' lang='lat' dir='ltr'>Med.</span> <span class='ocrx_word' id='word_1_172' title='bbox 868 1729 952 1757; x_wconf 83' lang='lat' dir='ltr'>sec.</span> <span class='ocrx_word' id='word_1_173' title='bbox 974 1719 1072 1758; x_wconf 85' lang='lat' dir='ltr'>Put.</span> <span class='ocrx_word' id='word_1_174' title='bbox 1095 1720 1243 1758; x_wconf 85' lang='lat' dir='ltr'>Petav.</span> <span class='ocrx_word' id='word_1_175' title='bbox 1265 1722 1482 1757; x_wconf 63' lang='lat' dir='ltr'>sem—568</span> <span class='ocrx_word' id='word_1_176' title='bbox 1510 1719 1666 1768; x_wconf 82' lang='lat' dir='ltr'>rapturi</span> <span class='ocrx_word' id='word_1_177' title='bbox 1686 1720 1805 1760; x_wconf 86' lang='lat' dir='ltr'>Rott.</span> <span class='ocrx_word' id='word_1_178' title='bbox 1822 1723 1976 1772; x_wconf 77' lang='lat' dir='ltr'>raptari</span> 
     </span>
     <span class='ocr_line' id='line_1_22' title="bbox 150 1767 1973 1823; baseline 0.005 -18"><span class='ocrx_word' id='word_1_179' title='bbox 150 1767 253 1806; x_wconf 86' lang='lat' dir='ltr'>Var.</span> <span class='ocrx_word' id='word_1_180' title='bbox 276 1769 358 1807; x_wconf 93' lang='lat' dir='ltr'>LL.</span> <span class='ocrx_word' id='word_1_181' title='bbox 382 1769 449 1808; x_wconf 82' lang='lat' dir='ltr'>ed.</span> <span class='ocrx_word' id='word_1_182' title='bbox 471 1769 601 1810; x_wconf 87' lang='lat' dir='ltr'>Antv.</span> <span class='ocrx_word' id='word_1_183' title='bbox 621 1782 745 1810; x_wconf 81' lang='lat' dir='ltr'>ensem</span> <span class='ocrx_word' id='word_1_184' title='bbox 766 1772 865 1810; x_wconf 74' lang='lat' dir='ltr'>Vat,</span> <span class='ocrx_word' id='word_1_185' title='bbox 897 1783 980 1811; x_wconf 86' lang='lat' dir='ltr'>sec.</span> <span class='ocrx_word' id='word_1_186' title='bbox 1000 1784 1055 1811; x_wconf 90' lang='lat' dir='ltr'>m.</span> <span class='ocrx_word' id='word_1_187' title='bbox 1086 1775 1287 1823; x_wconf 83' lang='lat' dir='ltr'>pr.—569</span> <span class='ocrx_word' id='word_1_188' title='bbox 1314 1772 1510 1823; x_wconf 79' lang='lat' dir='ltr'>chalybem</span> <span class='ocrx_word' id='word_1_189' title='bbox 1535 1771 1691 1810; x_wconf 82' lang='lat' dir='ltr'>indutos</span> <span class='ocrx_word' id='word_1_190' title='bbox 1709 1773 1792 1812; x_wconf 91' lang='lat' dir='ltr'>duo</span> <span class='ocrx_word' id='word_1_191' title='bbox 1821 1774 1973 1815; x_wconf 70' lang='lat' dir='ltr'>Petav.</span> 
     </span>
     <span class='ocr_line' id='line_1_23' title="bbox 148 1821 1976 1877; baseline 0.005 -18"><span class='ocrx_word' id='word_1_192' title='bbox 148 1821 308 1872; x_wconf 77' lang='lat' dir='ltr'>chalybe</span> <span class='ocrx_word' id='word_1_193' title='bbox 336 1823 490 1861; x_wconf 84' lang='lat' dir='ltr'>indutos</span> <span class='ocrx_word' id='word_1_194' title='bbox 509 1823 594 1862; x_wconf 88' lang='lat' dir='ltr'>duo</span> <span class='ocrx_word' id='word_1_195' title='bbox 613 1824 733 1863; x_wconf 83' lang='lat' dir='ltr'>Vatt.</span> <span class='ocrx_word' id='word_1_196' title='bbox 767 1824 857 1863; x_wconf 82' lang='lat' dir='ltr'>Pal.</span> <span class='ocrx_word' id='word_1_197' title='bbox 879 1825 1006 1863; x_wconf 89' lang='lat' dir='ltr'>Farn.</span> <span class='ocrx_word' id='word_1_198' title='bbox 1038 1825 1158 1864; x_wconf 86' lang='lat' dir='ltr'>Rott.</span> <span class='ocrx_word' id='word_1_199' title='bbox 1177 1824 1373 1877; x_wconf 78' lang='lat' dir='ltr'>chalybem</span> <span class='ocrx_word' id='word_1_200' title='bbox 1404 1826 1577 1864; x_wconf 83' lang='lat' dir='ltr'>inductos</span> <span class='ocrx_word' id='word_1_201' title='bbox 1595 1825 1695 1864; x_wconf 89' lang='lat' dir='ltr'>Vat.</span> <span class='ocrx_word' id='word_1_202' title='bbox 1716 1827 1851 1877; x_wconf 85' lang='lat' dir='ltr'>quint.</span> <span class='ocrx_word' id='word_1_203' title='bbox 1872 1828 1976 1869; x_wconf 86' lang='lat' dir='ltr'>Put.</span> 
     </span>
     <span class='ocr_line' id='line_1_24' title="bbox 151 1874 1977 1930; baseline 0.005 -18"><span class='ocrx_word' id='word_1_204' title='bbox 151 1874 318 1914; x_wconf 83' lang='lat' dir='ltr'>Bonon.</span> <span class='ocrx_word' id='word_1_205' title='bbox 339 1874 488 1914; x_wconf 85' lang='lat' dir='ltr'>Ambr.</span> <span class='ocrx_word' id='word_1_206' title='bbox 509 1888 570 1926; x_wconf 84' lang='lat' dir='ltr'>pr.</span> <span class='ocrx_word' id='word_1_207' title='bbox 593 1876 750 1928; x_wconf 82' lang='lat' dir='ltr'>chalybe</span> <span class='ocrx_word' id='word_1_208' title='bbox 781 1876 958 1916; x_wconf 86' lang='lat' dir='ltr'>inductos</span> <span class='ocrx_word' id='word_1_209' title='bbox 986 1879 1094 1928; x_wconf 82' lang='lat' dir='ltr'>Reg.</span> <span class='ocrx_word' id='word_1_210' title='bbox 1127 1878 1327 1929; x_wconf 82' lang='lat' dir='ltr'>chalybum</span> <span class='ocrx_word' id='word_1_211' title='bbox 1361 1878 1479 1916; x_wconf 88' lang='lat' dir='ltr'>Med.</span> <span class='ocrx_word' id='word_1_212' title='bbox 1502 1884 1639 1928; x_wconf 81' lang='lat' dir='ltr'>quart.</span> <span class='ocrx_word' id='word_1_213' title='bbox 1658 1878 1853 1930; x_wconf 81' lang='lat' dir='ltr'>chalybem</span> <span class='ocrx_word' id='word_1_214' title='bbox 1874 1882 1977 1922; x_wconf 77' lang='lat' dir='ltr'>LOV.</span> 
     </span>
     <span class='ocr_line' id='line_1_25' title="bbox 154 1927 1976 1981; baseline 0.004 -15"><span class='ocrx_word' id='word_1_215' title='bbox 154 1927 313 1968; x_wconf 88' lang='lat' dir='ltr'>Moret.</span> <span class='ocrx_word' id='word_1_216' title='bbox 334 1940 396 1979; x_wconf 86' lang='lat' dir='ltr'>pr.</span> <span class='ocrx_word' id='word_1_217' title='bbox 418 1935 503 1967; x_wconf 77' lang='lat' dir='ltr'>vet.</span> <span class='ocrx_word' id='word_1_218' title='bbox 526 1929 634 1980; x_wconf 87' lang='lat' dir='ltr'>Gyr.</span> <span class='ocrx_word' id='word_1_219' title='bbox 653 1930 757 1969; x_wconf 84' lang='lat' dir='ltr'>Exc.</span> <span class='ocrx_word' id='word_1_220' title='bbox 777 1931 941 1971; x_wconf 83' lang='lat' dir='ltr'>Schott.</span> <span class='ocrx_word' id='word_1_221' title='bbox 957 1932 1030 1970; x_wconf 89' lang='lat' dir='ltr'>ubi</span> <span class='ocrx_word' id='word_1_222' title='bbox 1050 1931 1293 1971; x_wconf 82' lang='lat' dir='ltr'>Gronovius</span> <span class='ocrx_word' id='word_1_223' title='bbox 1314 1932 1571 1981; x_wconf 83' lang='lat' dir='ltr'>ascripserat</span> <span class='ocrx_word' id='word_1_224' title='bbox 1593 1931 1683 1970; x_wconf 84' lang='lat' dir='ltr'>Lib.</span> <span class='ocrx_word' id='word_1_225' title='bbox 1699 1943 1752 1970; x_wconf 85' lang='lat'>11.</span> <span class='ocrx_word' id='word_1_226' title='bbox 1773 1935 1814 1970; x_wconf 90' lang='lat' dir='ltr'>in</span> <span class='ocrx_word' id='word_1_227' title='bbox 1837 1933 1976 1974; x_wconf 84' lang='lat' dir='ltr'>Rufin.</span> 
     </span>
     <span class='ocr_line' id='line_1_26' title="bbox 151 1982 1978 2036; baseline 0.003 -17"><span class='ocrx_word' id='word_1_228' title='bbox 151 1983 246 2021; x_wconf 79' lang='lat'><strong>357.</strong></span> <span class='ocrx_word' id='word_1_229' title='bbox 276 1982 432 2021; x_wconf 85' lang='lat' dir='ltr'>indutos</span> <span class='ocrx_word' id='word_1_230' title='bbox 443 1982 608 2021; x_wconf 85' lang='lat' dir='ltr'>Thnan.</span> <span class='ocrx_word' id='word_1_231' title='bbox 630 1983 792 2023; x_wconf 90' lang='lat' dir='ltr'>Mazar.</span> <span class='ocrx_word' id='word_1_232' title='bbox 810 1984 986 2023; x_wconf 82' lang='lat' dir='ltr'>inductos</span> <span class='ocrx_word' id='word_1_233' title='bbox 1013 1986 1132 2023; x_wconf 85' lang='lat' dir='ltr'>Rott.</span> <span class='ocrx_word' id='word_1_234' title='bbox 1170 1984 1361 2023; x_wconf 86' lang='lat' dir='ltr'>Florent.</span> <span class='ocrx_word' id='word_1_235' title='bbox 1385 1983 1503 2022; x_wconf 77' lang='lat' dir='ltr'>Med.</span> <span class='ocrx_word' id='word_1_236' title='bbox 1529 1985 1784 2033; x_wconf 79' lang='lat' dir='ltr'>quart.·Jun.</span> <span class='ocrx_word' id='word_1_237' title='bbox 1807 1998 1867 2036; x_wconf 87' lang='lat' dir='ltr'>pr.</span> <span class='ocrx_word' id='word_1_238' title='bbox 1889 1986 1978 2025; x_wconf 85' lang='lat' dir='ltr'>Ox·</span> 
     </span>
     <span class='ocr_line' id='line_1_27' title="bbox 152 2036 1980 2089; baseline 0.003 -16"><span class='ocrx_word' id='word_1_239' title='bbox 152 2046 221 2074; x_wconf 88' lang='lat' dir='ltr'>on.</span> <span class='ocrx_word' id='word_1_240' title='bbox 241 2046 306 2086; x_wconf 86' lang='lat' dir='ltr'>pr.</span> <span class='ocrx_word' id='word_1_241' title='bbox 328 2036 489 2075; x_wconf 86' lang='lat' dir='ltr'>Moret.</span> <span class='ocrx_word' id='word_1_242' title='bbox 511 2047 575 2086; x_wconf 89' lang='lat' dir='ltr'>pr.</span> <span class='ocrx_word' id='word_1_243' title='bbox 600 2036 749 2076; x_wconf 84' lang='lat' dir='ltr'>Petav.</span> <span class='ocrx_word' id='word_1_244' title='bbox 783 2049 867 2076; x_wconf 82' lang='lat' dir='ltr'>sec.</span> <span class='ocrx_word' id='word_1_245' title='bbox 895 2037 1093 2089; x_wconf 83' lang='lat' dir='ltr'>chalybem</span> <span class='ocrx_word' id='word_1_246' title='bbox 1112 2038 1228 2075; x_wconf 82' lang='lat' dir='ltr'>datos</span> <span class='ocrx_word' id='word_1_247' title='bbox 1264 2042 1310 2076; x_wconf 88' lang='lat' dir='ltr'>et</span> <span class='ocrx_word' id='word_1_248' title='bbox 1346 2036 1621 2076; x_wconf 85' lang='lat' dir='ltr'>emendatum</span> <span class='ocrx_word' id='word_1_249' title='bbox 1641 2038 1796 2088; x_wconf 84' lang='lat' dir='ltr'>chalybe</span> <span class='ocrx_word' id='word_1_250' title='bbox 1824 2038 1980 2078; x_wconf 84' lang='lat' dir='ltr'>indutos</span> 
     </span>
     <span class='ocr_line' id='line_1_28' title="bbox 151 2087 1976 2132; baseline 0.003 -6"><span class='ocrx_word' id='word_1_251' title='bbox 151 2087 238 2128; x_wconf 90' lang='lat' dir='ltr'>duo</span> <span class='ocrx_word' id='word_1_252' title='bbox 256 2088 379 2128; x_wconf 81' lang='lat' dir='ltr'>Vatt.</span> <span class='ocrx_word' id='word_1_253' title='bbox 402 2089 518 2128; x_wconf 87' lang='lat' dir='ltr'>Pric.</span> <span class='ocrx_word' id='word_1_254' title='bbox 545 2094 589 2128; x_wconf 83' lang='lat' dir='ltr'>ut</span> <span class='ocrx_word' id='word_1_255' title='bbox 609 2089 650 2128; x_wconf 85' lang='lat' dir='ltr'>in</span> <span class='ocrx_word' id='word_1_256' title='bbox 668 2101 745 2132; x_wconf 77' lang='lat' dir='ltr'>&lt;ere</span> <span class='ocrx_word' id='word_1_257' title='bbox 765 2090 845 2130; x_wconf 88' lang='lat' dir='ltr'>inc.</span> <span class='ocrx_word' id='word_1_258' title='bbox 879 2090 1033 2129; x_wconf 85' lang='lat' dir='ltr'>Heius.</span> <span class='ocrx_word' id='word_1_259' title='bbox 1056 2090 1154 2128; x_wconf 87' lang='lat' dir='ltr'>Pat.</span> <span class='ocrx_word' id='word_1_260' title='bbox 1186 2091 1350 2129; x_wconf 85' lang='lat' dir='ltr'>latentes</span> <span class='ocrx_word' id='word_1_261' title='bbox 1371 2090 1437 2128; x_wconf 89' lang='lat' dir='ltr'>vel</span> <span class='ocrx_word' id='word_1_262' title='bbox 1470 2089 1639 2128; x_wconf 85' lang='lat' dir='ltr'>nitentes</span> <span class='ocrx_word' id='word_1_263' title='bbox 1668 2091 1976 2132; x_wconf 62' lang='lat' dir='ltr'>Pomm—572</span> 
     </span>
     <span class='ocr_line' id='line_1_29' title="bbox 153 2141 1979 2194; baseline 0.002 -14"><span class='ocrx_word' id='word_1_264' title='bbox 153 2141 368 2181; x_wconf 86' lang='lat' dir='ltr'>Nascentes</span> <span class='ocrx_word' id='word_1_265' title='bbox 387 2143 491 2183; x_wconf 89' lang='lat' dir='ltr'>Exc.</span> <span class='ocrx_word' id='word_1_266' title='bbox 518 2144 698 2183; x_wconf 84' lang='lat' dir='ltr'>aneus.</span> <span class='ocrx_word' id='word_1_267' title='bbox 731 2155 796 2194; x_wconf 87' lang='lat' dir='ltr'>pr.</span> <span class='ocrx_word' id='word_1_268' title='bbox 828 2143 1015 2182; x_wconf 84' lang='lat' dir='ltr'>Ferratos</span> <span class='ocrx_word' id='word_1_269' title='bbox 1030 2142 1098 2183; x_wconf 83' lang='lat' dir='ltr'>ed.</span> <span class='ocrx_word' id='word_1_270' title='bbox 1125 2143 1267 2182; x_wconf 82' lang='lat' dir='ltr'>vicet.</span> <span class='ocrx_word' id='word_1_271' title='bbox 1295 2141 1476 2191; x_wconf 82' lang='lat' dir='ltr'>informet</span> <span class='ocrx_word' id='word_1_272' title='bbox 1495 2143 1595 2182; x_wconf 86' lang='lat' dir='ltr'>Vat.</span> <span class='ocrx_word' id='word_1_273' title='bbox 1616 2154 1680 2192; x_wconf 87' lang='lat' dir='ltr'>pr.</span> <span class='ocrx_word' id='word_1_274' title='bbox 1701 2149 1746 2182; x_wconf 88' lang='lat' dir='ltr'>et</span> <span class='ocrx_word' id='word_1_275' title='bbox 1775 2149 1876 2183; x_wconf 89' lang='lat' dir='ltr'>tert.</span> <span class='ocrx_word' id='word_1_276' title='bbox 1905 2158 1979 2185; x_wconf 86' lang='lat' dir='ltr'>non</span> 
     </span>
     <span class='ocr_line' id='line_1_30' title="bbox 152 2195 1977 2245; baseline 0.003 -12"><span class='ocrx_word' id='word_1_277' title='bbox 152 2205 231 2245; x_wconf 86' lang='lat' dir='ltr'>pro</span> <span class='ocrx_word' id='word_1_278' title='bbox 250 2207 342 2234; x_wconf 86' lang='lat' dir='ltr'>num</span> <span class='ocrx_word' id='word_1_279' title='bbox 356 2195 476 2236; x_wconf 89' lang='lat' dir='ltr'>Leid.</span> <span class='ocrx_word' id='word_1_280' title='bbox 497 2208 581 2236; x_wconf 89' lang='lat' dir='ltr'>sec.</span> <span class='ocrx_word' id='word_1_281' title='bbox 604 2196 790 2237; x_wconf 86' lang='lat' dir='ltr'>Florent.</span> <span class='ocrx_word' id='word_1_282' title='bbox 809 2196 973 2237; x_wconf 86' lang='lat' dir='ltr'>Thuan.</span> <span class='ocrx_word' id='word_1_283' title='bbox 995 2197 1160 2236; x_wconf 85' lang='lat' dir='ltr'>Mazar.</span> <span class='ocrx_word' id='word_1_284' title='bbox 1179 2196 1354 2235; x_wconf 85' lang='lat' dir='ltr'>Tholos.</span> <span class='ocrx_word' id='word_1_285' title='bbox 1377 2196 1530 2235; x_wconf 85' lang='lat' dir='ltr'>Petav.</span> <span class='ocrx_word' id='word_1_286' title='bbox 1548 2207 1635 2234; x_wconf 71' lang='lat' dir='ltr'>sec,</span> <span class='ocrx_word' id='word_1_287' title='bbox 1655 2201 1763 2235; x_wconf 76' lang='lat' dir='ltr'>actor.</span> <span class='ocrx_word' id='word_1_288' title='bbox 1772 2198 1873 2237; x_wconf 89' lang='lat' dir='ltr'>Vat.</span> <span class='ocrx_word' id='word_1_289' title='bbox 1893 2210 1977 2238; x_wconf 89' lang='lat' dir='ltr'>sec.</span> 
     </span>
     <span class='ocr_line' id='line_1_31' title="bbox 152 2247 1979 2302; baseline 0.002 -15"><span class='ocrx_word' id='word_1_290' title='bbox 152 2247 272 2288; x_wconf 89' lang='lat' dir='ltr'>Med.</span> <span class='ocrx_word' id='word_1_291' title='bbox 305 2261 369 2300; x_wconf 86' lang='lat' dir='ltr'>pr.</span> <span class='ocrx_word' id='word_1_292' title='bbox 400 2249 502 2289; x_wconf 88' lang='lat' dir='ltr'>Put.</span> <span class='ocrx_word' id='word_1_293' title='bbox 523 2249 608 2288; x_wconf 90' lang='lat' dir='ltr'>dno</span> <span class='ocrx_word' id='word_1_294' title='bbox 629 2249 782 2300; x_wconf 81' lang='lat' dir='ltr'>Petav.</span> <span class='ocrx_word' id='word_1_295' title='bbox 813 2250 896 2288; x_wconf 91' lang='lat' dir='ltr'>duo</span> <span class='ocrx_word' id='word_1_296' title='bbox 926 2248 1077 2288; x_wconf 89' lang='lat' dir='ltr'>Ambr.</span> <span class='ocrx_word' id='word_1_297' title='bbox 1100 2253 1234 2288; x_wconf 85' lang='lat' dir='ltr'>auctor</span> <span class='ocrx_word' id='word_1_298' title='bbox 1265 2251 1368 2289; x_wconf 88' lang='lat' dir='ltr'>Exc.</span> <span class='ocrx_word' id='word_1_299' title='bbox 1403 2249 1659 2288; x_wconf 52' lang='grc' dir='ltr'>[αξη-573</span> <span class='ocrx_word' id='word_1_300' title='bbox 1688 2250 1852 2289; x_wconf 85' lang='lat' dir='ltr'>Abdidit</span> <span class='ocrx_word' id='word_1_301' title='bbox 1874 2252 1979 2302; x_wconf 86' lang='lat' dir='ltr'>Reg.</span> 
     </span>
     <span class='ocr_line' id='line_1_32' title="bbox 153 2301 1980 2354; baseline 0.002 -15"><span class='ocrx_word' id='word_1_302' title='bbox 153 2301 306 2341; x_wconf 86' lang='lat' dir='ltr'>Indidit</span> <span class='ocrx_word' id='word_1_303' title='bbox 326 2303 425 2342; x_wconf 86' lang='lat' dir='ltr'>Vat.</span> <span class='ocrx_word' id='word_1_304' title='bbox 446 2315 510 2354; x_wconf 87' lang='lat' dir='ltr'>pr.</span> <span class='ocrx_word' id='word_1_305' title='bbox 534 2308 580 2342; x_wconf 88' lang='lat' dir='ltr'>et</span> <span class='ocrx_word' id='word_1_306' title='bbox 597 2303 696 2342; x_wconf 89' lang='lat' dir='ltr'>Vat.</span> <span class='ocrx_word' id='word_1_307' title='bbox 718 2303 854 2342; x_wconf 89' lang='lat' dir='ltr'>Livin.</span> <span class='ocrx_word' id='word_1_308' title='bbox 874 2303 1044 2343; x_wconf 81' lang='lat' dir='ltr'>Addidit</span> <span class='ocrx_word' id='word_1_309' title='bbox 1065 2303 1133 2341; x_wconf 86' lang='lat' dir='ltr'>vel</span> <span class='ocrx_word' id='word_1_310' title='bbox 1160 2301 1312 2340; x_wconf 81' lang='lat' dir='ltr'>Indidit</span> <span class='ocrx_word' id='word_1_311' title='bbox 1335 2303 1434 2340; x_wconf 91' lang='lat' dir='ltr'>Vat.</span> <span class='ocrx_word' id='word_1_312' title='bbox 1466 2306 1564 2341; x_wconf 89' lang='lat' dir='ltr'>tert.</span> <span class='ocrx_word' id='word_1_313' title='bbox 1586 2301 1694 2349; x_wconf 84' lang='lat' dir='ltr'>ferri</span> <span class='ocrx_word' id='word_1_314' title='bbox 1727 2302 1807 2342; x_wconf 84' lang='lat' dir='ltr'>inc.</span> <span class='ocrx_word' id='word_1_315' title='bbox 1829 2303 1980 2344; x_wconf 86' lang='lat' dir='ltr'>Heius.</span> 
     </span>
     <span class='ocr_line' id='line_1_33' title="bbox 153 2354 1977 2407; baseline 0.001 -14"><span class='ocrx_word' id='word_1_316' title='bbox 153 2354 242 2394; x_wconf 84' lang='lat' dir='ltr'>belli</span> <span class='ocrx_word' id='word_1_317' title='bbox 264 2356 362 2396; x_wconf 87' lang='lat' dir='ltr'>Vat.</span> <span class='ocrx_word' id='word_1_318' title='bbox 382 2369 445 2407; x_wconf 88' lang='lat' dir='ltr'>pr.</span> <span class='ocrx_word' id='word_1_319' title='bbox 467 2362 513 2396; x_wconf 88' lang='lat' dir='ltr'>et</span> <span class='ocrx_word' id='word_1_320' title='bbox 534 2361 634 2396; x_wconf 88' lang='lat' dir='ltr'>tert.</span> <span class='ocrx_word' id='word_1_321' title='bbox 655 2356 750 2395; x_wconf 84' lang='lat' dir='ltr'>Pal.</span> <span class='ocrx_word' id='word_1_322' title='bbox 770 2368 824 2394; x_wconf 90' lang='lat' dir='ltr'>m.</span> <span class='ocrx_word' id='word_1_323' title='bbox 844 2367 930 2395; x_wconf 89' lang='lat' dir='ltr'>sec.</span> <span class='ocrx_word' id='word_1_324' title='bbox 947 2356 1029 2394; x_wconf 89' lang='lat' dir='ltr'>duo</span> <span class='ocrx_word' id='word_1_325' title='bbox 1045 2355 1163 2394; x_wconf 85' lang='lat' dir='ltr'>Med.</span> <span class='ocrx_word' id='word_1_326' title='bbox 1181 2356 1282 2400; x_wconf 57' lang='lat' dir='ltr'>Rea.</span> <span class='ocrx_word' id='word_1_327' title='bbox 1301 2355 1462 2393; x_wconf 82' lang='lat' dir='ltr'>Mazar.</span> <span class='ocrx_word' id='word_1_328' title='bbox 1481 2356 1620 2393; x_wconf 87' lang='lat' dir='ltr'>Oxon.</span> <span class='ocrx_word' id='word_1_329' title='bbox 1639 2366 1704 2404; x_wconf 87' lang='lat' dir='ltr'>pr.</span> <span class='ocrx_word' id='word_1_330' title='bbox 1721 2355 1822 2394; x_wconf 89' lang='lat' dir='ltr'>Vat.</span> <span class='ocrx_word' id='word_1_331' title='bbox 1840 2355 1977 2396; x_wconf 86' lang='lat' dir='ltr'>Livin.</span> 
     </span>
     <span class='ocr_line' id='line_1_34' title="bbox 154 2405 1979 2459; baseline 0.001 -13"><span class='ocrx_word' id='word_1_332' title='bbox 154 2407 252 2447; x_wconf 80' lang='lat' dir='ltr'>bello</span> <span class='ocrx_word' id='word_1_333' title='bbox 285 2410 476 2448; x_wconf 89' lang='lat' dir='ltr'>Florent.</span> <span class='ocrx_word' id='word_1_334' title='bbox 512 2421 567 2449; x_wconf 90' lang='lat' dir='ltr'>m.</span> <span class='ocrx_word' id='word_1_335' title='bbox 602 2421 664 2459; x_wconf 86' lang='lat' dir='ltr'>pr.</span> <span class='ocrx_word' id='word_1_336' title='bbox 698 2409 806 2448; x_wconf 83' lang='lat' dir='ltr'>bellis</span> <span class='ocrx_word' id='word_1_337' title='bbox 830 2409 914 2447; x_wconf 88' lang='lat' dir='ltr'>duo</span> <span class='ocrx_word' id='word_1_338' title='bbox 947 2410 1067 2447; x_wconf 85' lang='lat' dir='ltr'>Vatt.</span> <span class='ocrx_word' id='word_1_339' title='bbox 1103 2408 1198 2447; x_wconf 86' lang='lat' dir='ltr'>Pal.</span> <span class='ocrx_word' id='word_1_340' title='bbox 1232 2408 1352 2446; x_wconf 87' lang='lat' dir='ltr'>Rott.</span> <span class='ocrx_word' id='word_1_341' title='bbox 1385 2405 1535 2445; x_wconf 88' lang='lat' dir='ltr'>Ambr.</span> <span class='ocrx_word' id='word_1_342' title='bbox 1562 2410 1781 2446; x_wconf 65' lang='lat' dir='ltr'>sem—574</span> <span class='ocrx_word' id='word_1_343' title='bbox 1804 2409 1979 2456; x_wconf 80' lang='lat' dir='ltr'>gaudem</span> 
     </span>
     <span class='ocr_line' id='line_1_35' title="bbox 154 2459 1978 2510; baseline 0.001 -9"><span class='ocrx_word' id='word_1_344' title='bbox 154 2461 274 2502; x_wconf 81' lang='lat' dir='ltr'>Med.</span> <span class='ocrx_word' id='word_1_345' title='bbox 307 2466 529 2502; x_wconf 68' lang='lat' dir='ltr'>scm—575</span> <span class='ocrx_word' id='word_1_346' title='bbox 565 2462 620 2501; x_wconf 88' lang='lat' dir='ltr'>Ut</span> <span class='ocrx_word' id='word_1_347' title='bbox 654 2461 736 2502; x_wconf 89' lang='lat' dir='ltr'>inc.</span> <span class='ocrx_word' id='word_1_348' title='bbox 774 2460 926 2501; x_wconf 84' lang='lat' dir='ltr'>Heius.</span> <span class='ocrx_word' id='word_1_349' title='bbox 958 2462 1013 2500; x_wconf 82' lang='lat' dir='ltr'>Et</span> <span class='ocrx_word' id='word_1_350' title='bbox 1046 2461 1212 2499; x_wconf 79' lang='lat' dir='ltr'>Tholas.</span> <span class='ocrx_word' id='word_1_351' title='bbox 1235 2461 1339 2505; x_wconf 81' lang='lat' dir='ltr'>Quot</span> <span class='ocrx_word' id='word_1_352' title='bbox 1374 2471 1452 2510; x_wconf 88' lang='lat' dir='ltr'>pro</span> <span class='ocrx_word' id='word_1_353' title='bbox 1485 2459 1597 2503; x_wconf 86' lang='lat' dir='ltr'>Quod</span> <span class='ocrx_word' id='word_1_354' title='bbox 1628 2459 1799 2510; x_wconf 86' lang='lat' dir='ltr'>legebat</span> <span class='ocrx_word' id='word_1_355' title='bbox 1828 2460 1978 2502; x_wconf 86' lang='lat' dir='ltr'>Heius.</span> 
     </span>
    </p>
   </div>
   <div class='ocr_carea' id='block_1_10' title="bbox 974 2565 1149 2606">
    <p class='ocr_par' dir='ltr' id='par_1_10' title="bbox 974 2565 1149 2606">
     <span class='ocr_line' id='line_1_36' title="bbox 974 2565 1149 2606; baseline -0.006 0"><span class='ocrx_word' id='word_1_356' title='bbox 974 2565 1149 2606; x_wconf 83' lang='lat' dir='ltr'><strong>NOTAE</strong></span> 
     </span>
    </p>
   </div>
   <div class='ocr_carea' id='block_1_11' title="bbox 152 2635 1986 3398">
    <p class='ocr_par' dir='ltr' id='par_1_11' title="bbox 152 2635 1986 3269">
     <span class='ocr_line' id='line_1_37' title="bbox 208 2635 1981 2699; baseline -0.002 -9"><span class='ocrx_word' id='word_1_357' title='bbox 208 2635 296 2690; x_wconf 51' lang='lat'>566‘</span> <span class='ocrx_word' id='word_1_358' title='bbox 321 2647 565 2699; x_wconf 85' lang='lat' dir='ltr'>Draconum]</span> <span class='ocrx_word' id='word_1_359' title='bbox 598 2649 822 2688; x_wconf 85' lang='lat' dir='ltr'>Dracones</span> <span class='ocrx_word' id='word_1_360' title='bbox 842 2647 884 2687; x_wconf 90' lang='lat' dir='ltr'>in</span> <span class='ocrx_word' id='word_1_361' title='bbox 904 2647 1036 2686; x_wconf 79' lang='lat' dir='ltr'>vexil-</span> <span class='ocrx_word' id='word_1_362' title='bbox 1100 2645 1267 2686; x_wconf 87' lang='lat' dir='ltr'>laminis</span> <span class='ocrx_word' id='word_1_363' title='bbox 1289 2650 1442 2697; x_wconf 80' lang='lat' dir='ltr'>tectos,</span> <span class='ocrx_word' id='word_1_364' title='bbox 1459 2649 1507 2686; x_wconf 87' lang='lat' dir='ltr'>ut</span> <span class='ocrx_word' id='word_1_365' title='bbox 1523 2649 1689 2686; x_wconf 84' lang='lat' dir='ltr'>statuas</span> <span class='ocrx_word' id='word_1_366' title='bbox 1708 2646 1870 2686; x_wconf 87' lang='lat' dir='ltr'>moveri</span> <span class='ocrx_word' id='word_1_367' title='bbox 1890 2657 1981 2687; x_wconf 86' lang='lat' dir='ltr'>cre-</span> 
     </span>
     <span class='ocr_line' id='line_1_38' title="bbox 154 2707 1269 2763; baseline -0.004 -11"><span class='ocrx_word' id='word_1_368' title='bbox 154 2712 205 2754; x_wconf 85' lang='lat' dir='ltr'>lis</span> <span class='ocrx_word' id='word_1_369' title='bbox 228 2713 288 2752; x_wconf 90' lang='lat' dir='ltr'>ita</span> <span class='ocrx_word' id='word_1_370' title='bbox 308 2711 489 2763; x_wconf 85' lang='lat' dir='ltr'>depicti,</span> <span class='ocrx_word' id='word_1_371' title='bbox 518 2715 566 2749; x_wconf 88' lang='lat' dir='ltr'>ut</span> <span class='ocrx_word' id='word_1_372' title='bbox 594 2710 762 2750; x_wconf 84' lang='lat' dir='ltr'>sibilare</span> <span class='ocrx_word' id='word_1_373' title='bbox 789 2715 834 2749; x_wconf 89' lang='lat' dir='ltr'>et</span> <span class='ocrx_word' id='word_1_374' title='bbox 852 2710 1034 2749; x_wconf 84' lang='lat' dir='ltr'>hostium</span> <span class='ocrx_word' id='word_1_375' title='bbox 1102 2710 1239 2748; x_wconf 85' lang='lat' dir='ltr'>deres.</span> <span class='ocrx_word' id='word_1_376' title='bbox 1267 2707 1269 2711; x_wconf 56' lang='lat'><em>⁴</em></span> 
     </span>
     <span class='ocr_line' id='line_1_39' title="bbox 156 2770 1981 2827; baseline -0.002 -13"><span class='ocrx_word' id='word_1_377' title='bbox 156 2775 423 2827; x_wconf 87' lang='lat' dir='ltr'>depictorum</span> <span class='ocrx_word' id='word_1_378' title='bbox 442 2773 587 2814; x_wconf 85' lang='lat' dir='ltr'>fauces</span> <span class='ocrx_word' id='word_1_379' title='bbox 604 2786 755 2825; x_wconf 90' lang='lat' dir='ltr'>rapere</span> <span class='ocrx_word' id='word_1_380' title='bbox 773 2773 1036 2812; x_wconf 86' lang='lat' dir='ltr'>viderentur.</span> <span class='ocrx_word' id='word_1_381' title='bbox 1155 2777 1234 2814; x_wconf 81' lang='lat'>572</span> <span class='ocrx_word' id='word_1_382' title='bbox 1265 2773 1478 2812; x_wconf 81' lang='lat' dir='ltr'>Nascentes</span> <span class='ocrx_word' id='word_1_383' title='bbox 1503 2770 1690 2820; x_wconf 86' lang='lat' dir='ltr'>informat</span> <span class='ocrx_word' id='word_1_384' title='bbox 1720 2770 1850 2822; x_wconf 79' lang='lat' dir='ltr'>equos]</span> <span class='ocrx_word' id='word_1_385' title='bbox 1877 2771 1981 2810; x_wconf 85' lang='lat' dir='ltr'>Tam</span> 
     </span>
     <span class='ocr_line' id='line_1_40' title="bbox 156 2834 1982 2889; baseline -0.003 -10"><span class='ocrx_word' id='word_1_386' title='bbox 156 2839 280 2879; x_wconf 85' lang='lat' dir='ltr'>Inter</span> <span class='ocrx_word' id='word_1_387' title='bbox 307 2839 425 2889; x_wconf 86' lang='lat' dir='ltr'>signa</span> <span class='ocrx_word' id='word_1_388' title='bbox 444 2837 567 2877; x_wconf 88' lang='lat' dir='ltr'>fuere</span> <span class='ocrx_word' id='word_1_389' title='bbox 599 2837 781 2889; x_wconf 77' lang='lat' dir='ltr'>Aquilae,</span> <span class='ocrx_word' id='word_1_390' title='bbox 801 2836 1037 2887; x_wconf 87' lang='lat' dir='ltr'>Dracones,</span> <span class='ocrx_word' id='word_1_391' title='bbox 1105 2835 1267 2877; x_wconf 85' lang='lat' dir='ltr'>affabre</span> <span class='ocrx_word' id='word_1_392' title='bbox 1286 2834 1554 2886; x_wconf 83' lang='lat' dir='ltr'>cataphracti</span> <span class='ocrx_word' id='word_1_393' title='bbox 1586 2839 1710 2875; x_wconf 87' lang='lat' dir='ltr'>erant</span> <span class='ocrx_word' id='word_1_394' title='bbox 1736 2835 1852 2887; x_wconf 89' lang='lat' dir='ltr'>equi,</span> <span class='ocrx_word' id='word_1_395' title='bbox 1872 2839 1919 2874; x_wconf 89' lang='lat' dir='ltr'>ut</span> <span class='ocrx_word' id='word_1_396' title='bbox 1939 2834 1982 2874; x_wconf 86' lang='lat' dir='ltr'>hi</span> 
     </span>
     <span class='ocr_line' id='line_1_41' title="bbox 156 2895 1981 2952; baseline -0.003 -10"><span class='ocrx_word' id='word_1_397' title='bbox 156 2907 203 2942; x_wconf 86' lang='lat' dir='ltr'>et</span> <span class='ocrx_word' id='word_1_398' title='bbox 237 2901 449 2942; x_wconf 83' lang='lat' dir='ltr'>Labarum</span> <span class='ocrx_word' id='word_1_399' title='bbox 484 2906 583 2941; x_wconf 88' lang='lat' dir='ltr'>ante</span> <span class='ocrx_word' id='word_1_400' title='bbox 612 2901 921 2952; x_wconf 86' lang='lat' dir='ltr'>Imperatorem</span> <span class='ocrx_word' id='word_1_401' title='bbox 943 2912 1036 2950; x_wconf 86' lang='lat' dir='ltr'>ges·</span> <span class='ocrx_word' id='word_1_402' title='bbox 1105 2912 1199 2940; x_wconf 88' lang='lat' dir='ltr'>cum</span> <span class='ocrx_word' id='word_1_403' title='bbox 1219 2899 1343 2939; x_wconf 86' lang='lat' dir='ltr'>armis</span> <span class='ocrx_word' id='word_1_404' title='bbox 1364 2898 1448 2937; x_wconf 86' lang='lat' dir='ltr'>suis</span> <span class='ocrx_word' id='word_1_405' title='bbox 1467 2898 1557 2937; x_wconf 87' lang='lat' dir='ltr'>nati</span> <span class='ocrx_word' id='word_1_406' title='bbox 1587 2909 1695 2949; x_wconf 85' lang='lat' dir='ltr'>esse,</span> <span class='ocrx_word' id='word_1_407' title='bbox 1725 2903 1799 2937; x_wconf 90' lang='lat' dir='ltr'>aut</span> <span class='ocrx_word' id='word_1_408' title='bbox 1820 2895 1981 2936; x_wconf 81' lang='lat' dir='ltr'>ferrum</span> 
     </span>
     <span class='ocr_line' id='line_1_42' title="bbox 159 2962 1523 3014; baseline -0.004 -9"><span class='ocrx_word' id='word_1_409' title='bbox 159 2965 242 3005; x_wconf 84' lang='lat' dir='ltr'>tari</span> <span class='ocrx_word' id='word_1_410' title='bbox 273 2965 461 3014; x_wconf 86' lang='lat' dir='ltr'>solitum,</span> <span class='ocrx_word' id='word_1_411' title='bbox 491 2964 772 3003; x_wconf 83' lang='lat' dir='ltr'>intertextum</span> <span class='ocrx_word' id='word_1_412' title='bbox 801 2976 902 3002; x_wconf 89' lang='lat' dir='ltr'>auro</span> <span class='ocrx_word' id='word_1_413' title='bbox 924 2975 1038 3013; x_wconf 80' lang='lat' dir='ltr'>gem·</span> <span class='ocrx_word' id='word_1_414' title='bbox 1105 2963 1269 3003; x_wconf 84' lang='lat' dir='ltr'>hinnire</span> <span class='ocrx_word' id='word_1_415' title='bbox 1290 2962 1523 3002; x_wconf 83' lang='lat' dir='ltr'>videretur.</span> 
     </span>
     <span class='ocr_line' id='line_1_43' title="bbox 157 3023 1986 3080; baseline -0.002 -13"><span class='ocrx_word' id='word_1_416' title='bbox 157 3028 323 3080; x_wconf 83' lang='lat' dir='ltr'>misque</span> <span class='ocrx_word' id='word_1_417' title='bbox 344 3027 595 3068; x_wconf 81' lang='lat' dir='ltr'>distinctum</span> <span class='ocrx_word' id='word_1_418' title='bbox 615 3032 660 3067; x_wconf 87' lang='lat' dir='ltr'>et</span> <span class='ocrx_word' id='word_1_419' title='bbox 679 3027 1038 3066; x_wconf 79' lang='lat' dir='ltr'>militibus·vene-</span> <span class='ocrx_word' id='word_1_420' title='bbox 1158 3025 1359 3076; x_wconf 85' lang='lat' dir='ltr'>Lemnius]</span> <span class='ocrx_word' id='word_1_421' title='bbox 1389 3025 1604 3064; x_wconf 83' lang='lat' dir='ltr'>Vulcanus</span> <span class='ocrx_word' id='word_1_422' title='bbox 1633 3023 1775 3063; x_wconf 84' lang='lat' dir='ltr'>dictus</span> <span class='ocrx_word' id='word_1_423' title='bbox 1804 3023 1986 3064; x_wconf 75' lang='lat' dir='ltr'>Lemnius</span> 
     </span>
     <span class='ocr_line' id='line_1_44' title="bbox 159 3086 1983 3142; baseline -0.003 -11"><span class='ocrx_word' id='word_1_424' title='bbox 159 3090 353 3132; x_wconf 78' lang='lat' dir='ltr'>randum.</span> <span class='ocrx_word' id='word_1_425' title='bbox 428 3090 567 3142; x_wconf 85' lang='lat' dir='ltr'>Hujus</span> <span class='ocrx_word' id='word_1_426' title='bbox 613 3090 723 3141; x_wconf 90' lang='lat' dir='ltr'>loco,</span> <span class='ocrx_word' id='word_1_427' title='bbox 760 3089 1037 3129; x_wconf 81' lang='lat' dir='ltr'>Constantino</span> <span class='ocrx_word' id='word_1_428' title='bbox 1107 3092 1158 3131; x_wconf 82' lang='lat' dir='ltr'>ab</span> <span class='ocrx_word' id='word_1_429' title='bbox 1179 3091 1314 3130; x_wconf 87' lang='lat' dir='ltr'>insula</span> <span class='ocrx_word' id='word_1_430' title='bbox 1332 3090 1506 3138; x_wconf 86' lang='lat' dir='ltr'>Lemno,</span> <span class='ocrx_word' id='word_1_431' title='bbox 1525 3098 1620 3139; x_wconf 86' lang='lat' dir='ltr'>quae</span> <span class='ocrx_word' id='word_1_432' title='bbox 1640 3087 1767 3127; x_wconf 86' lang='lat' dir='ltr'>estin</span> <span class='ocrx_word' id='word_1_433' title='bbox 1787 3088 1892 3127; x_wconf 85' lang='lat' dir='ltr'>mari</span> <span class='ocrx_word' id='word_1_434' title='bbox 1917 3086 1983 3126; x_wconf 67' lang='grc' dir='ltr'>ΙΕ-</span> 
     </span>
     <span class='ocr_line' id='line_1_45' title="bbox 152 3148 1984 3207; baseline -0.004 -13"><span class='ocrx_word' id='word_1_435' title='bbox 152 3153 338 3206; x_wconf 87' lang='lat' dir='ltr'>jubente</span> <span class='ocrx_word' id='word_1_436' title='bbox 358 3155 496 3194; x_wconf 86' lang='lat' dir='ltr'>crucis</span> <span class='ocrx_word' id='word_1_437' title='bbox 516 3154 682 3205; x_wconf 83' lang='lat' dir='ltr'>insigne</span> <span class='ocrx_word' id='word_1_438' title='bbox 711 3153 904 3206; x_wconf 82' lang='lat' dir='ltr'>praefcrri</span> <span class='ocrx_word' id='word_1_439' title='bbox 925 3166 1038 3205; x_wconf 88' lang='lat' dir='ltr'>coep-</span> <span class='ocrx_word' id='word_1_440' title='bbox 1105 3167 1214 3207; x_wconf 80' lang='lat' dir='ltr'>gaeo,</span> <span class='ocrx_word' id='word_1_441' title='bbox 1233 3153 1305 3194; x_wconf 87' lang='lat' dir='ltr'>ubi</span> <span class='ocrx_word' id='word_1_442' title='bbox 1325 3157 1391 3192; x_wconf 88' lang='lat' dir='ltr'>est</span> <span class='ocrx_word' id='word_1_443' title='bbox 1409 3148 1579 3191; x_wconf 86' lang='lat' dir='ltr'>officina</span> <span class='ocrx_word' id='word_1_444' title='bbox 1596 3150 1794 3200; x_wconf 83' lang='lat' dir='ltr'>Vulcani,</span> <span class='ocrx_word' id='word_1_445' title='bbox 1813 3149 1922 3189; x_wconf 83' lang='lat' dir='ltr'>sicut</span> <span class='ocrx_word' id='word_1_446' title='bbox 1939 3153 1984 3188; x_wconf 84' lang='lat' dir='ltr'>et</span> 
     </span>
     <span class='ocr_line' id='line_1_46' title="bbox 162 3213 1318 3269; baseline -0.005 -8"><span class='ocrx_word' id='word_1_447' title='bbox 162 3222 251 3269; x_wconf 76' lang='lat' dir='ltr'>tum</span> <span class='ocrx_word' id='word_1_448' title='bbox 272 3223 352 3260; x_wconf 85' lang='lat' dir='ltr'>est.</span> <span class='ocrx_word' id='word_1_449' title='bbox 1056 3214 1074 3227; x_wconf 82' lang='lat'>&#39;</span> <span class='ocrx_word' id='word_1_450' title='bbox 1108 3219 1153 3258; x_wconf 90' lang='lat' dir='ltr'>in</span> <span class='ocrx_word' id='word_1_451' title='bbox 1173 3213 1318 3258; x_wconf 64' lang='lat' dir='ltr'>AEtnai</span> 
     </span>
    </p>

    <p class='ocr_par' dir='ltr' id='par_1_12' title="bbox 163 3274 1986 3398">
     <span class='ocr_line' id='line_1_47' title="bbox 233 3274 1986 3333; baseline -0.003 -14"><span class='ocrx_word' id='word_1_452' title='bbox 233 3284 313 3320; x_wconf 77' lang='lat'>569</span> <span class='ocrx_word' id='word_1_453' title='bbox 361 3281 571 3333; x_wconf 78' lang='lat' dir='ltr'>chalybem</span> <span class='ocrx_word' id='word_1_454' title='bbox 609 3279 783 3332; x_wconf 81' lang='lat' dir='ltr'>indutos]</span> <span class='ocrx_word' id='word_1_455' title='bbox 827 3280 1042 3331; x_wconf 81' lang='lat' dir='ltr'>Intelligit</span> <span class='ocrx_word' id='word_1_456' title='bbox 1163 3285 1240 3321; x_wconf 81' lang='lat'>575</span> <span class='ocrx_word' id='word_1_457' title='bbox 1269 3279 1442 3320; x_wconf 86' lang='lat' dir='ltr'>Junonia</span> <span class='ocrx_word' id='word_1_458' title='bbox 1459 3279 1563 3331; x_wconf 86' lang='lat' dir='ltr'>avis]</span> <span class='ocrx_word' id='word_1_459' title='bbox 1591 3279 1726 3328; x_wconf 87' lang='lat' dir='ltr'>Pavo,</span> <span class='ocrx_word' id='word_1_460' title='bbox 1752 3275 1869 3328; x_wconf 85' lang='lat' dir='ltr'>cujus</span> <span class='ocrx_word' id='word_1_461' title='bbox 1892 3274 1986 3325; x_wconf 86' lang='lat' dir='ltr'>plu-</span> 
     </span>
     <span class='ocr_line' id='line_1_48' title="bbox 163 3335 1984 3398; baseline -0.002 -16"><span class='ocrx_word' id='word_1_462' title='bbox 163 3336 466 3396; x_wconf 80' lang='lat' dir='ltr'>cataphractos</span> <span class='ocrx_word' id='word_1_463' title='bbox 485 3345 670 3398; x_wconf 79' lang='lat' dir='ltr'>equites,</span> <span class='ocrx_word' id='word_1_464' title='bbox 685 3335 773 3384; x_wconf 56' lang='lat' dir='ltr'>tam&#39;</span> <span class='ocrx_word' id='word_1_465' title='bbox 785 3343 926 3385; x_wconf 86' lang='lat' dir='ltr'>densis</span> <span class='ocrx_word' id='word_1_466' title='bbox 939 3342 1043 3384; x_wconf 82' lang='lat' dir='ltr'>ferri</span> <span class='ocrx_word' id='word_1_467' title='bbox 1109 3359 1190 3387; x_wconf 82' lang='lat' dir='ltr'>mae</span> <span class='ocrx_word' id='word_1_468' title='bbox 1213 3344 1342 3398; x_wconf 77' lang='lat' dir='ltr'>galeis</span> <span class='ocrx_word' id='word_1_469' title='bbox 1362 3343 1514 3386; x_wconf 89' lang='lat' dir='ltr'>ducum</span> <span class='ocrx_word' id='word_1_470' title='bbox 1535 3342 1707 3394; x_wconf 74' lang='lat' dir='ltr'>additae,</span> <span class='ocrx_word' id='word_1_471' title='bbox 1724 3344 1772 3380; x_wconf 86' lang='lat' dir='ltr'>nt</span> <span class='ocrx_word' id='word_1_472' title='bbox 1796 3344 1842 3380; x_wconf 87' lang='lat' dir='ltr'>et</span> <span class='ocrx_word' id='word_1_473' title='bbox 1861 3337 1984 3385; x_wconf 80' lang='lat' dir='ltr'>altio-</span> 
     </span>
    </p>
   </div>
  </div>
 </body>
</html>
