2300 3906
567 218 628 257 m
675 218 716 256 1.
757 215 931 256 coNS.
970 209 1242 257 s'rlmcn.
1282 215 1402 257 mn.
1443 213 1510 257 11.
1838 208 1946 263 646

140 334 314 388 Omen
339 338 486 388 erat:
524 350 838 402 quanquam
860 335 1021 387 nullis
1046 335 1182 388 mihi
1207 335 1431 403 cognita
1454 332 1614 386 rebus

140 419 374 473 Fabula.
447 416 563 470 Vix
587 422 736 469 tanto
760 418 884 469 risit
909 419 978 470 de
1004 419 1228 470 crimine
1251 433 1450 470 rumor.

137 501 470 569 opprobriis
495 504 603 551 stat
618 500 775 551 nulla
800 499 958 563 fides,
983 517 1088 553 nec
1115 502 1277 553 litera
1299 501 1452 554 venit
1841 499 1948 554 290

136 583 446 651 Vulgatura
469 583 656 636 nefas:
695 585 749 634 in
775 601 883 651 quo
908 586 995 637 vel
1020 585 1269 637 maxima
1293 584 1467 636 virtus

137 666 242 719 Est
265 673 376 728 tua,
402 666 807 733 quod,>nostros
834 667 932 734 qui
956 667 1201 719 consulis
1227 667 1415 718 omnia
1437 665 1656 728 Patres,

138 749 227 801 De
251 750 504 800 monstris
529 754 734 801 taceas.
809 749 1061 801 Pellendi
1085 750 1317 816 denique
1340 749 1494 802 nulla
1824 780 1846 810 ‚2

138 831 443 884 Dedecoris
469 837 717 885 sanctum
742 834 950 886 violant
976 833 1200 885 oracula
1225 837 1450 886 coetum.

137 915 262 968 Nec
285 931 407 966 mea
430 915 712 968 funestum
734 917 973 970 versavit
998 916 1167 970 Curia
1188 932 1405 969 nomen.
1845 917 1953 972 300

134 1103 334 1157 spectabat
365 1105 566 1144 Orientem
579 1118 592 1144 .·
643 1106 819 1156 quamvis
844 1105 927 1145 ista
956 1105 1099 1154 fabula
1131 1119 1208 1146 non
1235 1107 1289 1147 sit
1328 1108 1426 1147 mihi
1465 1107 1709 1161 comprobata
1735 1107 1815 1149 uua
1839 1120 1954 1160 expe-

134 1158 296 1199 rientia.
357 1158 439 1198 Vix
448 1157 563 1206 fama
582 1158 673 1197 risit
690 1161 737 1198 de
755 1163 864 1198 tanto
883 1160 1037 1199 scelere.
1095 1160 1219 1199 Nulla
1223 1161 1330 1212 fides
1345 1161 1562 1201 adhibenda
1578 1165 1636 1201 est
1651 1163 1825 1201 dedecori
1843 1163 1955 1212 huic,

135 1223 254 1264 neque
271 1212 390 1252 allata
408 1215 464 1250 est
483 1212 570 1251 ulla
587 1210 747 1262 epistola
760 1212 1010 1262 publicatum
1023 1212 1169 1252 crimen
1183 1212 1325 1252 istud:
1355 1227 1430 1264 qua
1448 1214 1490 1253 in
1510 1225 1555 1253 re
1573 1215 1700 1253 virtus
1717 1218 1786 1254 tua
1801 1214 1955 1254 heroica

138 1269 212 1316 est,
243 1267 362 1316 quod,
384 1269 441 1316 tu,
473 1265 539 1316 qui
574 1266 769 1304 consultas
802 1265 1007 1304 Senatores
1038 1269 1188 1305 nostros
1219 1266 1263 1305 in
1295 1266 1486 1316 omnibus,
1513 1266 1629 1306 sileas
1659 1268 1707 1305 de
1740 1266 1947 1318 prodigiis.

136 1318 302 1359 Demum
320 1319 428 1357 nulla
445 1320 599 1358 decreta
618 1317 672 1357 de
690 1319 914 1370 expellendo
942 1319 1022 1358 hoc
1041 1322 1210 1357 monstro
1228 1319 1491 1359 contaminant
1510 1331 1721 1358 consessum
1734 1323 1958 1369 augustum,

133 1381 256 1423 neque
273 1371 443 1411 Senatus
469 1384 574 1411 mens
603 1372 747 1412 evolvit
776 1384 913 1412 nomen
940 1370 1169 1424 pestiferum
1199 1372 1410 1424 Eutropii.
1465 1373 1569 1414 Pars
1585 1373 1761 1412 criminis
1777 1373 1860 1412 mei
1869 1369 1956 1421 fuit

894 1489 1190 1505 OOOOOOOOOOO

139 1569 243 1610 Lov.
264 1581 321 1610 m.
341 1583 408 1622 pr.
437 1573 605 1613 maculas
638 1572 759 1614 Med.
793 1578 894 1613 tert.
922 1575 1029 1614 nulla
1058 1586 1135 1624 pro
1166 1574 1318 1613 macula
1343 1573 1469 1613 Voss.
1498 1586 1573 1625 quo
1606 1573 1706 1613 Pat.
1733 1572 1847 1612 rebus
1874 1571 1956 1611 duo

135 1623 261 1663 Vatt.
286 1623 431 1665 Ambr.
448 1638 532 1667 sec.
552 1628 677 1666 Farn.
697 1627 816 1667 Prie.
838 1627 958 1668 Rott.
988 1632 1034 1667 et
1051 1628 1154 1667 Vat.
1175 1633 1276 1667 tert.
1303 1640 1357 1666 m.
1377 1639 1443 1678 pr.
1472 1627 1573 1665 reris
1601 1627 1702 1666 Vat.
1723 1638 1786 1676 pr.
1806 1631 1851 1665 et
1868 1637 1956 1666 sec.

138 1676 276 1717 Oisel.
307 1677 406 1723 Pat.
435 1679 549 1719 rebus
567 1680 635 1719 vel
653 1692 768 1719 renus
801 1680 912 1732 Reg.
939 1680 1042 1720 reris
1059 1681 1126 1719 vel
1145 1681 1257 1719 rebus
1285 1681 1472 1719 Florent.
1497 1680 1600 1718 Vat.
1621 1691 1707 1719 sec.
1729 1679 1868 1719 Oxou.
1888 1690 1954 1728 pr.

135 1731 239 1780 quoa
258 1742 394 1770 nomen
415 1732 509 1771 Pal.
530 1733 647 1773 Med.
667 1745 731 1782 pr.
750 1733 1048 1773 Thuriae-293
1081 1732 1343 1785 Opprobrium
1363 1744 1442 1783 pro
1476 1732 1599 1771 Omen
1617 1736 1703 1772 erat
1734 1732 1833 1772 Vnt.
1853 1735 1955 1772 tert.

136 1793 193 1822 m.
213 1795 280 1834 ρι’.
312 1784 473 1824 Crimen
504 1786 610 1826 Lov.
644 1786 747 1826 Put.
776 1786 879 1828 Jun.
901 1799 967 1838 pr.
1002 1786 1141 1829 onn.
1173 1798 1260 1825 sec.
1293 1787 1452 1825 Crimen
1484 1786 1552 1824 vel
1585 1786 1709 1824 Omen
1739 1786 1841 1824 Vat.
1870 1794 1958 1824 sec.

136 1837 314 1886 quamvis
333 1837 493 1877 Moret.
515 1851 579 1888 pr.
606 1840 806 1891 quicquam
838 1841 923 1879 inc.
954 1839 1104 1879 Heius.
1128 1843 1330 1891 postquam
1366 1838 1489 1877 Leid.
1518 1850 1602 1878 sec.
1635 1839 1741 1878 Exc.
1775 1837 1955 1882 Gevart.

134 1888 288 1928 eredita
320 1889 426 1929 Var.
446 1892 533 1930 LL.
563 1892 633 1932 ed.
665 1891 932 1932 Antv.—294
959 1893 1183 1932 discrimine
1211 1894 1313 1932 Vat.
1347 1903 1432 1931 sec.
1465 1891 1590 1931 Fam.
1623 1892 1727 1930 Lov.
1757 1902 1815 1929 m.
1835 1901 1958 1941 pr.—

135 1944 215 1982 296
249 1942 463 1993 Opprobriz·
481 1944 580 1984 Vat.
597 1956 664 1996 pr.
676 1958 733 1985 m.
753 1958 838 1986 sec.
857 1947 963 1986 Exc.
979 1946 1160 1985 Lucens.
1180 1957 1266 1985 sec.
1299 1944 1508 1995 Opprobrii
1525 1943 1592 1982 vei
1607 1943 1839 1994 Opprolm'is
1854 1943 1957 1983 Vat.

136 2001 279 2046 quart.
307 2001 368 2036 ast
386 1997 487 2036 Vat.
504 2009 591 2038 sec.
618 2001 699 2038 stat
718 1999 871 2038 Petav.
888 2010 974 2039 sec.
992 1998 1094 2038 Var.
1112 1999 1197 2037 LL.
1218 2010 1242 2037 e
1261 2009 1397 2048 marg.
1417 1997 1562 2035 Parm.
1588 2000 1698 2035 stant
1717 1994 1839 2034 Med.
1856 1998 1958 2034 tert.

136 2051 180 2089 at
199 2047 350 2088 Ambr.
373 2061 459 2090 sec.
487 2054 531 2090 at
549 2051 619 2090 vel
636 2055 718 2091 stat
752 2053 854 2092 Vat.
887 2057 1026 2104 quart.
1057 2051 1292 2103 Opprobriis
1308 2055 1347 2089 et
1365 2050 1471 2088 nulla
1476 2048 1564 2102 fide
1593 2050 1678 2088 inc.
1700 2048 1849 2087 Heius.
1880 2048 1962 2098 Op-

132 2102 308 2153 probriis
321 2104 417 2143 data
431 2105 539 2144 nulla
544 2104 652 2157 fides
680 2105 800 2146 Rott.
831 2110 962 2157 atque
982 2104 1045 2144 ita
1074 2105 1247 2155 legebat
1270 2102 1487 2153 Heinsius,
1514 2101 1590 2141 sed
1614 2106 1767 2154 postea
1784 2100 1961 2140 delevit.

138 2153 258 2195 litora
277 2155 434 2197 PetaV.
458 2158 786 2198 tert..Heinsius
805 2159 1063 2210 ascripserat
1082 2169 1201 2210 seqq.
1227 2158 1241 2180 ⁴
1259 2157 1326 2196 De
1344 2155 1481 2195 literis
1501 2155 1697 2195 similiter
1714 2153 1964 2204 interceptis

135 2207 235 2248 vide
254 2209 473 2262 Spartian.
504 2212 548 2250 in
569 2212 725 2252 Severo
761 2225 804 2264 p.
825 2215 892 2252 66.
922 2212 951 2250 l.
974 2214 1041 2251 23.
1062 2217 1108 2251 et
1128 2209 1234 2263 seq.²
1263 2209 1371 2249 venti
1389 2221 1469 2261 pro
1486 2209 1590 2248 venit
1618 2209 1743 2248 Voss.
1761 2220 1818 2247 m.
1839 2219 1963 2259 pr.—

137 2263 218 2302 29⁷
247 2265 347 2314 quod
364 2268 516 2304 nostros
543 2265 645 2306 vat.
679 2278 744 2318 pr.
778 2265 884 2305 Exc.
919 2265 1045 2304 Laeti.
1072 2265 1139 2316 qni
1170 2267 1321 2304 nostros
1348 2264 1448 2314 quod
1475 2263 1584 2312 Reg.
1609 2262 1732 2301 Voss.
1760 2273 1838 2312 qua
1867 2260 1963 2300 Pal.

137 2314 260 2356 Med.
293 2329 360 2369 pr.
387 2322 542 2358 nostras
566 2323 702 2369 partes
732 2319 834 2358 Vnt.
869 2324 971 2358 tert.
1001 2318 1121 2358 Med.
1141 2329 1228 2357 sec.
1259 2322 1414 2356 nostros
1428 2319 1560 2367 patres
1577 2315 1646 2354 vel
1663 2317 1818 2354 nostras
1830 2317 1965 2363 partes

138 2367 295 2410 Petav.
316 2382 383 2422 pr.
409 2371 539 2411 omina
558 2372 640 2412 inc.
672 2372 822 2412 Heins.
849 2372 1010 2411 Moret.
1041 2383 1126 2411 sec.
1148 2370 1216 2409 ed.
1236 2369 1384 2408 Parm.
1405 2380 1459 2407 ex
1478 2367 1876 2418 conjectura.-298
1904 2369 1964 2405 ta.-

133 2421 223 2460 cuia
244 2423 368 2463 Voss.
390 2428 519 2464 taceas
535 2425 656 2465 Med.
677 2437 742 2476 pr.
759 2425 925 2465 Mazar.
945 2425 1029 2464 duo
1049 2424 1205 2464 Petav.
1224 2423 1323 2462 Vat.
1343 2421 1484 2461 Livin.
1513 2419 1715 2470 pellendis.
1736 2418 1821 2458 duo
1838 2418 1962 2457 Vatt.

139 2472 270 2517 Fam.
290 2476 408 2516 Prie.
429 2477 566 2517 Oisel.
583 2477 704 2518 Med.
723 2490 809 2518 sec.
835 2478 1053 2528 pellendum
1080 2476 1244 2515 Tholos.
1267 2473 1408 2525 polluti
1438 2474 1546 2512 Exc.
1573 2472 1683 2512 Cod.
1702 2471 1851 2511 Rhem.
1875 2470 1963 2522 pal-

140 2527 264 2566 lendis
294 2529 420 2567 Voss.
449 2529 535 2569 inc.
566 2529 720 2569 Heius.
746 2530 914 2580 pellendi
943 2530 1046 2568 Vat.
1065 2535 1142 2579 pr.'
1161 2533 1207 2567 et
1240 2532 1338 2566 tert.
1371 2526 1492 2565 Rott.
1519 2525 1712 2565 Florent.
1748 2523 1867 2564 Med.
1895 2534 1962 2574 pr.

139 2578 302 2620 Thuan.
323 2581 484 2622 Mazar.
505 2581 588 2622 duo
616 2582 769 2622 Petav.
789 2582 890 2622 Vat.
918 2581 1192 2621 Livia—299
1231 2580 1451 2620 Dedecoras
1483 2579 1606 2618 Voss.
1637 2578 1870 2618 Dedecoras.
1895 2577 1963 2615 sed

139 2632 246 2672 enim
287 2634 394 2674 Exc.
429 2635 611 2676 Gevart.
651 2636 837 2675 violatum
868 2634 987 2676 Med.
1022 2640 1126 2674 tert.
1154 2633 1296 2673 violent
1327 2632 1501 2684 legebat
1530 2631 1685 2671 Heius.
1725 2634 1849 2670 tecum
1878 2638 1961 2682 pro

958 2742 1135 2783 NOTAE

144 2830 302 2873 Consul
321 2834 551 2886 Eutropius
582 2833 766 2886 infamis,
796 2835 892 2875 ideo
927 2835 1017 2887 pol·
1085 2834 1158 2874 vix
1174 2833 1284 2874 enim
1306 2832 1438 2873 credo
1466 2829 1724 2883 Eutropium
1753 2828 1808 2869 ab
1830 2827 1961 2869 Arca-

138 2894 273 2936 luitur
287 2896 570 2937 Consulatus?
597 2898 642 2938 Si
656 2898 735 2938 hoc
752 2903 881 2948 esset,
898 2910 1018 2949 spec·
1085 2897 1155 2936 dio
1175 2903 1221 2937 et
1249 2895 1494 2948 proceribus
1523 2894 1717 2936 Orientis
1746 2903 1842 2932 esse
1872 2889 1962 2931 fac·

141 2962 256 2999 taret
273 2958 516 3010 Orientem,
543 2973 630 3000 non
647 2962 840 3012 Romam,
871 2961 915 3000 in
934 2973 1019 3013 qua
1085 2965 1176 3001 tum
1194 2961 1442 3003 Consulem:
1471 2963 1518 2999 et
1547 2958 1582 2998 si
1610 2957 1712 3011 qnid
1739 2956 1838 2996 mali
1862 2955 1965 2996 hinc

142 3019 374 3077 Eutropius
408 3023 564 3063 Consul
610 3024 779 3063 habitus
827 3029 894 3064 est
928 3028 1019 3063 tan·
1086 3029 1338 3064 eventurum
1395 3027 1475 3075 est,
1532 3025 1702 3073 spectat
1761 3029 1962 3072 proceres

144 3093 270 3134 quam
297 3083 456 3136 fabula,
488 3087 542 3126 de
569 3099 654 3140 qua
685 3087 756 3126 vix
782 3086 910 3136 fama,
942 3099 1019 3127 seu
1087 3088 1293 3128 Orientis.

143 3144 333 3190 homines
350 3149 488 3190 solitis
513 3149 557 3189 in
585 3150 848 3190 sermonibus
874 3150 946 3190 vix
966 3150 1020 3189 ri·
1139 3154 1219 3191 296
1251 3148 1406 3201 Virtus]
1432 3148 1597 3200 Magna
1623 3144 1759 3186 virtus
1788 3149 1864 3184 tua
1880 3147 1962 3192 est,

147 3216 308 3262 serunt,
333 3211 433 3265 quia
450 3224 519 3253 res
537 3219 633 3253 erat
651 3213 859 3263 inaudita,
890 3214 1021 3254 scele·
1088 3215 1201 3267 quod
1233 3225 1364 3267 agens
1395 3212 1440 3252 in
1470 3211 1649 3260 Senatu,
1681 3207 1737 3248 de
1764 3205 1963 3247 monstris

147 3274 257 3322 nst,
273 3272 566 3328 ignominiosa,
581 3276 652 3316 cui
666 3287 793 3317 nemo.
803 3275 932 3319 fidem
949 3276 1021 3317 ad·
1088 3276 1297 3329 pellendis
1326 3281 1487 3324 taceas,
1522 3285 1579 3313 ne
1608 3271 1680 3312 vel
1709 3265 1960 3310 nominando

147 3331 333 3374 hibebat-
1088 3339 1342 3396 Eutropium
1358 3338 1541 3380 Senatus
1561 3334 1792 3389 polluatur,
1821 3335 1868 3377 et
1882 3329 1961 3370 hu-

200 3397 283 3437 294
311 3395 479 3452 Fabato]
508 3399 634 3453 Apud
662 3414 733 3443 me
761 3401 908 3445 sabula
938 3407 1022 3456 est,
1082 3403 1156 3456 jus
1174 3403 1347 3447 oracula
1360 3415 1435 3444 seu
1455 3400 1627 3442 decretu
1643 3396 1866 3438 violentur.
