2300 3906
724 219 805 257 nn
843 220 923 260 vr.
965 220 1136 261 cous.
1178 222 1413 262 norton.
1860 212 1967 266 833

150 331 245 383 Sic
270 332 449 383 oculis
469 332 739 400 placitura
759 336 886 399 tuiS,
913 339 1168 405 insignior
1192 341 1368 393 auctis

151 414 416 478 Collibus,
456 420 510 467 et
529 420 660 467 nota
684 420 856 486 maj0r
879 437 938 472 se
966 421 1148 476 Roma
1170 423 1467 477 videndam

151 497 382 550 Obtulit.
457 497 752 554 Addebant
775 504 1061 568 pulchrum
1088 522 1235 559 nova
1257 508 1466 559 moenia
1485 507 1713 572 vultum,

149 579 363 633 Audito
397 581 642 647 perfecta
666 600 860 637 recens
894 603 1109 639 rumore
1136 588 1425 642 Getarum.

148 664 506 732 Profecitque
526 667 711 733 opifex
737 670 922 722 decori
946 673 1139 737 timor;
1177 677 1252 735 et,
1294 674 1418 725 vice
1452 675 1612 738 mira,

149 746 333 811 Quam
359 765 476 815 pax
502 749 776 815 intulerat,
802 755 950 805 bello
976 754 1238 806 discussa
1258 761 1529 810 senectus».

149 831 341 884 Erexit
366 832 577 883 subitas
602 838 793 899 turres,
820 839 1140 905 cinctosque
1165 839 1346 905 coegit

150 915 367 982 Septem
395 916 654 968 continuo
679 925 891 972 montes
911 921 1274 988 juvenescere
1299 940 1467 975 muro.

149 999 282 1066 Ipse
318 999 513 1050 favens
537 1001 699 1062 votiS‚
737 1004 1012 1072 solitoque
1043 1005 1328 1059 decentior
1352 1007 1464 1070 aer,

149 1080 419 1145 Quamvis
441 1083 667 1134 assiduo
694 1093 911 1138 noctem
933 1089 1236 1141 foedaverat
1256 1092 1433 1154 imbri,

1860 424 1966 479 530

1862 843 1968 896 535

145 1206 344 1267 suspendit
361 1206 404 1246 in
422 1207 581 1246 auribus
611 1207 762 1258 lapillos
792 1209 973 1251 albentes.
1030 1212 1097 1251 Ita
1124 1212 1251 1251 Roma
1281 1213 1478 1263 placitura
1508 1215 1630 1253 oculis
1658 1216 1752 1266 tuis,
1778 1216 1970 1257 illustrior

145 1260 305 1298 collibus
317 1260 478 1310 additis,
491 1263 530 1300 et
548 1261 746 1310 ingentior
762 1274 806 1302 se
814 1263 916 1314 ¹ipsa
932 1270 1031 1304 ante
1049 1265 1219 1316 cognita,
1238 1265 1416 1305 exhibuit
1430 1278 1469 1305 se
1481 1269 1727 1317 spectandam
1745 1268 1833 1309 tibi.
1867 1270 1969 1310 Moe·

144 1313 213 1351 nia
237 1313 406 1352 recentia
424 1313 687 1363 adjungebant
708 1315 857 1362 faciem
875 1317 1056 1366 nitidam,
1089 1317 1312 1357 instaurata
1328 1322 1515 1367 recenter,
1548 1321 1732 1359 exaudita
1754 1320 1870 1368 fama
1891 1323 1972 1363 Ge·

145 1369 287 1405 tarum.
342 1367 400 1405 Et
418 1371 543 1406 metus
559 1367 708 1415 artifex
739 1368 892 1420 profuit
910 1370 1008 1409 huic
1027 1370 1166 1419 labori,
1194 1373 1233 1409 et
1259 1370 1526 1410 vicissitudine
1541 1373 1775 1422 admirabili,
1808 1375 1970 1423 senium,

147 1419 247 1468 qnod
260 1430 345 1470 pax
361 1425 576 1470 pepererat,
604 1421 837 1471 dissipatum
865 1427 932 1462 est
951 1420 1057 1462 bello.
1104 1423 1216 1462 Nam
1236 1423 1363 1461 timor
1390 1424 1518 1463 erexit
1537 1436 1643 1463 arces
1669 1426 1905 1476 repentinas,
1934 1431 1973 1466 et

147 1471 275 1520 co‘e'git
294 1473 405 1511 colles
434 1477 579 1523 septem
607 1474 862 1513 circumdatos
882 1475 1091 1526 florescere
1122 1488 1230 1514 muro
1260 1477 1496 1515 continuato.
1555 1478 1699 1516 Coelum
1719 1479 1843 1528 ipsum
1871 1480 1972 1530 aspi-

145 1535 238 1564 rans
286 1525 491 1564 desideriis
525 1527 692 1578 nostris,
732 1531 770 1565 et
807 1528 971 1568 nitidius
1007 1540 1125 1568 more
1162 1533 1354 1580 consueto,
1400 1529 1499 1580 (etsi
1549 1533 1775 1582 turpaverat
1826 1537 1972 1575 noctem

915 1631 1211 1647 OOOOOOOOOOOO

145 1699 226 1736 529
238 1699 337 1737 actis
349 1709 425 1748 pro
437 1698 566 1737 auctis
579 1698 664 1738 inc.
675 1698 824 1738 Heius.
837 1698 941 1738 Put.
951 1699 1104 1740 PetaV.
1117 1699 1387 1740 tert.Bonon.
1399 1698 1548 1741 Ambr.
1561 1711 1628 1751 pr.
1644 1700 1696 1739 In
1707 1700 1735 1742 J
1740 1713 1809 1740 un.
1823 1714 1886 1752 pr.
1901 1702 1972 1743 hic

143 1762 292 1790 versus
318 1751 746 1791 'desideratum—530
774 1753 895 1800 major
912 1756 1005 1791 nota
1025 1753 1182 1792 Petav.
1203 1755 1437 1792 tert—531
1471 1753 1625 1792 Obtulit
1653 1754 1758 1793 Exc.
1779 1755 1892 1795 Laeti
1926 1762 1972 1796 et

144 1803 324 1844 Lucens.
345 1816 410 1855 pr.
435 1805 606 1844 Pertulit
624 1804 693 1843 ed.
709 1804 852 1844 Vicet.
872 1805 1065 1845 addebant
1083 1806 1153 1844 vel
1172 1805 1369 1856 augebant
1382 1806 1538 1845 Petav.
1561 1817 1627 1856 pr.
1652 1808 1795 1846 cultum
1811 1808 1971 1849 Moret.

143 1868 211 1908 pr.
227 1857 401 1895 Maenala
416 1869 496 1908 pro
511 1857 649 1896 moenia
662 1857 690 1898 J
695 1869 762 1897 un.
775 1861 980 1908 pr.-532
995 1870 1148 1898 rumore
1167 1871 1299 1898 recens
1306 1858 1481 1909 perfecta
1500 1858 1706 1899 droatt.
1722 1860 1751 1902 J
1754 1860 1972 1904 un.0xon.

144 1920 233 1951 sec.
251 1909 295 1948 in
313 1921 419 1948 more
439 1921 518 1960 pro
535 1921 689 1948 rumore
710 1910 829 1950 Med.
850 1915 1053 1962 pta-533
1083 1911 1331 1962 Perseo-itque
1350 1911 1434 1951 inc.
1453 1911 1603 1950 Heius.
1619 1912 1721 1953 Jun.
1741 1925 1810 1964 pr.
1826 1913 1975 1956 Oxon.

145 1973 234 2002 sec.
253 1961 431 2009 Profecit
470 1962 562 2001 sine
595 1964 763 2014 copula,
792 1964 983 2004 Florent.
1014 1965 1122 2015 operi
1148 1965 1250 2005 Vat.
1285 1963 1421 2015 quint.
1451 1963 1555 2003 Put.
1586 1963 1736 2003 Ambr.
1758 1977 1820 2015 pr.
1847 1965 1975 2016 opifer

144 2015 300 2055 Petav.
320 2027 408 2055 sec.
442 2016 548 2066 operi
566 2017 681 2055 decor
699 2016 850 2055 Ambr.
869 2021 973 2056 tert.
1006 2017 1114 2068 operi
1143 2017 1214 2056 vel
1250 2015 1380 2056 decori
1396 2017 1494 2056 Vat.
1515 2021 1655 2068 quart.
1676 2017 1830 2056 Petav.
1852 2030 1975 2069 pr.—

145 2071 226 2109 534
253 2070 411 2108 decussa
430 2069 672 2120 Reg.—535
702 2069 831 2108 subito
861 2070 1017 2109 Moret.
1039 2081 1104 2120 pr.
1136 2069 1351 2120 cinctosque
1371 2068 1455 2108 duo
1475 2069 1599 2110 Vatt.
1627 2070 1711 2108 duo
1732 2070 1853 2109 Med.
1882 2071 1975 2109 Flo,

145 2125 258 2163 rent.
287 2123 315 2163 J
323 2134 393 2161 un.
414 2134 478 2173 pr.
496 2123 639 2162 Oxou.
660 2134 725 2173 pr.
753 2126 981 2174 cunctosque
1001 2127 1091 2161 tres
1110 2122 1231 2161 Vatt.
1251 2121 1346 2160 Pal.
1366 2121 1493 2160 Farn.
1513 2122 1679 2162 Mazar.
1700 2124 1864 2162 Bonon.
1883 2125 1978 2163 Mo«

145 2181 226 2215 ret.
247 2187 311 2226 pr.
330 2174 480 2215 Ambr.
501 2187 590 2215 sec.
611 2176 718 2214 Exc.
737 2175 916 2214 Gevart.
939 2176 1043 2214 Var.
1064 2175 1153 2214 LL.
1176 2174 1245 2214 ed.
1266 2172 1398 2214 Antv.
1417 2178 1645 2226 cunctosque
1665 2176 1734 2214 vel
1758 2176 1976 2227 cinctosque

145 2222 268 2268 Med.
285 2241 351 2279 pr.
370 2229 523 2268 Petav.
545 2231 748 2280 pr.—536
775 2228 975 2267 continuos
993 2229 1094 2271 Put.
1113 2229 1222 2267 modo
1242 2239 1321 2278 pro
1348 2239 1458 2267 muro
1488 2228 1582 2267 Pal.
1610 2228 1708 2269 hinc
1728 2231 1825 2268 nodo
1846 2228 1978 2280 conji-

146 2279 288 2321 ciebat
305 2282 452 2321 Heius.
471 2293 581 2321 muro
589 2281 840 2329 juvenescere
858 2285 1006 2320 montes
1024 2280 1173 2320 Ambr.
1189 2292 1254 2330 pr.
1272 2281 1386 2319 colles
1403 2292 1480 2330 pro
1502 2285 1648 2320 montes
1665 2282 1765 2320 Vat.
1782 2281 1979 2321 Livia.—

146 2337 226 2374 538
254 2339 382 2374 noctes
399 2334 623 2383 foedaverat
652 2334 772 2376 Leid.
800 2346 866 2384 pr.
885 2334 1027 2373 Oxon.
1048 2345 1135 2373 sec.
1153 2333 1369 2378 foedaverit
1404 2334 1508 2384 Reg.
1539 2346 1596 2371 m.
1623 2346 1689 2384 pr.
1709 2333 1833 2374 Voss.
1851 2334 1974 2380 Leid.

111 2407 117 2414 ·
147 2398 232 2428 sec.
254 2387 400 2431 Oxou.
435 2400 522 2428 sec.
554 2389 662 2428 Exc.
698 2388 878 2427 chart.
898 2387 1122 2434 ‚tardaverat
1148 2391 1237 2425 tres
1263 2386 1385 2424 Vatt.
1421 2385 1516 2425 Pal.
1552 2385 1676 2425 Fam.
1709 2386 1827 2426 Pric.
1853 2387 1976 2428 Rott.

973 2492 1150 2532 NOTAE

200 2579 280 2616 530
310 2576 420 2615 Nota
438 2574 581 2626 maior]
624 2575 686 2613 Ut
721 2572 918 2614 solebant
951 2572 1027 2613 Dii

147 2638 344 2689 Deaeque
375 2643 419 2677 et
449 2636 537 2677 fato
558 2636 714 2688 functi,
741 2636 812 2689 qui
847 2637 1027 2674 humana

146 2706 194 2741 et
226 2705 327 2739 nota
367 2712 444 2739 seu
474 2699 596 2739 solita
630 2700 816 2750 imagine
849 2698 1027 2749 majores

147 2762 474 2802 exhibebantur.
528 2758 733 2814 Virgilius
760 2762 812 2800 de
838 2761 1026 2800 Creusa:

145 2827 158 2848 ‘
179 2827 283 2866 Visa
303 2826 403 2865 mihi
422 2831 520 2867 ante
540 2826 699 2876 oculos,
717 2832 761 2864 et
777 2830 880 2864 nota
892 2824 1029 2875 major

147 2888 317 2941 imago!

200 2955 280 2992 533
314 2951 468 3002 Timor]
496 2952 621 2990 Metu
649 2951 763 2990 enim
788 2951 1027 2991 Gothorum

147 3014 304 3058 moenia
322 3015 514 3054 Romana
544 3012 711 3054 refecta
733 3018 854 3063 sunt;
885 3012 1028 3064 sicque

150 3077 279 3118 timor
310 3076 474 3129 profuit
509 3076 648 3128 operi,
681 3076 783 3128 quia
818 3077 861 3114 in
900 3088 1030 3114 causa

150 3139 235 3182 fuit
261 3152 338 3180 cur
375 3140 502 3180 citius
533 3138 831 3191 perficeretur.
899 3138 1030 3176 Exta-

148 3202 226 3247 bat
251 3209 298 3243 et
316 3203 462 3243 Romae
483 3201 707 3254 inscriptio
741 3213 766 3240 a
796 3199 1030 3241 Stilichone

152 3267 311 3318 dicata,
359 3269 372 3289 ‘
408 3266 709 3307 Invictissimis
754 3264 1032 3316 Principibus

150 3327 340 3370 Arcadio
376 3335 423 3369 et
454 3330 647 3370 Honorio
684 3327 936 3368 Victoribus
982 3339 1033 3366 ac

149 3390 546 3440 Triumphatoribus
561 3403 731 3440 semper
745 3389 1032 3442 Augustis‚ob

265 3455 409 3508 Delph.
429 3462 468 3496 et
491 3457 584 3497 Var.
607 3458 713 3496 Clas.

1001 3456 1140 3494 Claud.

1095 2572 1355 2611 instauratos
1375 2569 1491 2611 urbis
1512 2574 1686 2610 aeternae
1708 2580 1866 2618 muros,
1882 2579 1979 2620 por-

1097 2640 1176 2682 tas,
1197 2646 1247 2673 ac
1283 2638 1440 2684 turres,
1470 2633 1630 2685 egestis
1665 2631 1880 2672 immensis
1909 2643 1979 2673 tu-

1095 2695 1300 2737 dotibus?

1148 2764 1226 2800 534
1256 2759 1458 2811 Senectus]
1478 2759 1632 2798 Ruinae
1653 2763 1697 2797 et
1716 2757 1871 2796 rudera
1891 2756 1977 2795 col-

1095 2824 1310 2875 lapsarum
1328 2823 1514 2872 molium,
1533 2834 1628 2874 quae
1644 2826 1742 2859 sunt
1755 2820 1891 2858 instar
1905 2818 1978 2857 de-

1095 2885 1243 2926 formis
1256 2884 1507 2935 senectutis,
1521 2883 1737 2935 dissipatae
1751 2887 1846 2921 sunt
1859 2885 1979 2920 metu

1095 2948 1196 2987 belii
1217 2948 1405 2987 Gothici.

1148 3013 1226 3049 535
1258 3009 1422 3060 Erexit]
1440 3008 1582 3048 Timor
1596 3007 1739 3058 erexit,
1753 3017 1879 3046 causa
1894 3004 1978 3046 fuit

1095 3084 1172 3111 cur
1195 3083 1318 3111 arces
1338 3072 1626 3123 erigerentur,
1661 3075 1708 3109 et
1741 3081 1819 3109 cur
1848 3069 1979 3108 colles

1096 3140 1262 3186 septem
1282 3147 1367 3174 uno
1388 3147 1508 3174 muro
1528 3131 1977 3181 cinctijuvenescerent,

1096 3199 1175 3238 hoc
1193 3204 1271 3249 est,
1286 3210 1438 3238 novam
1451 3198 1645 3250 juventae
1662 3194 1816 3234 faciem
1830 3192 1978 3232 indue·

1098 3266 1211 3300 rent.

1151 3327 1233 3363 538
1248 3320 1499 3372 Foedaverat]
1516 3319 1688 3361 Alludit
1702 3317 1753 3358 ad
1761 3314 1869 3357 illud
1879 3315 1979 3355 Vir·

1097 3388 1326 3438 gilianum:
1345 3387 1358 3408 ‘
1379 3387 1520 3427 Nocte
1541 3383 1654 3435 pluit
1667 3386 1772 3430 tota,
1792 3377 1977 3485 rigeant

1778 3448 1803 3484 3
