2300 3906
1135 64 1158 75 s·

307 195 415 250 826
846 209 940 247 cn.
981 201 1331 245 GbAUDIANl
1375 201 1614 240 xxvlu.

309 327 464 392 Quid
489 327 727 380 faceret?
767 324 1002 376 differret
1025 323 1165 374 iter‘l
1240 322 1575 374 Discrimina
1597 320 1773 373 nullas

307 413 521 465 Nostra
545 413 744 464 dabant
767 407 1022 461 adeunda
1045 422 1249 460 moras,
1327 407 1712 474 Perrumperet
1735 406 1970 470 agmen?
2024 406 2131 458 460

309 496 418 549 Sed
443 497 640 564 paucis
660 494 959 546 comitatus
986 495 1103 543 erat
1125 508 1137 543 :
1177 507 1304 542 narn
1329 491 1565 558 plurima
1587 494 1750 565 retrO,

308 579 459 632 Dum
484 579 643 631 nobis
666 580 929 646 properat
955 591 1289 637 succurrere,
1314 575 1553 642 liquerat
1577 589 1729 626 arma

308 662 531 725 Extera,
555 662 644 714 vel
669 666 884 714 nostras
912 660 1084 712 acies,
1159 659 1293 710 Hoc
1320 658 1414 710 ille
1436 660 1651 710 locatus

303 745 568 814 Ancipiti,
605 747 825 812 longum
847 744 1033 796 socias
1057 742 1386 810 tardumque
1409 743 1626 810 putavit

309 831 658 899 Expectasse
679 846 896 892 manuS,
924 833 979 880 et
1001 833 1191 880 nostra
1214 826 1456 894 pericula
1477 825 1646 878 tendit
2027 823 2134 874 465

306 913 653 966 Posthabitis
674 914 900 981 pulsare
925 911 1073 964 suis:
1114 910 1468 978 mediumque
1493 926 1593 978 per
1618 910 1831 961 hostem

307 997 651 1048 Flammatus
678 996 876 1047 virtute
901 995 1015 1062 pia,
1042 994 1389 1063 propriaeque
1418 994 1612 1046 salutis
1842 995 1844 998 ’

305 1079 613 1141 Immemor,
642 1083 694 1130 et
718 1078 909 1131 stricto
933 1083 1285 1146 prosternens
1312 1080 1479 1131 obvia
1502 1079 1662 1143 ferm,
1740 1118 1742 1121 ψ

305 1164 552 1215 Barbara
575 1163 840 1215 fulmineo
863 1164 1041 1214 secuit
1065 1162 1303 1215 tentoria
1329 1179 1509 1215 cursu.
1927 1224 1930 1226 v

376 1247 540 1299 Nunc
567 1247 699 1299 mihi
723 1247 976 1316 Tydiden
1001 1249 1251 1301 attollant
1276 1249 1522 1301 carmina
1547 1253 1759 1310 vatum,
2028 1244 2135 1295 470

305 1383 425 1422 aquas
438 1372 594 1411 divisas.
651 1373 803 1422 Ecquid
814 1373 992 1413 Stilicho
1007 1373 1175 1424 ageret?
1220 1373 1538 1414 Procrustinaret
1553 1374 1656 1413 viam
1674 1370 1814 1412 suam?
1860 1370 2041 1410 Pericula
2055 1380 2139 1408 nos-

305 1429 372 1463 tra
401 1425 633 1465 sublevanda
653 1427 797 1465 nullam
824 1427 968 1466 dabant
996 1428 1180 1478 requiem.
1241 1429 1452 1476 Trqy’iceret
1471 1428 1600 1478 copias
1617 1426 1821 1466 hostiles?
1877 1424 1954 1462 Sed
1972 1424 2142 1474 stipatus
2221 1458 2224 1459 γ

304 1482 390 1518 erat
415 1480 578 1530 paucis:
607 1480 748 1519 etenim
776 1492 873 1530 pone
901 1482 1112 1530 reliquerat
1140 1483 1292 1520 auxilia
1323 1483 1442 1520 multa
1471 1485 1650 1527 externa,
1681 1480 1740 1518 vel
1771 1478 1943 1516 cohortes
1973 1481 2141 1521 nostras,

306 1532 401 1570 dum
406 1531 578 1579 festinat
597 1533 785 1584 opitulari
801 1534 923 1572 nobis.
977 1534 1051 1573 Sic
1069 1535 1136 1573 ille
1157 1534 1355 1582 Stilicho,
1380 1533 1530 1584 positus
1550 1533 1593 1571 in
1612 1533 1684 1570 hac
1701 1530 1956 1579 dubitatione,
1973 1528 2141 1568 credidit

309 1596 399 1623 rem
427 1586 642 1633 longiorem
661 1597 769 1633 esse,
798 1590 837 1624 et
864 1585 1084 1636 lentiorem,
1110 1587 1281 1637 opperiri
1307 1590 1457 1625 turmas
1474 1598 1577 1635 suas,
1594 1590 1632 1623 et
1649 1588 1811 1623 conatur
1829 1584 2014 1634 repellere
2039 1581 2143 1633 peri.

306 1638 392 1676 cula
411 1643 559 1689 nostra,
576 1639 657 1676 suis
685 1638 902 1689 contemtis,
932 1642 971 1677 et
1001 1639 1178 1678 incensus
1193 1639 1447 1687 fortitudine.
1462 1639 1546 1690 pia,
1580 1642 1620 1677 et
1636 1638 1778 1678 oblitus
1794 1637 1887 1676 vitoe
1904 1648 1996 1685 suae,
2013 1648 2059 1675 αι·
2076 1637 2141 1675 de-

295 1690 442 1738 jiciens
460 1703 548 1729 ense
565 1693 710 1730 nudato
729 1693 988 1740 occurrentia,
1004 1705 1076 1743 per
1093 1693 1220 1731 hostes
1246 1693 1390 1744 medios
1407 1692 1512 1743 rupit
1530 1692 1778 1731 tabernacula
1796 1689 2060 1738 barbarorum,
2079 1702 2141 1728 ve-

305 1745 461 1782 locitate
468 1743 725 1791 fulminante.
782 1746 902 1784 Nunc
932 1757 1065 1784 versus
1091 1745 1307 1786 Po'e'torum
1339 1747 1497 1785 laudent
1523 1745 1622 1785 mihi
1640 1745 1881 1796 Diomedem,
1899 1745 1998 1795 quod
2026 1742 2142 1795 eonfi-

1078 1838 1373 1853 OOOOOOOOOOOO

309 1903 492 1944 Gevart.
513 1909 559 1944 et
577 1906 680 1944 Var.
699 1906 786 1945 LL.
808 1905 876 1945 ed.
897 1903 1028 1946 Antv.
1070 1905 1212 1946 Abdua
1237 1904 1335 1945 Ald.
1363 1906 1467 1945 Var.
1488 1907 1572 1946 LL.
1604 1917 1628 1945 e
1661 1917 1795 1956 marg.
1828 1904 1973 1943 Parm.
2014 1901 2142 1942 Adria

303 1957 453 1997 Ambr.
471 1970 556 1997 sec.
577 1959 703 1998 Farn.
731 1972 805 2010 qua
819 1960 910 1998 Pal.
931 1959 1078 2000 Ambr.
1098 1964 1198 1999 tert.
1228 1972 1300 2010 quo
1318 1959 1551 2012 Schythicas
1570 1960 1689 1999 Rott.
1719 1957 1913 1998 Seithicas
1931 1955 2052 2009 Leid.
2073 1968 2140 2007 pr.

305 2022 361 2049 m.
383 2022 446 2061 pr.
468 2011 575 2062 Reg.
595 2011 737 2051 Oxon.
758 2024 821 2064 pr.
844 2013 1033 2052 Florent.
1054 2025 1108 2052 nr.
1129 2025 1194 2064 pr.
1214 2013 1334 2052 Med.
1357 2025 1443 2052 sec.
1489 2026 1561 2064 quo
1566 2013 1690 2066 fissas
1706 2013 1809 2051 Vat.
1838 2016 1978 2062 quart.
2001 2009 2142 2049 Oxou.

308 2075 395 2102 sec.
452 2076 524 2114 quo
533 2065 646 2118 fixas
674 2066 776 2105 Vat.
796 2066 934 2117 quint.
962 2066 1063 2106 Jun.
1084 2078 1148 2116 pr.
1189 2065 1307 2114 fusas
1324 2068 1485 2105 Thuan.
1533 2079 1664 2106 sacras
1692 2066 1786 2105 Pal.
1831 2075 2034 2103 concussas
2063 2075 2141 2114 pro

308 2129 381 2167 quo
399 2118 539 2155 scissas
555 2119 681 2158 Farn.
725 2120 896 2157 succisas
915 2119 1016 2157 Vat.
1039 2131 1125 2165 sec.
1156 2119 1278 2171 fissas
1297 2120 1365 2158 vel
1384 2118 1579 2165 Seithicas
1602 2120 1759 2163 Petav.
1793 2130 1857 2169 pr.
1905 2117 2057 2156 scissas
2076 2118 2143 2155 vel

310 2169 520 2221 Scythicas
537 2171 638 2210 Vat.
660 2176 763 2210 tert.
792 2171 1035 2222 spumantior
1055 2173 1158 2222 Reg.
1180 2172 1319 2211 Oxon.
1340 2184 1406 2223 pr.
1435 2171 1642 2223 spatiosior
1661 2172 1795 2211 Oisel.
1823 2170 1971 2209 excitat
1992 2168 2142 2209 Ambr.

309 2226 547 2262 tert—459
582 2225 691 2269 Quid
699 2222 864 2272 faciat?
892 2225 1017 2265 Leid.
1037 2237 1123 2265 sec.
1139 2225 1264 2264 Voss.
1285 2225 1391 2265 Exc.
1413 2226 1590 2265 Gevart.
1623 2229 1776 2263 nostras
1796 2224 1920 2262 Nulla
1937 2223 2039 2262 Vat.
2060 2235 2144 2262 sec.

309 2279 444 2315 -460
471 2277 643 2315 abeundo
664 2278 783 2318 Med.
803 2283 942 2329 quart.
983 2282 1251 2329 prorum-peret
1280 2279 1364 2318 duo
1395 2280 1516 2318 Vatt.
1547 2278 1660 2330 Reg.
1694 2279 1856 2317 Mazar.
1892 2277 2046 2319 Petav.
2078 2288 2142 2328 pr.

306 2329 477 2369 Tholos.
507 2329 659 2369 Ambr.
691 2343 758 2381 pr.
787 2331 889 2370 Jun.
921 2332 1065 2371 Oxon.
1099 2343 1188 2370 sec.
1221 2332 1325 2371 Exc.
1349 2332 1475 2371 Laeti.
1516 2335 1795 2382 proerumperet
1815 2330 1933 2369 Med.
1954 2335 2144 2381 quart.—

307 2386 385 2422 461
405 2382 493 2431 jam
517 2383 692 2434 plurima
720 2384 824 2424 Jun.
858 2387 1058 2435 ρι’.-462
1085 2396 1181 2424 arva
1213 2396 1290 2435 pro
1308 2397 1418 2424 arma
1439 2390 1524 2424 vet.
1545 2385 1790 2435 Gyr.—463
1820 2384 1901 2422 hcec
1917 2384 1982 2422 ille
1998 2384 2146 2422 locutus

308 2436 417 2474 Exc.
440 2436 568 2475 Laeti.
609 2436 678 2475 hoc
696 2436 762 2476 ille
780 2438 928 2476 locutus
947 2438 1074 2478 Farn.
1116 2437 1179 2477 hic
1213 2438 1360 2477 locatus
1389 2437 1547 2479 Sched.
1566 2437 1696 2478 Gud..
1725 2438 1794 2477 hoc
1813 2438 1961 2476 locatus
1979 2437 2146 2476 Bonon.

310 2489 411 2529 Pat.
441 2489 616 2528 Tholas.
651 2495 738 2529 tres
768 2489 918 2529 Ambr.
948 2491 1052 2531 Lov.
1085 2491 1245 2530 Moret.
1274 2503 1360 2531 sec.
1379 2493 1481 2532 vat.
1499 2491 1639 2531 Livin.
1687 2491 1768 2530 hoee
1798 2491 1867 2530 ed.
1886 2490 2030 2529 Vicet.
2076 2489 2144 2528 hoc

310 2543 503 2582 Florent.
527 2549 710 2594 quatuor
730 2544 850 2583 Med.
870 2543 955 2583 inc.
977 2544 1130 2584 Heius.
1151 2546 1255 2585 Exc.
1274 2546 1456 2585 Lucens.
1478 2558 1544 2596 pr.
1572 2546 1635 2584 hic
1653 2545 1818 2585 Thuan.
1839 2544 1944 2583 Exc.
1966 2543 2144 2583 Gevart.

307 2595 412 2635 item
442 2596 603 2636 Moret.
635 2609 697 2648 pr.
718 2597 790 2648 qui
820 2603 863 2636 et
882 2598 1031 2636 locutus
1051 2598 1239 2638 exhibet.
1283 2600 1428 2638 locatus
1447 2603 1632 2651 quatuor
1652 2597 1772 2637 Med.
1791 2598 1983 2637 Florent.
2004 2609 2058 2636 m.
2079 2608 2144 2648 pr.

310 2650 411 2688 Pur.
432 2649 541 2700 Reg.
559 2651 719 2690 Thuan.
740 2651 903 2690 Mazar.
927 2657 1014 2690 tres
1035 2651 1188 2691 Petav.
1209 2653 1334 2691 Voss.
1363 2653 1470 2691 Exc.
1493 2653 1671 2692 Gevart.
1692 2652 1858 2691 Schott.
1878 2652 2057 2690 Lucens.
2077 2661 2142 2701 pr.

312 2702 420 2742 Cod.
440 2704 591 2742 Rhem.
624 2705 726 2744 Var.
747 2705 833 2744 LL.
853 2718 876 2744 e
898 2717 1030 2756 marg.
1056 2703 1337 2746 Pa1·m.-464
1365 2706 1487 2755 ⁸<socios
1517 2705 1638 2746 Leid.
1674 2718 1738 2757 pr.
1772 2706 1856 2744 duo
1888 2704 2143 2743 Μαι-465

312 2756 554 2808 Exspectare
573 2758 674 2797 Vat.
694 2770 782 2797 sec.
815 2759 977 2798 Thuan.
1022 2762 1152 2798 vestra
1178 2760 1355 2810 pericula
1374 2759 1676 2800 Tholos.-467
1704 2759 1852 2799 virtute
1869 2770 1939 2797 sua
1956 2758 2147 2797 Florent-

311 2821 380 2849 sua
399 2811 467 2849 vel
482 2811 552 2861 pio
571 2811 933 2862 Oxon.pr.——468
957 2817 1208 2863 prosternens
1222 2814 1321 2853 Jun.
1352 2824 1418 2863 pr.
1452 2813 1535 2852 duo
1570 2813 1710 2852 Oxon.
1739 2813 1823 2852 duo
1858 2811 2007 2851 Leidd.
2041 2821 2143 2860 proe-

310 2867 484 2903 sternens
520 2865 700 2914 Raphel.
722 2877 775 2903 ex
796 2866 905 2916 conj.
948 2866 1059 2904 obvia
1090 2866 1173 2905 duo
1192 2866 1311 2906 Med.
1333 2867 1442 2905 Exc.
1462 2867 1643 2906 Lucens.
1664 2878 1728 2918 pr.
1749 2866 1814 2905 ed.
1833 2865 1975 2905 Vicet.
2015 2862 2144 2902 omnia

314 2916 409 2955 Pal.
432 2915 552 2956 Rott.
586 2918 773 2958 Florent.
808 2919 891 2958 duo
919 2919 1037 2959 Med.
1059 2919 1161 2960 Put.
1187 2921 1295 2970 Reg.
1327 2920 1468 2960 Oxon.
1489 2932 1553 2970 ρι’.
1573 2920 1699 2958 ambo
1730 2920 1888 2958 Moret.
1931 2915 2042 2955 obvia
2073 2916 2143 2954 vel

312 2970 445 3008 omnia
460 2971 563 3011 Vat.
585 2976 820 3011 tem—469
841 2972 1033 3024 flumineo
1052 2973 1155 3013 Put.
1175 2973 1340 3012 Mazar.
1382 2973 1509 3023 cingit
1528 2985 1604 3024 pro
1620 2974 1742 3012 secuit
1762 2970 1879 3010 Med.
1895 2981 1982 3008 sec.
2023 2968 2145 3008 victo·

311 3020 375 3060 ria
394 3021 495 3062 Jun.
525 3035 589 3074 pr.
635 3037 755 3064 curru
774 3026 876 3065 Pur.
898 3025 1049 3067 Ambr.
1079 3039 1145 3079 pr.
1165 3027 1250 3066 inc.
1272 3026 1420 3067 Heins.
1438 3025 1594 3067 Sched.
1627 3025 1877 3066 θοὰ-470
1906 3021 2026 3061 Hunc
2039 3023 2142 3062 Var.

1143 3132 1319 3173 NOTAE

311 3208 514 3257 miscens,
529 3208 715 3261 quinque
735 3209 910 3250 circiter
939 3212 1192 3252 milliaribus
1245 3209 1353 3251 'tute
1403 3210 1475 3263 pia
1508 3210 1552 3250 in
1596 3222 1798 3262 generum
1835 3222 1956 3250 suum
1996 3208 2145 3250 Hono-

313 3283 445 3322 supra
464 3271 716 3312 Cremonam
733 3286 742 3312 ε
771 3273 897 3314 hodie
918 3274 1090 3328 dicitnr,
1108 3276 1191 3319 Ad·
1257 3268 1394 3314 rium}

313 3335 378 3373 da.
1312 3339 1393 3378 470
1422 3336 1615 3390 Tydiden]
1653 3336 1895 3378 Diomeden
1926 3335 2063 3388 Tydei
2100 3334 2145 3375 fi-

365 3401 445 3442 467
474 3398 738 3451 flammatus]
783 3399 1074 3442 Inflammatns
1111 3401 1194 3442 vir·
1257 3402 1375 3443 lium.
