2300 3906
327 217 436 271 852
878 225 971 264 cn.
996 219 1372 266 ,GLAUmANl
1414 218 1607 259 xxix.

327 349 532 404 Cloelia
549 348 842 417 TybrinaS,
862 350 925 396 et
950 342 1145 394 eodem
1171 339 1391 392 flumine
1418 339 1626 392 ducens
1658 362 1661 363 ⁷

329 434 565 488 Claudia
588 432 835 497 virgineo
863 432 1210 480 cunctantem
1238 425 1385 477 crine
1409 423 1691 500 Cybeben.

326 519 488 574 Anne
517 515 666 568 aliud
692 519 806 566 toto
830 512 1056 564 molitur
1083 510 1342 563 carminis
1368 513 1496 560 actu

327 601 561 655 Maeonii
583 613 733 651 mens
759 598 875 650 alta
901 597 1089 648 senis?
1130 595 1278 664 quod
1305 598 1503 660 stagna
1525 591 1838 661 Charybdis

327 685 600 748 Armavit,
626 683 774 751 quod
801 682 992 750 Scylla
1017 696 1205 741 caneS,
1233 678 1383 747 quod
1409 678 1617 746 pocula
1642 676 1835 744 Circe3

324 769 652 837 Antiphatae
677 768 853 819 vitata
877 766 1072 828 fameS,
1101 764 1374 832 surdoque
1401 763 1587 815 carina

327 853 562 921 Remige
585 853 839 905 Sirenum
867 857 1062 904 cantus
1088 853 1399 902 transvecta
1424 853 1647 900 tenaces
1670 864 1684 913 ;

2085 592 2158 645 20

326 976 476 1017 excitat
510 976 651 1014 Musas
681 974 849 1013 Latinas
879 975 931 1012 ad
957 974 1189 1019 canendum·
1222 975 1262 1011 et
1298 971 1436 1011 Cloelia
1470 974 1667 1011 revertens
1690 982 1760 1022 per
1790 980 1911 1021 aquas
1937 967 2105 1019 Tiberis,
2123 972 2164 1008 et

331 1029 498 1069 Claudia
517 1029 721 1067 attrahens
737 1027 876 1078 capillo
902 1026 1068 1077 puellari
1093 1038 1164 1077 per
1200 1027 1356 1064 eundem
1402 1025 1575 1077 fluvium
1611 1024 1778 1076 Cybelen
1812 1027 2039 1063 morantem.
2094 1021 2163 1062 An

325 1082 481 1121 animus
505 1083 679 1120 excelsus
695 1081 799 1119 senis
817 1080 996 1129 Moeonii,
1013 1079 1101 1130 agit
1120 1079 1228 1119 aliud
1246 1079 1288 1118 in
1320 1082 1404 1118 tota
1432 1078 1532 1117 serie
1562 1080 1688 1128 operis
1703 1075 1798 1117 sui?
1854 1077 2023 1127 Nempe
2043 1075 2164 1115 honor

329 1139 390 1175 est
413 1135 651 1185 Penelopes,·
679 1135 781 1185 quod
811 1133 1032 1185 Charybdis
1047 1133 1236 1172 excitavit
1262 1144 1381 1183 aquas
1397 1144 1486 1171 suas
1501 1131 1545 1170 in
1569 1131 1759 1183 Ulyssem,
1779 1132 1880 1182 quod
1899 1130 2033 1181 Scylla
2051 1140 2165 1168 canes

328 1200 432 1237 suos,
460 1191 559 1239 quod
583 1188 696 1227 Circe
709 1199 856 1227 venena
883 1199 953 1226 sua
973 1188 1195 1237 excitavit,
1220 1188 1321 1237 quod
1338 1185 1471 1233 fames
1488 1184 1718 1236 Antiphatoe
1736 1186 1885 1223 evitata
1901 1189 1983 1230 est,
2002 1186 2041 1221 et
2062 1182 2164 1233 quod

328 1242 446 1293 navis¹
473 1242 554 1291 ejus
585 1241 801 1290 remigibus
836 1240 1038 1280 silentibus
1069 1246 1317 1290 transgressa
1354 1245 1422 1279 est
1453 1238 1669 1278 cantilenas
1711 1238 1923 1277 retinentes
1956 1235 2162 1276 Sirenum.-

1101 1348 1124 1361 θ
1130 1347 1399 1361 “O‘OOUOOOO

331 1431 384 1467 16
403 1427 543 1475 futuri
565 1438 642 1477 pro
664 1428 847 1474 fatorum
864 1428 973 1467 Exc.
993 1428 1177 1467 Lucens.
1196 1429 1373 1477 pr.—1‘7
1406 1426 1544 1466 Cloelia
1563 1426 1665 1464 Vat.
1685 1437 1750 1474 pr.
1770 1426 1876 1464 Exc.
1898 1426 2077 1464 Luce-ns.
2097 1435 2165 1475 pr.

335 1480 475 1520 Clodia
495 1480 599 1519 eod.
623 1481 772 1531 Epigr.
791 1479 943 1519 Ambr.
969 1481 1112 1519 Gothia
1141 1480 1243 1518 Pnt.
1277 1479 1411 1518 Coclia
1429 1479 1528 1517 Vat.
1562 1490 1649 1516 sec.
1669 1478 1766 1516 Pal.
1786 1478 1909 1516 Rott.
1939 1483 2026 1516 tres
2045 1477 2167 1517 Med.

332 1533 477 1573 Oxou.
496 1545 579 1571 sec.
599 1533 682 1572 inc.
705 1534 852 1572 Heins.
873 1532 977 1572 Var.
996 1527 1170 1572 LL.‘e‹1.
1190 1530 1320 1569 Antv.
1356 1531 1505 1570 Cloelia
1522 1530 1691 1569 Thuan.
1710 1530 1863 1568 Petav.
1895 1541 1981 1568 sec.
2005 1529 2168 1569 Colchia

329 1586 520 1625 Florent.
555 1586 707 1624 Petav.
745 1598 808 1636 pr.
841 1585 1115 1624 Buslid.—18
1143 1587 1382 1622 constantem
1414 1595 1491 1634 pro
1531 1587 1773 1622 cunctantem
1803 1582 1901 1622 Pal.
1935 1581 2020 1622 duo
2046 1582 2168 1623 Med.

319 1638 420 1687 fune
441 1650 516 1688 pro
535 1638 641 1676 crine
669 1638 854 1689 conjecit
873 1637 1096 1685 Heinsius,
1115 1636 1190 1676 sed
1224 1641 1377 1687 postea
1406 1648 1504 1675 cum
1533 1634 1729 1675 Rubenio
1758 1636 1972 1687 vulgatam
2003 1641 2166 1676 tuetur.

332 1690 511 1742 Cybeben
535 1691 640 1730 Exc.
662 1691 842 1730 Lucens.
877 1703 942 1742 pr.
977 1691 1144 1729 Cibelem
1176 1688 1339 1729 Buslid.
1370 1689 1566 1742 Cybellem
1605 1695 1690 1728 tres
1709 1690 1834 1729 Vatt.
1857 1689 2044 1729 Florent.
2078 1694 2167 1728 tres

329 1743 449 1784 Med.
469 1744 572 1782 Put.
591 1745 753 1783 Thnan.
775 1745 936 1783 Moret.
966 1756 1030 1794 pr.
1062 1743 1147 1783 duo
1176 1743 1333 1782 Petav.
1368 1743 1436 1782 ed.
1468 1743 1723 1782 Parm.—-l9
1750 1742 1906 1792 Annue,
1937 1745 2031 1794 quin
2062 1742 2171 1782 aliud

329 1797 495 1837 Buslid.
529 1797 611 1836 ictu
655 1798 736 1836 inc.
769 1797 920 1837 Heius.
952 1801 1089 1836 auctor
1128 1797 1252 1836 Med.
1299 1799 1473 1847 pr.—20
1501 1809 1607 1836 mens
1638 1801 1727 1836 acta
1747 1796 1833 1836 duo
1854 1797 1973 1837 Med.
2016 1796 2169 1836 Pal.-

328 1854 379 1890 21
410 1851 593 1890 Armarit
612 1851 776 1892 Buslid.
804 1851 990 1890 Armavit
1007 1857 1095 1890 tres
1116 1851 1236 1890 Vatt.
1256 1849 1352 1890 Pal.
1373 1849 1606 1890 Rom—22
1635 1851 1779 1890 carinae
1790 1850 1891 1890 Vat.
1911 1862 1978 1902 pr.
1998 1850 2168 1889 Bonon„

330 1904 492 1944 Moret.
528 1917 593 1956 pr.
632 1905 774 1944 Oxou.
809 1908 1001 1945 sem—23
1030 1907 1163 1944 cautes
1200 1916 1279 1956 pro
1315 1908 1456 1943 cantus
1487 1905 1735 1956 conjecerat
1771 1904 1920 1945 Heius.
1954 1903 2171 1953 transjecta

1166 1985 1342 2025 NOTAE

331 2070 447 2124 nitus
478 2070 618 2121 missa,
651 2072 802 2123 capiti'
823 2072 1049 2124 Tarquinii
1066 2072 1079 2095 ⁴
1100 2071 1217 2123 apte'

332 2140 564 2185 reponeret
595 2134 772 2185 pileum,
805 2146 933 2186 quem
965 2134 1221 2184 abstulerat,

330 2197 344 2218 ‘
367 2196 457 2235 alta
489 2208 680 2247 sperare,
711 2198 937 2248 complexa
962 2195 1116 2237 virum'
1145 2196 1219 2235 diu

333 2260 656 2310 antejusserat.
711 2261 874 2300 Livius.

390 2326 441 2363 17
462 2323 618 2374 Cloelia]
645 2322 778 2373 Virgo
797 2321 951 2362 nobilis
971 2321 1075 2360 data
1095 2320 1220 2360 obses

332 2386 584 2436 Porsennae,
626 2385 703 2424 sed
739 2397 836 2436 quae
872 2385 940 2423 vel
971 2382 1224 2435 equitando,

334 2450 405 2490 vel
422 2448 612 2489 natando
631 2448 804 2500 Tybrim
826 2447 1066 2500 trajiciens,
1086 2447 1130 2486 in
1149 2457 1222 2498 pa-

333 2511 462 2552 triam
510 2511 656 2560 rediit,
697 2510 775 2550 sed
815 2522 915 2550 mox
943 2509 1115 2550 reddita
1143 2513 1223 2550 est.

333 2573 453 2615 Hinc
472 2579 613 2614 tamen
632 2578 774 2614 statua
800 2573 1015 2626 equestris
1040 2573 1124 2625 ipsi
1152 2572 1225 2612 de·

335 2642 460 2678 creta
476 2643 557 2678 est.

391 2705 444 2742 18
475 2700 662 2752 Claudia]
716 2700 853 2752 Virgo
879 2699 1084 2750 Vestalis,
1125 2711 1220 2752 quae

335 2779 433 2808 cum
461 2767 506 2807 in
534 2765 674 2818 stupri
702 2764 992 2816 suspicionem
1020 2763 1225 2813 venisset,

336 2832 350 2854 ‘
385 2843 540 2871 navem
587 2841 686 2870 cum
728 2828 859 2868 sacris
902 2826 1050 2866 matris
1078 2827 1222 2871 Deum

336 2893 470 2934 Idaeae
491 2893 676 2944 Cybeles
697 2891 991 2931 obhaerentem
1017 2888 1222 2928 Tiberino

337 2955 450 2995 vado
476 2955 685 3006 extraxit,
716 2959 893 3006 precata
922 2952 1158 3004 propalam,
1173 2957 1224 2991 ut

337 3018 402 3059 ita
419 3017 589 3058 demum
610 3022 877 3069 sequeretur,
897 3016 934 3055 si
951 3015 1032 3055 sibi
1060 3014 1225 3067 pudici-

338 3080 403 3135 tia
419 3082 667 3121 constaret:
718 3079 951 3120 Suetonius
976 3078 1020 3117 in
1037 3078 1223 3119 Tiberio.

397 3145 656 3184 Cunctantem
669 3140 866 3194 Cybeben]
878 3141 1103 3182 Haerentia
1114 3142 1224 3182 vado

342 3207 531 3260 Cybeles
564 3218 700 3246 sacra.

401 3269 542 3322 Crine]
570 3269 657 3309 Alii
672 3268 823 3308 dicunt
839 3265 960 3318 fune,
987 3269 1060 3308 alii
1079 3268 1226 3320 cingu-

341 3335 404 3385 lo,
432 3339 480 3374 ut
513 3331 712 3373 Valerius
742 3331 976 3384 Maximus,
1000 3332 1226 3372 Tertullia-

342 3410 436 3440 nus.

1341 2075 1393 2110 20
1415 2071 1581 2111 Maeonii
1597 2069 1719 2122 senis]
1740 2070 1935 2123 Homeri,
1955 2083 1979 2110 a
1997 2070 2170 2111 Maeone

1286 2143 1426 2185 patre.

1339 2196 1456 2247 Alta]
1487 2196 1614 2236 Mens
1640 2195 1874 2237 Poetarum
1895 2196 2038 2236 divino
2057 2194 2174 2236 affla-

1288 2262 1333 2297 tu
1352 2257 1558 2297 sublimis.

1344 2319 1584 2372 Charybdis]
1613 2321 1773 2360 Mulier
1792 2319 1874 2359 fuit
1896 2320 2172 2372 rapacissima

1288 2395 1341 2423 ex
1357 2381 1531 2433 fabulis,
1550 2383 1626 2424 sed
1646 2384 1687 2422 in
1709 2384 1924 2435 gurgitem
1945 2395 2169 2435 conversa,

1290 2446 1363 2499 qui
1381 2459 1533 2498 gurges
1552 2447 1678 2486 estin
1694 2446 1806 2486 freto
1824 2447 1983 2487 Siculo.

1342 2512 1393 2549 21
1425 2508 1578 2561 Scylla]
1619 2509 1728 2549 Filia
1747 2509 1917 2561 Phorci,
1935 2522 2029 2563 quae
2049 2522 2096 2551 se
2115 2510 2175 2550 la·

1290 2583 1391 2612 vans
1422 2572 1464 2611 in
1484 2571 1607 2612 fonte
1635 2585 1660 2612 a
1680 2572 1804 2612 Circe
1826 2573 1977 2612 aemula
1995 2573 2172 2613 venenis

1287 2633 1469 2684 infecto,
1486 2634 1597 2675 vidit
1620 2633 1846 2675 inferiores
1865 2635 2057 2687 corporis
2077 2646 2174 2686 par-

1289 2696 1428 2748 tes‚‘iu
1448 2697 1581 2737 rictus
1601 2698 1774 2737 caninos
1792 2710 1868 2738 seu
1883 2698 2054 2750 lupinos
2074 2709 2174 2738 con·

1287 2773 1450 2811 versas,
1468 2766 1513 2800 et
1534 2761 1631 2800 ideo
1650 2773 1696 2801 se
1716 2753 1984 2813 p‘raec'ipitem
2004 2762 2110 2814 egit,
2126 2766 2173 2801 et

1288 2829 1455 2865 mutata
1475 2831 1540 2864 est
1560 2826 1602 2864 in
1623 2825 1850 2877 gurgitem.

1347 2887 1480 2939 Circe]
1510 2888 1717 2929 Venefica
1730 2888 1906 2939 famosa,
1922 2900 2019 2940 quae
2033 2885 2171 2929 socios

1289 2951 1458 3002 Ulyssis
1477 2952 1519 2991 in
1539 2964 1636 2992 sues
1655 2951 1986 2991 transformavit.

1342 3019 1396 3055 22
1410 3014 1660 3067 Antiphatae]
1687 3015 1772 3054 Hic
1791 3014 1876 3054 fuit
1893 3015 1985 3054 Rex
2002 3015 2176 3054 Laestri-

1289 3089 1445 3129 gonum
1472 3077 1954 3129 Anthropophagorum,
1981 3079 2173 3119 Formias

1291 3141 1538 3192 Campaniae
1566 3141 1716 3180 urbem
1745 3141 2035 3182 incolentium.
2086 3142 2187 3183 Hic.

1290 3203 1394 3243 duos
1421 3215 1447 3243 e
1475 3203 1600 3243 sociis
1629 3203 1794 3255 Ulyssis
1826 3203 2078 3246 devoravit:
2129 3210 2177 3245 at

1289 3265 1416 3317 huJus
1433 3263 1590 3305 famem
1610 3266 1800 3306 rabidam
1820 3267 1961 3307 evasit
1979 3267 2182 3319 Ulysses.

1316 3369 1318 3371 ,
1345 3331 1397 3368 23
1426 3327 1630 3380 Sirenum]
1665 3329 1834 3370 Sirenes
1856 3330 2034 3372 Acheloi
2059 3330 2178 3383 filiae,

1291 3393 1454 3446 sopitos
1473 3399 1606 3439 cantu
1623 3400 1777 3436 nautas
1794 3395 2072 3449 mergebant:
2099 3396 2188 3440 hu:
