2300 3906
309 189 418 243 822
845 205 940 244 CL.
981 200 1335 242 anunlAm
1381 200 1615 241 xxvni.

313 322 444 374 Hoc
471 323 611 376 civis
636 323 857 389 dignare
878 320 1071 381 forum,
1101 325 1510 388 conspectaque
1535 320 1745 372 dudum

315 405 433 458 Ora
450 407 612 470 refer,
639 420 900 474 pompam
922 403 1171 455 recolens
1195 409 1259 454 ut
1284 411 1457 458 mente
1482 407 1740 474 priorem,

313 489 492 555 Quem
519 493 703 542 tenero
726 489 902 556 patris
929 488 1186 539 comitem
1212 495 1536 555 susceperat
1561 507 1705 553 aev0‚

311 573 478 625 Nunc
504 573 642 624 duce
667 589 791 624 cum
814 587 1008 624 socero
1026 573 1285 641 juvenem
1312 577 1369 622 te
1394 571 1597 640 Tybris
1624 575 1838 627 adoret.

381 656 645 708 Orantem
668 656 851 707 medio
877 656 1145 723 Princeps
1172 671 1418 706 sermone
1440 656 1670 710 refovit:

311 739 614 807 Nunquam
645 740 859 806 aliquid
882 740 1083 791 frustra
1107 755 1205 807 per
1226 755 1315 790 me
1342 740 1587 792 voluisse
1611 742 1847 805 dolebiS‚

312 822 360 874 Ο
391 824 547 889 Dea;
591 838 694 875 nec
719 823 901 890 legum
923 823 1010 875 fas
1036 828 1121 875 est
1145 838 1431 875 occurrere
1459 814 1646 877 matri.

2023 575 2137 626 425

307 972 346 1007 et
369 969 435 1007 Pii
464 968 699 1018 Tranquilli,
717 971 755 1006 et
774 966 910 1008 Severi
928 968 1119 1008 bellicosi:
1148 974 1196 1009 tu
1226 970 1323 1008 civis
1347 968 1526 1008 ostende
1546 972 1584 1008 te
1602 968 1762 1019 dignum
1781 968 1851 1008 hoc
1877 973 1975 1008 coetu
1995 968 2138 1009 Caesa-

306 1034 416 1070 rum,
434 1026 474 1060 et
491 1023 646 1060 ostende
661 1033 804 1060 rursus
824 1023 973 1060 vultum
993 1028 1110 1061 tuum
1125 1024 1277 1073 pridem
1296 1023 1421 1061 visum
1436 1023 1574 1073 nobis,
1587 1025 1631 1061 ut
1654 1022 1793 1073 Tybris
1809 1035 1990 1061 revocans
2007 1022 2138 1062 animo

304 1079 532 1124 apparatum
558 1074 744 1125 primum,
771 1087 870 1114 nunc
890 1080 1094 1115 veneretur
1120 1076 1347 1124 tejuvenem
1375 1089 1461 1115 cum
1479 1088 1607 1114 socero
1624 1077 1782 1114 ductore
1803 1076 2065 1123 Stilichone3
2096 1080 2137 1114 le

303 1140 414 1178 quem
452 1131 568 1166 oetate
603 1128 744 1166 tenella
779 1129 954 1167 ediderat
989 1129 1168 1168 comitem
1199 1128 1390 1168 futurum
1428 1130 1615 1180 parentis.
1671 1129 1887 1180 Imperator
1918 1129 2135 1168 Honorius

303 1180 485 1221 demulsit
510 1180 553 1219 in
569 1181 736 1232 alloquio
753 1183 878 1220 medio
894 1182 1070 1222 Romam
1090 1184 1325 1234 loquentem.-
1355 1183 1391 1221 Ο
1413 1183 1538 1234 Diva,
1566 1194 1758 1234 nunquam
1778 1181 1951 1221 maerebis
1976 1194 2047 1233 per
2077 1193 2138 1222 me

1032 1284 1299 1300 OOOOOOOOOOO
1305 1285 1328 1299 ff

301 1374 381 1412 pro
401 1362 539 1402 Severi
559 1362 641 1402 inc.
663 1362 952 1402 Heium—422
981 1364 1069 1402 Hoc
1096 1363 1198 1402 civis
1223 1362 1364 1403 Oxon.
1399 1375 1463 1415 pr.
1491 1362 1613 1403 Leid.
1646 1374 1729 1403 sec.
1777 1363 1859 1402 Hic
1876 1363 1976 1401 Vat.
1998 1362 2136 1415 quint.

301 1416 432 1455 Farn.
481 1416 601 1455 Hunc
614 1416 815 1455 ...chorum
835 1429 914 1467 pro
935 1416 1204 1465 Hoc-...forum
1234 1418 1334 1456 Vat.
1366 1429 1431 1468 pr.
1465 1417 1580 1456 Pric.
1609 1416 1747 1456 Oisel.
1766 1417 1926 1456 Moret.
1946 1428 2010 1466 pr.
2033 1418 2136 1456 item

303 1469 439 1508 Gesn.
474 1470 572 1509 Nic.
606 1470 757 1508 Heins.
790 1475 835 1509 et
865 1469 934 1508 ed.
968 1470 1142 1520 Bipont.
1190 1469 1279 1508 Hoc
1308 1470 1501 1509 Florent.
1537 1475 1721 1519 quatuor
1742 1469 1859 1508 Med.
1881 1470 1963 1507 inc.
1986 1469 2135 1508 Heius.

302 1522 406 1562 Put.
428 1522 533 1572 Reg.
552 1524 716 1561 Thuan.
740 1527 828 1560 tres
857 1523 1008 1562 PetaV.
1034 1524 1194 1561 Mazar.
1224 1523 1390 1562 Bonon.
1420 1522 1520 1561 Pat.
1551 1522 1720 1559 Tholos.
1740 1526 1828 1559 tres
1850 1521 1997 1561 Ambr.
2015 1522 2136 1561 Voss.

302 1575 463 1614 Moret.
483 1587 568 1613 sec.
587 1576 689 1613 Var.
722 1576 807 1613 LL.
839 1587 862 1614 e
884 1587 1011 1624 marg.
1035 1576 1177 1613 Parm.
1223 1575 1331 1622 cujus
1363 1587 1439 1625 pro
1458 1575 1554 1612 civis
1572 1574 1673 1614 Jun.
1695 1586 1757 1623 pr.
1791 1586 1847 1612 m.
1878 1586 1962 1613 sec.
1997 1574 2138 1621 sorum

300 1634 345 1665 et
381 1627 653 1666 emendatum
682 1627 838 1666 chorum
870 1628 1107 1667 Low—423
1136 1625 1261 1675 refers
1290 1628 1392 1666 Vat.
1425 1639 1490 1677 pr.
1511 1628 1638 1666 Farn.
1674 1627 1789 1666 Pric.
1825 1627 1957 1666 Oisel.
1981 1628 2137 1667 Petav-

301 1684 405 1719 tert.
433 1679 604 1727 referens
622 1692 698 1730 pro
714 1681 885 1719 recolens
903 1680 1002 1720 Pat.
1046 1680 1118 1719 sub
1137 1683 1265 1719 mente
1284 1687 1468 1732 quatuor
1486 1682 1605 1719 Vatt.
1626 1680 1720 1720 Pal.
1755 1680 1891 1719 Oisel.
1940 1681 1983 1720 in
2011 1684 2138 1720 mente

299 1733 417 1773 Med.
435 1737 535 1772 tert.
560 1737 605 1771 ut
623 1737 750 1772 mente
769 1733 854 1772 duo
871 1733 1023 1774 Leidd.
1042 1734 1165 1772 Voss.
1186 1733 1327 1773 Oxon.
1348 1746 1414 1784 pr.
1437 1735 1591 1773 Petav.
1621 1745 1708 1772 sec.
1729 1734 1897 1773 Tholos.
1917 1733 2024 1773 Lov.
2045 1735 2139 1774 Mo·

299 1792 379 1826 ret.
400 1797 484 1825 sec.
504 1786 653 1824 Ambr.
674 1791 776 1825 tert.
796 1787 903 1825 Exc.
927 1786 1105 1826 Gevart.
1124 1793 1169 1826 et
1187 1787 1369 1826 Lucens.
1389 1799 1455 1838 pr.
1497 1788 1539 1826 in
1562 1787 1627 1826 vel
1647 1787 1716 1826 sub
1732 1792 1860 1826 mente
1877 1788 1992 1827 Prie.
2017 1789 2137 1828 Rott.

298 1840 339 1877 in
361 1844 404 1878 et
424 1839 696 1879 emendatum
718 1839 788 1878 sub
806 1841 904 1879 Vat.
927 1852 990 1891 pr.
1035 1841 1170 1879 Marte
1191 1852 1266 1891 ριό
1285 1844 1410 1880 mente
1432 1841 1550 1880 Prie.
1572 1853 1626 1879 m.
1648 1853 1712 1892 pr.
1756 1841 1933 1891 priorum
1949 1838 2137 1892 vat.·pr.

299 1892 403 1932 Put.
422 1890 574 1933 Ambr.
593 1906 659 1943 pr.
677 1893 849 1932 Tholos.
870 1894 1028 1933 Moret.
1047 1906 1112 1944 pr.
1133 1894 1217 1933 duo
1239 1894 1392 1933 Petav.
1438 1895 1609 1945 priorem
1637 1895 1705 1933 vel
1730 1895 1904 1947 priorum
1921 1895 2138 1934 Thoan.—

299 1949 379 1985 424
411 1947 510 1991 Quae
529 1947 648 1985 Med.
668 1952 809 1997 quart.
828 1947 933 1996 Reg.
954 1947 1119 1988 Mazar.
1163 1952 1317 1997 patrem
1338 1949 1442 1988 Jun.
1464 1960 1528 1998 pr.
1550 1948 1694 1998 onn.
1717 1960 1801 1988 sec.
1843 1947 2000 1987 comites
2020 1947 2138 1987 Med.

298 2003 574 2049 quarn—425
609 2000 727 2038 Hunc
744 2001 838 2038 duce
856 2012 957 2039 nunc
976 2001 1095 2039 Med.
1119 2006 1220 2039 ten-t.
1266 2002 1385 2040 Hunc
1404 2002 1522 2041 Prie.
1544 2001 1647 2041 Put.
1668 1999 1773 2042 Junss
1798 2014 1862 2052 pr.
1885 2001 2029 2041 Oxon.
2048 2013 2136 2040 sec.

299 2051 424 2091 Leid.
444 2064 508 2102 pr.
529 2054 695 2092 Bonon.
718 2052 863 2091 Ambr.
886 2059 985 2092 tert.
1001 2053 1085 2093 duo
1107 2055 1260 2098 Petav.
1311 2056 1427 2094 Nunc
1449 2055 1515 2094 vel
1536 2055 1654 2095 Hunc
1672 2056 1838 2095 Thuan.
1881 2054 1995 2094 Socio
2014 2054 2138 2095 Med.

299 2117 386 2145 sec.
413 2117 558 2154 genero
576 2108 643 2144 vel
661 2118 790 2144 socero
805 2107 966 2145 Thuan.
1007 2108 1185 2146 comitem
1207 2119 1281 2157 pro
1291 2107 1474 2154 juvenem
1499 2109 1598 2147 Lov.
1649 2108 1782 2158 Tigris
1799 2109 1965 2148 Bonon.
1988 2107 2138 2148 Ambr.

298 2171 364 2208 pr.
399 2159 542 2209 Tygris
559 2160 662 2198 Var.
692 2159 775 2198 LL.
796 2159 863 2198 ed.
882 2159 1012 2199 AntV.
1059 2162 1195 2198 adorat
1226 2160 1320 2199 Pal.
1351 2160 1471 2199 Med.
1492 2173 1556 2211 ρι’.
1578 2161 1684 2211 Reg.
1708 2161 1851 2201 Oxou.
1873 2173 1957 2201 sec.
1999 2164 2139 2202 adorat

298 2212 367 2250 vel
384 2213 517 2251 adoret
539 2211 659 2251 Med.
680 2215 918 2251 tem—426
945 2216 1075 2252 tenero
1095 2225 1172 2264 pro
1192 2213 1320 2252 medio
1340 2212 1491 2252 Ambr.
1522 2226 1585 2264 pr.
1619 2225 1674 2253 m.
1706 2226 1771 2264 pr.
1815 2214 1999 2265 princeps
2013 2216 2138 2254 medio

296 2264 446 2304 Ambr.
479 2268 698 2304 sec—42⁷
730 2266 822 2304 Non
846 2277 921 2316 pro
946 2267 1150 2316 Nunquam
1172 2267 1277 2307 Lov.
1302 2267 1462 2305 Mon-et.
1483 2279 1567 2306 sec.
1614 2267 1723 2306 aliud
1754 2265 1902 2307 Ambr.
1924 2273 2026 2308 tert.
2066 2281 2138 2320 per

296 2330 356 2357 me
364 2317 525 2365 frustra
544 2319 646 2357 Put.
667 2317 816 2358 Ambr.
837 2331 902 2369 ρι’.
932 2320 1099 2358 doluisse
1112 2321 1215 2358 Vat.
1239 2325 1338 2358 tert.
1361 2332 1416 2358 m.
1437 2333 1500 2371 pr.
1540 2320 1688 2359 dolebit
1709 2321 1828 2360 Med.
1849 2327 1990 2373 quart.
2032 2323 2139 2362 vide-

296 2370 354 2409 bis
385 2371 488 2411 Put.
519 2370 672 2410 Ambr.
707 2383 774 2423 pr.
819 2371 965 2411 volebis
997 2372 1151 2412 Petav.
1183 2375 1408 2412 sem—428
1436 2374 1654 2424 neglectum
1685 2386 1763 2426 pro
1794 2386 1863 2414 nec
1880 2377 2010 2426 legum
2027 2376 2135 2416 Exc.

2272 2236 2287 2275 ΛΥ,
2268 2099 2289 2219 :wa-‚n
2278 2035 2288 2087 μιν.
2276 2001 2289 2022 ἡ,
2287 1924 2289 1953 a*

1128 2494 1168 2533 N
1176 2493 1311 2534 OTAE

1246 2583 1319 2634 plo
1340 2582 1484 2622 dicato
1499 2582 1619 2634 'apud
1648 2581 1862 2622 Arcenam
1893 2581 2042 2622 urbem
2079 2581 2137 2622 A·

294 2578 411 2632 ribus
430 2579 635 2630 clemens,
663 2580 818 2621 nobilis
846 2582 985 2633 vultu,
1015 2587 1061 2622 et
1089 2583 1177 2634 pla-

1246 2646 1453 2685 lexandro
1490 2658 1645 2698 magno
1675 2651 1802 2685 natus
1823 2645 1904 2686 sit!
1960 2643 2023 2685 At
2048 2646 2059 2667 ‘
2080 2645 2135 2685 ob

293 2642 413 2681 cidus
432 2642 620 2694 ingenio,
654 2644 884 2695 singularis
902 2645 1178 2696 eloquentiae,

291 2705 441 2745 nitidae
468 2707 721 2757 literatura-5
751 2708 971 2759 praecipne
998 2709 1178 2759 sobrius,

291 2767 491 2819 diligens,
529 2769 621 2821 agri
655 2770 816 2826 cultor,
853 2770 984 2821 mitis,
1020 2771 1178 2824 largus,

291 2834 418 2873 alieni
439 2830 688 2888 abstinens‚'
709 2837 786 2877 διο.

344 2896 499 2948 Severi]
529 2897 773 2945 Alexander
789 2899 991 2950 Severus,
1004 2900 1071 2940 cui
1088 2913 1179 2941 cor-

291 2970 371 3010 pus
389 2960 402 2980 ‘
427 2966 603 3000 staturae
623 2962 838 3013 militaris,
854 2962 982 3003 robur
1000 2963 1178 3014 militis‚'

287 3026 383 3067 διο.
426 3024 559 3064 AElius
584 3026 865 3077 Lampridius.
921 3028 1020 3067 Non
1041 3029 1178 3068 solum

289 3087 360 3128 hic
379 3100 509 3136 arma,
526 3089 538 3109 ‘
557 3088 632 3127 sed
652 3089 784 3127 etiam
805 3090 965 3128 amavit
982 3090 1178 3130 literatos

289 3150 495 3199 homines,
528 3150 804 3190 vehementer
823 3151 952 3190 etiam
986 3151 1177 3192 reformi-

290 3213 411 3259 dans,
432 3225 486 3252 ne
507 3212 607 3264 quid
629 3212 683 3251 de
715 3225 759 3251 se
788 3225 985 3264 asperum
1017 3215 1184 3270 scribe--

291 3274 417 3315 rent!
473 3275 641 3326 Virgilii
661 3282 704 3314 et
730 3275 949 3315 Ciceronis
970 3278 1173 3330 imagines

288 3350 384 3378 cum
406 3338 585 3378 Achillis
600 3339 783 3390 imagine
797 3340 1054 3380 collocabat.
1085 3343 1097 3364 ‘
1113 3342 1173 3383 Α-

285 3402 483 3443 lexandri
499 3414 652 3442 nomen
671 3402 858 3455 accepit,
875 3405 989 3457 quod
1008 3405 1052 3446 in
1067 3412 1172 3447 tem-

1245 2708 1464 2759 ingentem
1487 2709 1678 2760 vigorem
1698 2709 1884 2748 animiet
1898 2708 2135 2748 mirandam

1246 2772 1594 2824 singularemque
1605 2772 1888 2811 constantiam
1901 2778 2052 2812 contra
2061 2771 2135 2810 mi-

1246 2824 1368 2873 litum
1388 2834 1671 2885 insolentiam,
1688 2835 2004 2875 Severinomen
2018 2846 2042 2873 a
2058 2833 2133 2873 mi·

1246 2897 1392 2937 litibus
1428 2898 1568 2937 eidem
1612 2898 1797 2938 inditum
1824 2895 1937 2936 est!
2008 2895 2132 2935 Idem

1247 2961 1530 3012 Lampridius.
1602 2989 1609 2995 -

1297 3027 1378 3064 422
1409 3025 1499 3063 Hoc
1528 3018 1626 3063 civis*
1656 3025 1821 3073 dignare
1845 3021 2000 3073 forum]
2046 3021 2132 3063 Alii

1245 3088 1410 3139 legunt,
1447 3087 1566 3126 Hunc
1580 3087 1677 3125 civis
1695 3086 1859 3135 dignare
1877 3085 2057 3125 chorum.-
2085 3086 2130 3126 id

1244 3155 1325 3197 est,
1354 3150 1416 3188 Tu
1437 3148 1560 3198 civis,
1592 3161 1617 3188 o
1638 3148 1822 3203 Honori,
1844 3148 2020 3199 dignare
2040 3149 2132 3188 imi·

1244 3212 1327 3252 tari
1357 3211 1469 3251 hunc
1490 3211 1662 3251 chorum
1692 3224 1768 3251 seu
1798 3218 1956 3251 coetum
1993 3212 2132 3253 Caesa·

1243 3288 1350 3315 rum.

1293 3342 1372 3379 428
1410 3339 1561 3387 Legum
1592 3337 1732 3388 matri]
1779 3339 1926 3378 Romae
1947 3354 1957 3389 3
1982 3339 2130 3392 sicq-ue

1240 3402 1635 3455 Constantinopolis
1649 3402 1843 3454 arguitur
1853 3402 2129 3443 velutnover-
