2300 3906
359 214 467 267 916

362 343 434 397 Et
459 345 659 406 Delon,
686 340 1007 404 Clariosque
1031 336 1177 387 lares
1199 351 1212 386 :
1255 334 1381 386 hinc
1408 333 1609 386 aemula
1637 331 1673 384 J
1678 347 1806 395 un0,

363 427 519 480 Hinc
544 426 730 494 poscit
755 423 972 473 Latona
997 434 1211 471 nurum.
1288 418 1566 485 Despexit
1589 421 1877 483 utramque

363 512 539 564 Flava
566 509 737 561 Ceres
759 523 773 571 3
811 510 1113 573 raptusque
1140 503 1338 555 timens
1364 500 1499 571 (heu
1527 518 1681 554 caeca
1697 500 1863 553 futuri
1883 497 1925 567 !)

361 593 722 648 Commendat
746 590 948 642 Siculis
973 588 1156 641 furtim
1182 603 1284 640 sua
1303 586 1508 654 gaudia
1528 586 1704 649 terriS,

878 225 973 263 CL·
1013 216 1370 260 CLAUDIANI
1414 214 1660 255 XXXIII.

360 763 473 811 parte
500 758 606 797 Juno
639 758 837 807 zelotypa;
878 767 929 794 ex
958 754 1026 793 illa
1060 754 1215 793 Latona
1241 744 1345 804 petit
1376 751 1453 790 sibi
1483 762 1637 790 nurum.
1694 750 1811 790 Ceres
1847 749 1962 800 flava
1999 748 2203 789 contemsit

364 813 513 863 ambas,
532 816 570 851 et
590 811 731 850 timens
751 822 796 848 ne
816 807 905 847 filia
923 812 1144 859 raperetur,
1175 807 1278 859 (hen
1310 805 1437 845 nescia
1457 804 1594 853 futuri
1613 803 1712 843 mali
1725 803 1756 856 ἔ)
1789 804 1888 843 clam
1916 803 2085 842 occultat
2114 813 2204 842 suas

1136 939 1431 955 eeeeeeeeeeee

363 1034 447 1076 duo
468 1034 620 1076 Petav.
640 1036 746 1077 Exc.
764 1035 919 1076 PetaV.
940 1039 1080 1088 quart.
1103 1035 1173 1075 ed.
1190 1034 1472 1074 Vicet.-—136
1492 1032 1655 1083 Paphon
1674 1043 1750 1083 pro
1769 1031 1899 1070 Delon
1919 1030 2026 1069 Exc.
2048 1028 2206 1068 Petav.

361 1095 504 1141 quart.
532 1090 630 1129 hanc
647 1090 787 1128 oemula
806 1091 906 1131 Vat.
927 1091 1201 1141 quint.-137
1231 1087 1351 1127 Hanc
1375 1086 1500 1138 poscit
1531 1087 1631 1125 Vat.
1651 1086 1786 1136 quint.
1815 1084 1946 1123 virum
1965 1095 2043 1134 pro
2063 1093 2204 1121 nurum

363 1143 518 1183 Petav.
549 1156 633 1183 sec.
681 1147 886 1195 utramque
918 1144 1071 1183 Petav.
1102 1155 1169 1194 pr.
1213 1146 1418 1192 utrumque
1447 1145 1631 1192 quatuor
1658 1140 1781 1178 Vatt.
1820 1142 1866 1177 et
1894 1137 1936 1177 d.
1967 1136 2063 1175 Pal.
2098 1134 2207 1177 Cod.

362 1198 603 1236 Bartholin.
632 1202 834 1247 utrumque
855 1198 921 1235 vel
942 1201 1143 1247 utramque
1160 1197 1262 1235 Vat.
1286 1206 1374 1234 sec.
1407 1195 1531 1233 Voss.
1559 1195 1780 1232 sem—138
1807 1194 2021 1241 raptusque
2041 1188 2210 1227 charta-

363 1263 463 1290 ceus
485 1251 637 1290 Heius.
679 1255 906 1301 raptumque
934 1251 1056 1289 Voss.
1093 1262 1157 1300 pr.
1197 1253 1332 1289 tenens
1366 1259 1445 1299 pro
1479 1247 1621 1285 timens
1649 1246 1751 1284 Vat.
1774 1256 1837 1295 pr.
1876 1245 2016 1293 ignara
2037 1241 2206 1303 profien

363 1316 464 1343 coeca
482 1304 584 1344 Vat.
603 1304 739 1356 quint.
759 1316 806 1342 en
837 1317 941 1343 caeca
974 1304 1123 1343 Petav.
1158 1305 1383 1342 sem—139
1412 1301 1663 1339 Commendat
1686 1300 1847 1337 Moret.
1870 1308 1934 1348 pr.
1982 1297 2208 1335 committit

363 1358 537 1397 Tholos.
563 1358 731 1408 pignora
750 1369 896 1396 omnes
928 1358 1049 1396 Vatt.
1079 1356 1187 1395 Cod.
1222 1354 1459 1394 Bartliolin.
1501 1352 1653 1400 gaudia
1684 1352 1839 1391 Petav.
1861 1363 1925 1400 pr.
1948 1348 2070 1388 deest
2100 1359 2206 1387 vero
2283 1390 2286 1394 ,

363 1411 431 1450 hic
453 1423 599 1449 versus
621 1411 662 1449 in
680 1410 797 1449 Med.
818 1422 882 1461 pr.
916 1415 961 1449 et
995 1411 1142 1449 Heius.
1164 1408 1221 1448 H.
1252 1409 1417 1447 Bonon.
1438 1407 1564 1445 Voss.
1595 1416 1659 1456 pr.
1681 1405 1757 1443 sed
1778 1405 1819 1442 in
1836 1403 2005 1442 Tholos.
2024 1400 2207 1452 margini

366 1464 594 1514 ascriptus.
653 1463 703 1502 In
724 1465 824 1503 Vat.
845 1475 909 1514 pr.
939 1468 1080 1514 quart.
1102 1468 1148 1501 et
1168 1462 1306 1512 quint.
1325 1466 1370 1499 et
1399 1459 1506 1499 Cod.
1540 1458 1777 1497 Bartholin.
1796 1458 2040 1495 inseruntur
2059 1455 2099 1493 hi
2120 1454 2206 1493 duo

363 1528 529 1566 versus,
549 1520 560 1539 ‘
583 1515 731 1554 Infidis
745 1522 890 1555 natam
910 1516 1073 1554 laribus
1088 1513 1299 1553 commisit
1315 1512 1529 1558 alendam,
1550 1510 1727 1549 AEthera
1746 1508 1940 1548 deseruit
1953 1508 2207 1560 Siculasque

366 1570 519 1619 relegit
541 1570 581 1608 in
601 1568 724 1607 oras!
756 1568 827 1619 qui
847 1568 977 1606 etiam
998 1568 1041 1606 in
1061 1567 1128 1606 ed.
1149 1566 1282 1605 Gesn.
1316 1571 1360 1604 et
1391 1565 1461 1603 ed.
1495 1564 1674 1614 Bipont.
1701 1562 1971 1611 exhibentur,
1989 1560 2064 1599 sed
2085 1560 2213 1601 uncis

366 1622 533 1661 inclusi.
590 1621 639 1660 In
655 1622 846 1660 Flore-nt.
867 1622 991 1659 Voss.
1011 1631 1095 1659 sec.
1117 1625 1163 1658 et
1185 1619 1302 1657 Med.
1323 1623 1466 1670 quart.
1516 1616 1657 1669 Infidis
1673 1621 1822 1666 natam,
1841 1616 1909 1665 &a
1939 1613 2208 1666 praecedenti

365 1674 649 1725 pra—ponitur.
692 1674 743 1712 In
762 1674 859 1712 vat.
891 1674 1025 1723 quint.
1046 1679 1140 1712 erat
1160 1672 1376 1723 Siculisque
1392 1685 1425 1712 r.
1445 1671 1487 1710 in
1519 1671 1599 1709 oris
1632 1676 1677 1709 et
1708 1668 1932 1718 committit,
1953 1667 2067 1719 quod
2101 1667 2207 1708 Cod.

363 1727 607 1767 Bartholini
640 1727 771 1766 etiam
809 1727 956 1766 habet.
1002 1727 1173 1766 AEtnoeis
1206 1737 1284 1777 pro
1322 1724 1464 1778 Infidis
1495 1723 1660 1764 ‘rholos.
1695 1736 1753 1762 m.
1788 1735 1853 1774 pr.
1895 1721 2043 1761 laribus
2073 1725 2207 1761 natam

362 1782 537 1821 'I'liolos.
555 1782 653 1820 Vat.
675 1781 811 1820 Livin.
832 1781 991 1820 Moret.
1012 1792 1078 1831 pr.
1098 1780 1197 1821 Jun.
1218 1791 1304 1818 sec.
1327 1787 1370 1818 et
1393 1791 1461 1830 pr.
1485 1778 1588 1818 Pnt.
1610 1778 1716 1828 Reg.
1744 1775 1895 1815 dimisit
1916 1787 1995 1827 pro
2014 1774 2209 1814 commisit

363 1834 467 1875 Jun.
485 1847 570 1874 sec.
592 1835 662 1886 qui
681 1835 750 1873 hic
770 1835 989 1873 interserit
1010 1846 1099 1886 seq.
1123 1845 1304 1881 versum,
1331 1835 1343 1854 ⁶
1365 1831 1587 1872 Commisit
1605 1831 1759 1871 Siculis
1779 1828 1928 1870 furtim
1958 1841 2033 1868 sua
2053 1827 2209 1879 gaudia

368 1888 524 1927 terris!
555 1889 733 1927 alendam
750 1888 941 1927 Florent.
962 1887 1079 1927 Med.
1099 1899 1183 1927 sec.
1211 1887 1359 1926 ituram
1377 1886 1568 1925 Florem.
1587 1897 1641 1924 m.
1658 1897 1744 1924 sec.
1766 1883 1851 1923 inc.
1871 1883 2020 1923 Heins.
2037 1881 2207 1922 Tliolos.

365 1942 512 1981 ituram
531 1943 600 1981 vel
620 1943 798 1981 alendam
816 1943 943 1981 Voss.
963 1954 1049 1982 sec.
1068 1941 1095 1982 J
1101 1954 1169 1981 un.
1186 1953 1249 1992 pr.
1264 1940 1306 1980 in
1321 1940 1424 1980 Put.
1441 1952 1495 1979 m.
1514 1950 1599 1980 rec.
1616 1938 1830 1990 ascriptus
1849 1941 1944 1976 erat
1961 1935 2029 1984 hic
2044 1946 2207 1976 versus.

1202 2048 1376 2088 NOTAE

364 2142 551 2183 Thracia
583 2142 719 2181 Marti
754 2154 894 2192 sacra,
929 2141 985 2181 ob
1025 2141 1253 2182 barbaram
1324 2142 1486 2181 tarcho.
1544 2141 1629 2195 Sed
1643 2141 1775 2180 Lares
1794 2138 1865 2179 hic
1883 2140 2109 2178 sumuntur
2128 2148 2207 2188 pro

363 2205 676 2246 immanitatem
699 2206 906 2256 gentium.

418 2270 607 2320 Amyclas
625 2273 663 2307 et
684 2270 833 2321 Delon]
879 2268 1071 2319 Amyclae
1093 2273 1192 2307 sunt
1211 2268 1252 2306 in

366 2332 682 2383 Peloponneso,
704 2331 801 2370 urbs
836 2331 1026 2381 Apollini
1051 2342 1184 2381 sacra,
1201 2330 1255 2368 si-

365 2399 440 2434 cut
463 2401 512 2433 et
534 2394 669 2432 Delos
690 2406 772 2432 una
791 2406 843 2432 ex
860 2393 1121 2444 Cycladibus
1140 2393 1252 2432 insu-

363 2459 416 2498 lis
436 2458 479 2496 in
507 2458 611 2496 mari
639 2457 803 2508 AEgaeo,
821 2457 1001 2496 Latonae
1022 2455 1253 2508 puerperio

363 2520 553 2571 insignis,
591 2518 696 2558 alias
726 2518 910 2571 Ortygia
943 2518 1077 2568 dicta,
1118 2523 1164 2558 et
1195 2517 1250 2557 ab

365 2581 568 2634 Apolline
589 2581 709 2622 facta
727 2582 971 2622 immobilis.
1028 2583 1158 2622 Delon
1186 2587 1251 2622 est

366 2646 611 2687 terminatio
650 2647 825 2696 Graeca,
864 2659 991 2698 quam
1024 2646 1252 2698 aliquando

366 2709 513 2748 Latini
533 2708 738 2749 retinent.
796 2709 1022 2761 Horatius,
1057 2710 1069 2730 ‘
1088 2710 1253 2750 Lauda-

365 2771 474 2811 bant
505 2771 578 2811 alii
609 2772 769 2812 claram
805 2771 988 2812 Rhodon
1017 2777 1091 2812 aut
1119 2772 1251 2824 Mity-

366 2835 521 2875 lenen!
752 2843 755 2845 ’

422 2902 500 2937 136
532 2899 760 2951 Clariosque
793 2899 914 2950 lares]
971 2899 1139 2951 Claros,
1177 2911 1252 2938 seu

367 2959 572 3009 Clarium,
608 2968 673 3000 est
708 2962 808 3002 urbs
848 2962 1002 3012 Ioniae,
1038 2961 1252 3013 Apollinis

367 3024 544 3062 oraculo
566 3024 735 3064 nobilis.
793 3025 924 3064 Lares
950 3030 1048 3064 sunt
1077 3025 1152 3065 Dii
1185 3036 1252 3063 ur-

366 3084 483 3124 bium
521 3085 745 3136 praesides,
785 3087 1028 3138 aediumque
1066 3087 1254 3138 privata-

367 3158 462 3186 rum
488 3147 715 3195 custodes;
759 3159 865 3199 quos
899 3147 1071 3187 indutos
1101 3161 1255 3188 canum

367 3209 552 3262 pellibus
581 3208 843 3261 effingebant
862 3210 1039 3262 antiqui,
1059 3211 1251 3250 adhibito

371 3272 426 3313 ad
465 3272 598 3324 pedes
631 3273 825 3324 ejusdem
863 3274 1030 3324 generis
1065 3273 1251 3323 animali,

365 3338 485 3391 ⁴quod
505 3337 674 3378 scilicet
691 3338 775 3390 ipsi
800 3339 931 3378 Lares
959 3351 1037 3391 pro
1056 3339 1252 3380 domibus

368 3400 652 3455 excubarent,
683 3402 820 3444 instar
836 3390 1028 3454 ‘canum‚
1059 3414 1113 3442 ex
1151 3401 1253 3442 Plu-

1322 2204 1418 2255 ipsa
1439 2203 1562 2255 urbe,
1594 2216 1644 2243 ac
1674 2201 1857 2255 proinde
1890 2199 2044 2240 czar-tos
2072 2200 2210 2252 Lares,

1324 2269 1368 2308 id
1387 2274 1470 2317 est,
1489 2267 1636 2306 urbem
1657 2266 1855 2307 Clariam.

1375 2329 1554 2379 AEmula]
1575 2328 1765 2367 AEmulus
1782 2332 1849 2368 est
1866 2327 2057 2381 ejusdem
2078 2327 2209 2368 studii

1321 2398 1525 2442 sectator,
1544 2404 1639 2432 cum
1661 2398 1760 2432 voto
1779 2390 2024 2443 superandi.

1374 2456 1500 2506 Juno]
1556 2456 1583 2498 J
1590 2468 1671 2495 uno
1718 2460 1856 2494 mater
1895 2462 1990 2494 erat
2031 2454 2206 2506 Martis,

1322 2532 1448 2572 quern
1467 2519 1560 2558 sine
1591 2519 1680 2558 viro
1697 2523 1960 2570 conceperat
1979 2518 2022 2557 in
2042 2517 2207 2569 campis

1321 2584 1499 2635 Oleniis,
1519 2588 1638 2623 tacto
1670 2581 1792 2633 flore,
1810 2595 1935 2635 quem
1968 2581 2096 2622 Flora
2126 2582 2208 2622 Ze·
2238 2589 2243 2594 ’

1320 2647 1445 2699 phyri
1463 2646 1622 2697 conjux
1642 2646 1922 2686 indicaverat.

1375 2714 1453 2750 137
1499 2709 1671 2760 Latona]
1726 2711 1794 2749 Ex
1843 2709 1955 2750 Jove
2005 2708 2206 2762 concepit

1319 2773 1567 2825 Apollinem
1585 2777 1629 2812 et
1648 2773 1846 2812 Dianam.

1376 2836 1573 2888 Despexit
1592 2836 1816 2887 utramque]
1846 2837 1976 2877 Ceres
1992 2846 2074 2876 non
2088 2839 2206 2875 amat

1320 2900 1545 2950 Phoebum,
1575 2912 1649 2939 seu
1690 2899 1840 2939 nimios
1877 2899 2039 2939 calores
2057 2910 2069 2946 ;
2117 2902 2204 2936 non

1320 2963 1509 3003 Martem
1531 2974 1605 3002 seu
1625 2962 1764 3011 bella3
1806 2960 1883 3001 sed
1915 2971 2082 3011 pacem,
2107 2971 2202 3011 quae

1322 3025 1449 3065 etiam
1470 3037 1564 3064 cum
1587 3025 1706 3076 spica
1733 3023 2004 3075 pingebatur.
2059 3022 2204 3063 'ribul-

1320 3089 1385 3128 lus
1401 3101 1412 3126 :
1443 3089 1455 3110 ‘
1477 3087 1651 3126 Interea
1665 3098 1750 3138 pax
1766 3086 1878 3125 alma
1893 3086 2006 3138 veni,
2020 3086 2204 3138 spicam.-

1322 3162 1405 3202 que
1427 3148 1607 3188 teneto.’

1374 3215 1452 3252 138
1482 3213 1597 3251 Caeca
1621 3210 1775 3261 futuri]
1825 3212 1935 3251 Nam
1968 3211 2124 3254 incidit
2159 3211 2202 3252 in

1319 3275 1609 3315 calamitatem
1631 3286 1757 3326 quam
1775 3273 1987 3326 fugiebat.
2199 3295 2207 3300 -

1327 3369 1329 3371 .
1373 3341 1452 3377 139
1479 3336 1562 3377 Sua
1576 3339 1743 3390 gandia]
1784 3339 2066 3380 Commendat
2098 3338 2202 3380 Sici-

1318 3402 1386 3443 liae
1403 3414 1474 3442 sua
1488 3403 1652 3456 gaudio,
1667 3402 1746 3444 hoc
1760 3409 1841 3452 est,
1857 3403 1987 3444 filiam
2007 3414 2141 3457 suam,
2156 3400 2200 3449 ia
