2300 3906
601 220 842 261 RAPTUS
886 222 1179 263 PROSERP.
1222 223 1408 265 LIB.1.

1815 215 1922 269 915

87 333 381 398 MatribuS,
408 341 465 387 et
487 337 698 387 numeri
725 337 979 391 damnum
1004 339 1343 408 Proserpina
1367 346 1587 410 pensat.

90 419 256 470 Hanc
282 420 448 481 fovet,
472 419 613 471 hanc
641 422 915 487 sequitur:
951 424 1173 476 vitulam
1192 442 1302 477 non
1330 427 1584 479 blandius
1613 428 1800 481 ambit·

87 502 273 554 Torva
298 517 494 568 parens
509 517 532 566 3(
563 504 797 569 pedibus
823 522 947 573 quae
972 508 1210 559 nondum
1233 512 1460 577 proterit
1486 523 1640 576 arva,

89 584 213 637 Nec
234 600 381 635 nova
401 585 603 639 lunatae
632 590 882 640 curvavit
899 590 1141 657 germina
1163 591 1378 644 frontis·

87 667 125 720 J
130 683 218 719 am
242 669 429 719 vicina
453 674 573 720 toro
599 671 776 737 plenis
804 673 1116 725 adoleverat
1140 675 1299 726 annis

1813 682 1918 735 1:30

87 750 428 818 Virginita83
467 756 709 805 tenerum
728 755 844 822 jam
869 757 1125 823 pronuba
1150 755 1373 811 flamma
1399 759 1667 827 pudorem

91 835 380 887 Solicitat:
420 837 702 905 mixtaque
731 840 909 891 tremit
936 840 1224 892 formidine
1248 847 1456 895 votum.

90 918 356 971 Personat
380 920 506 971 aula
531 923 738 987 prociS.
823 924 1033 977 Pariter
1058 941 1159 992 pro
1189 927 1395 993 virgine
1419 934 1627 982 certant

90 1002 246 1055 Mars
274 1003 474 1070 clypeo
499 1006 706 1068 melior,
735 1007 986 1060 Phoebus
1012 1011 1356 1076 praestantior
1379 1028 1526 1066 arcu.
1591 1010 1595 1013 “

88 1085 246 1139 Mars
273 1087 441 1139 donat
466 1087 800 1158 Rhodopen,
827 1093 1073 1145 Phoebus
1097 1095 1322 1162 largitur
1342 1095 1624 1166 AmyclaS,

1815 1099 1950 1154 1351

81 1275 319 1326 Proserpina
333 1282 490 1328 reparat
497 1278 691 1326 jacturam
705 1282 982 1324 multitudinis.
1027 1285 1145 1324 Hanc
1164 1286 1422 1336 amplectitur,
1439 1286 1537 1326 hane
1554 1287 1728 1337 sequitur
1741 1300 1754 1326 .·
1783 1299 1914 1329 vacca

82 1333 209 1369 mater
225 1333 337 1369 torva
356 1343 429 1370 non
451 1331 651 1371 blanditur
667 1336 862 1374 amantius
879 1337 1030 1385 vituloe,
1049 1351 1135 1388 quoe
1161 1341 1329 1377 nondum
1343 1339 1497 1388 spargit
1520 1339 1680 1389 pedibus
1697 1343 1858 1388 terram,
1876 1343 1916 1378 et
1936 1370 1938 1373 v

82 1393 178 1434 quae
197 1383 570 1425 nondumcmavit
578 1385 732 1434 frontis
745 1401 889 1428 cornua
907 1391 1100 1429 nascentia
1116 1391 1159 1428 in
1175 1392 1361 1439 speciem
1378 1392 1514 1430 Lunae.
1542 1393 1637 1430 Jam
1650 1392 1761 1441 virgo
1777 1392 1918 1431 nubilis

77 1435 194 1486 plena
217 1439 347 1498 ,wme
378 1443 566 1500 creverat,
592 1440 680 1488 jam
713 1453 823 1480 amor
853 1444 1076 1493 nuptiarum
1110 1444 1251 1482 titillat
1279 1444 1464 1495 pudicam
1483 1447 1727 1494 teneramque
1747 1450 1916 1495 pectus,

81 1491 121 1549 et
141 1490 379 1544 desider-mm
407 1493 667 1531 matrimonii
695 1494 866 1533 mixtum
894 1496 1034 1535 timore
1065 1497 1251 1546 trepidat.
1308 1496 1414 1535 Aula
1431 1497 1599 1536 Cereris
1618 1501 1770 1536 resonat
1791 1510 1922 1536 aman-

81 1541 211 1583 tzlncs:
250 1542 365 1581 Mars
388 1545 643 1594 proestantior
670 1551 794 1596 scuto,
828 1547 967 1598 Apollo
995 1549 1248 1599 proestantior
1265 1549 1444 1598 sagittis,
1472 1554 1650 1598 pugnant
1671 1551 1824 1600 pariter
1845 1562 1919 1600 pro
1945 1579 1949 1582 .

77 1595 208 1646 puella
221 1610 233 1634 :
254 1596 367 1635 Mars
384 1598 454 1636 dat
478 1597 702 1651 Rhodopen,
722 1599 858 1651 Apollo
876 1602 947 1640 dat
965 1602 1164 1654 Amyclas,
1183 1605 1221 1641 et
1240 1602 1397 1653 Delum,
1415 1606 1453 1640 et
1470 1604 1600 1641 domos
1621 1603 1758 1642 Clari:
1779 1615 1830 1642 ex
1847 1604 1918 1642 hac
1948 1629 1950 1631 -

859 1704 1153 1720 OOOOOOOOOOOO

85 1769 278 1809 ltaeserunt
297 1771 421 1811 Voss.
443 1783 529 1811 sec.
572 1777 769 1812 cessarunt
802 1773 1063 1825 conjiciebat
1088 1773 1370 1813 Heins.-l26
1399 1774 1580 1812 damnum
1599 1772 1747 1812 numeri
1766 1772 1921 1814 Petav.

88 1827 188 1863 tert.
210 1825 314 1864 Exc.
336 1825 490 1864 PetaV.
511 1832 651 1877 quart.
680 1839 880 1866 numerum
897 1827 1031 1866 damni
1062 1827 1226 1866 Bonon.
1268 1830 1399 1877 penset
1420 1826 1562 1866 Oxou.
1595 1829 1788 1875 piu—127
1818 1828 1922 1865 vitu·

85 1875 166 1915 lum
198 1878 299 1917 Vat.
330 1890 392 1928 pr.
427 1878 582 1917 Petav.
616 1892 701 1919 sec.
737 1881 859 1919 Voss.
894 1892 959 1930 pr.
990 1881 1090 1919 Vat.
1124 1880 1261 1919 Livin.
1307 1892 1382 1919 non
1412 1879 1570 1928 segnius
1600 1879 1683 1919 inc.
1718 1879 1920 1917 Heius.—

88 1932 167 1969 128
196 1930 312 1970 Saeva
343 1943 485 1981 parens
515 1933 668 1971 Petav.
699 1938 798 1973 tert.
841 1933 908 1984 qui
937 1934 1090 1972 PetaV.
1122 1945 1208 1972 sec.
1247 1933 1343 1971 Vat.
1375 1933 1513 1971 Livin.
1554 1933 1713 1970 necdum
1741 1931 1920 1980 prseterit

87 1982 195 2034 Reg.
223 1996 299 2022 non
324 1986 555 2035 protriverit
591 1987 776 2025 Florent.
816 1986 984 2037 proterit
1017 1986 1156 2025 herbas
1185 1987 1305 2024 Voss.
1338 1988 1538 2035 pr.—l29
1567 1984 1740 2022 curvavit
1774 1985 1918 2023 lunatae

87 2034 190 2075 Vat.
211 2041 347 2088 quart.
366 2038 471 2076 Cod.
492 2039 727 2078 Bartholin.
770 2039 949 2088 germina
968 2039 1067 2078 Put.
1105 2039 1287 2087 gramina
1308 2039 1470 2076 Bonon.
1516 2050 1655 2075 cornua
1673 2038 1773 2075 Vat.
1795 2049 1858 2086 pr.
1878 2041 1923 2075 et

89 2088 224 2140 quint.
245 2089 350 2128 item
371 2089 413 2128 d.
443 2091 566 2130 Voss.
602 2104 667 2141 pr.
698 2093 868 2131 Tholom
891 2105 942 2133 m.
975 2104 1059 2130 sec.
1095 2091 1178 2129 duo
1207 2091 1309 2131 Jun.
1342 2091 1442 2128 Vat.
1478 2090 1612 2128 Livin.
1651 2089 1830 2138 germina
1851 2089 1919 2126 vel

86 2153 230 2181 cornua
248 2143 367 2182 Voss.
389 2147 609 2183 sem—132
636 2145 781 2195 premit
814 2146 912 2184 Vat.
946 2157 1010 2194 pr.
1043 2146 1148 2194 Reg.
1183 2143 1325 2191 fremit
1360 2141 1479 2181 Med.
1514 2148 1654 2193 quart.
1676 2141 1774 2180 Pu«.
1815 2143 1942 2180 terat.

86 2206 167 2249 pro
185 2196 321 2236 tremit
337 2197 634 2237 nouom—135
665 2198 878 2250 Rhodopen
896 2199 995 2237 Vat.
1025 2198 1160 2249 quint.
1181 2196 1289 2236 Cod.
1311 2195 1546 2235 Bartholin.
1577 2195 1800 2245 Rhodopem
1820 2194 1923 2235 Put.

923 2303 1097 2343 NOTAE

145 2399 226 2436 126
260 2396 424 2435 Numeri
457 2394 658 2445 damnum]
720 2395 973 2435 Numerosae

89 2459 222 2512 prolis
230 2459 445 2510 jacturam
467 2471 477 2497 ε
508 2471 604 2497 nam
625 2464 828 2510 quantum
843 2459 976 2498 Ceres

90 2532 316 2562 numerosa
336 2523 454 2573 prole
470 2522 560 2560 aliis
578 2521 777 2568 cedebat,
800 2523 977 2560 Proser-

90 2584 203 2637 pinae
237 2585 446 2636 praeclara
483 2584 624 2623 indole
659 2590 827 2624 tantum
861 2590 978 2623 ante-

93 2648 291 2688 cellebat.

147 2714 226 2752 127
258 2711 398 2761 Fovet]
444 2710 586 2749 Instar
617 2710 775 2758 avium,
809 2720 904 2761 quae
932 2713 976 2747 et

93 2783 175 2813 ova
204 2778 250 2812 et
287 2774 422 2823 pullos
453 2771 626 2812 fovent:
672 2773 739 2811 vel
770 2769 904 2820 fovet,
934 2770 976 2808 id

92 2840 174 2886 ent,
193 2836 333 2874 nutrit
359 2847 409 2874 ac
425 2836 648 2886 provehit:
694 2834 886 2872 fovemus
905 2845 976 2872 au-

95 2903 183 2938 tem
202 2909 254 2937 ea
274 2910 369 2949 quae
391 2911 511 2937 suum
531 2899 660 2937 robur
680 2910 760 2935 non
781 2896 956 2935 habent.

153 2960 347 3010 vitulam]
389 2961 501 3000 Satis
530 2961 675 2999 similis
697 2959 978 3011 comparatio,

90 3025 170 3066 sed
190 3038 272 3065 non
294 3027 384 3065 sine
405 3026 600 3077 exemplo
619 3025 778 3064 Ovidii.

151 3093 228 3130 131
263 3091 472 3143 Pudorem]
515 3091 717 3130 Solicitat
754 3094 800 3129 et
836 3093 978 3128 tentat

28 3166 34 3207 ᾗ
96 3152 303 3204 pudorem
325 3155 476 3205 puella³
498 3159 675 3193 tenen-w.

8 3204 17 3270 ᾗ
30 3227 33 3244 ι

2 3279 35 3324 1³1

11 3325 16 3338 ,

116 3214 118 3216 ’
150 3219 227 3256 132
259 3218 467 3268 Mixtaque
484 3217 638 3267 tremit]
677 3217 787 3255 Nam
823 3216 976 3267 puellae

96 3282 142 3319 et
162 3279 314 3318 timent
331 3288 375 3319 et
398 3280 577 3331 cupiunt
597 3281 747 3318 virum.

33 3340 36 3353 ⁴
102 3358 106 3360 *
147 3344 229 3382 1133
259 3342 451 3381 Personat
479 3343 568 3381 aula
595 3342 740 3393 procis]
769 3328 977 3392 Optime3

2 3401 37 3442 a&

13 3558 20 3591 '›
39 3564 40 3568 ,

96 3416 194 3446 nan
213 3406 335 3459 proci
363 3405 444 3446 toti
474 3411 573 3446 sunt
590 3407 649 3446 -in
676 3405 873 3446 cantibus
905 3407 980 3445 aut

1045 2395 1245 2443 tumultu,
1263 2398 1310 2433 ut
1340 2392 1502 2444 optime
1532 2392 1760 2432 Homerus.
1814 2391 1921 2431 Pro-

1045 2469 1119 2496 cus
1135 2457 1294 2496 dicitur
1314 2468 1338 2494 a
1358 2461 1505 2494 vetere
1526 2454 1655 2493 verbo
1679 2465 1853 2504 procare,
1873 2451 1918 2492 id

1046 2527 1126 2571 est,
1143 2531 1334 2571 poscere.

1099 2583 1222 2634 Aula]
1267 2584 1343 2621 Est
1376 2581 1513 2632 prima
1547 2592 1640 2631 pars
1678 2579 1847 2628 aedium,
1881 2578 1923 2617 in

1045 2660 1129 2700 qua
1144 2647 1296 2698 saepius
1314 2644 1638 2684 diversabantur
1655 2642 1785 2693 proci.
1815 2642 1928 2682 Pro--

1046 2723 1189 2750 corum
1209 2710 1348 2760 copia,
1363 2708 1495 2758 gloria
1517 2706 1762 2758 puellarum.

1099 2775 1176 2812 134
1206 2769 1486 2819 Praestantior]
1543 2769 1599 2807 Et
1635 2767 1732 2805 ideo
1770 2765 1924 2816 Apollo

1046 2834 1100 2874 ab
1122 2834 1309 2873 Homero
1329 2832 1485 2871 dicitur
1501 2828 1704 2878 ἑκηβόλος,
1723 2830 1834 2878 longe
1856 2827 1923 2876 ja-

1043 2898 1188 2943 culam,
1241 2903 1286 2934 et
1339 2908 1364 2934 a
1412 2894 1610 2945 Virgilio,
1663 2891 1893 2931 Arcitenens
1909 2904 1923 2929 .-

1043 2960 1055 2982 ‘
1076 2960 1214 3001 Quam
1234 2957 1328 3009 pius
1345 2957 1587 2996 arcitenens
1602 2965 1697 2993 oras
1716 2958 1763 2992 et
1776 2953 1925 2992 littora

1045 3022 1234 3071 circum(
1252 3024 1335 3060 ὅτε.

1100 3088 1174 3124 135
1208 3081 1435 3134 Rhodopen]
1475 3081 1669 3120 Thraciae
1699 3090 1817 3118 mons
1844 3081 1925 3128 est,

1045 3148 1186 3188 dietus
1223 3161 1248 3187 a
1281 3146 1487 3196 Rhodope
1519 3143 1750 3196 Strymonis
1790 3139 1923 3180 amnis

1045 3211 1144 3262 filia,
1176 3223 1229 3250 ex
1268 3222 1352 3263 qua
1384 3210 1611 3261 Neptunus
1638 3206 1750 3246 Atho
1779 3203 1923 3254 gigan-

1045 3281 1131 3314 tem
1147 3273 1306 3326 geuust,
1320 3273 1391 3325 qui
1405 3272 1525 3311 dedit
1542 3277 1587 3309 et
1602 3268 1730 3308 monti
1746 3275 1919 3304 nomen:

1045 3338 1139 3388 ipsa
1165 3343 1308 3376 autem
1345 3335 1549 3385 Rhodope
1584 3343 1706 3371 versa
1738 3331 1778 3368 in
1806 3339 1922 3367 mon·

1046 3406 1152 3454 tem,
1170 3400 1282 3455 quod
1301 3397 1420 3441 Deos
1439 3396 1753 3437 contemneret:
1781 3389 1853 3430 sed
1874 3394 1919 3430 et
