2300 3906
860 205 1020 245 LAUs
1060 205 1343 246 SERENAE.
1904 195 2014 254 869

1942 328 2014 380 85

193 320 341 374 Orbe
364 322 664 389 parabatur
689 324 828 375 tanti
856 325 1158 377 concordia
1184 326 1298 377 fati.

194 404 322 456 Nec
349 412 444 456 tua
470 407 717 457 mortalis
744 410 935 459 meruit
963 411 1240 461 cunabula
1261 410 1466 463 nutrix.

194 488 382 540 Ubera
406 490 584 555 prima
609 489 813 541 dabant
838 493 1054 557 gremiis
1081 493 1461 545 redolentibus
1486 494 1683 558 Horae,

190 570 486 637 Ternaque
512 578 562 622 te
587 574 750 624 nudis
776 576 1060 627 innectens
1088 573 1279 626 Gratia
1302 578 1562 628 membris

190 652 440 716 Afflavit,
469 654 764 724 docuitque
790 659 956 726 loqui.
1033 658 1401 726 Quacumque
1427 677 1522 728 per
1545 661 1773 714 herbam

193 737 488 804 Reptares,
514 739 722 792 fluxere
747 759 891 793 rosae
915 761 927 795 z
967 744 1258 795 candentia
1281 744 1437 795 nasci
1942 746 2015 798 90

193 822 355 873 Lilia.
431 822 492 872 Si
518 824 740 888 placido
768 828 1063 878 cessissent
1087 828 1294 878 lumina
1319 844 1534 892 somno,

191 905 447 974 Purpura
469 910 728 973 surgebat
752 912 917 964 violae
943 911 1163 964 factura
1187 912 1366 964 cubile

180 1067 360 1117 fortunoe
378 1070 420 1108 in
439 1075 562 1120 parte
582 1074 788 1112 remotiore
811 1075 943 1112 Orbis.
1002 1077 1136 1126 Neque
1156 1087 1244 1114 vero
1262 1075 1388 1114 altrix
1406 1074 1582 1113 mortalis
1600 1073 1810 1125 promerita
1828 1079 1885 1114 eet
1901 1086 2017 1115 cunas

190 1126 292 1161 tuas.
349 1124 474 1162 Horoe
492 1124 578 1162 sinu
588 1124 802 1174 fragrante
818 1128 1039 1176 praebebant
1057 1128 1130 1166 tibi
1147 1129 1318 1179 primum
1350 1141 1547 1176 mammas,
1571 1133 1607 1166 et
1632 1128 1786 1166 Grutiae
1804 1132 1883 1166 tres
1901 1141 2017 1167 mem-

192 1174 273 1214 bris
301 1177 458 1215 nudatis
476 1178 675 1226 illigantes
692 1179 976 1229 inspiraverunt
996 1185 1049 1229 te,
1079 1185 1118 1220 et
1146 1183 1359 1220 docuerunt
1378 1181 1491 1230 loqui.
1552 1182 1795 1230 Quocumque
1821 1193 2017 1231 arreperes

185 1239 259 1279 per
273 1229 428 1268 herbam
446 1242 542 1269 rosoe
561 1235 657 1269 ortoe
675 1237 781 1279 sunt,
802 1238 846 1271 et
859 1233 944 1272 lilia
963 1235 1128 1272 candida
1143 1239 1366 1284 coepernnt
1382 1233 1503 1271 nasci.
1546 1233 1594 1271 Si
1612 1234 1711 1271 oculi
1728 1234 1790 1272 tui
1804 1234 2018 1273 succubuis-

190 1285 275 1320 sent
291 1294 421 1322 sonmo
452 1284 544 1334 leni,
575 1284 684 1323 υἱοῖσι
700 1298 906 1336 purpureoe
931 1286 1155 1325 oriebantur
1179 1290 1364 1325 stratura·
1384 1286 1524 1324 lectum
1542 1285 1789 1336 herbiferum,
1821 1292 1858 1325 et
1874 1288 2017 1338 species

960 1389 1253 1405 eeeeeeeeee

192 1455 243 1491 85
273 1456 385 1492 lunia
419 1455 621 1494 concordia
653 1456 927 1497 Buslid.—86
957 1459 1134 1498 Nantua
1165 1458 1267 1497 Put.
1323 1460 1486 1496 renuunt
1505 1456 1575 1495 vel
1606 1460 1738 1495 tenent
1772 1468 1847 1507 pro
1878 1455 2017 1496 meruit

191 1506 352 1546 Moret.
374 1519 436 1557 pr.
477 1520 608 1546 verum
629 1520 706 1558 pro
726 1511 869 1549 meruit
888 1511 1160 1550 anlid.—87
1198 1510 1358 1549 Verbera
1380 1522 1458 1560 pro
1492 1509 1622 1548 Ubera
1642 1511 1796 1549 Moret.
1826 1522 1889 1560 pr.
1928 1522 2020 1559 gre-

191 1558 270 1597 mio
288 1561 390 1598 Vat.
412 1571 498 1599 sec.
521 1562 656 1600 Oisel.
675 1562 833 1601 Thuan.
854 1564 1008 1602 Petav.
1030 1575 1116 1602 sec.
1139 1562 1286 1602 Ambr.
1308 1575 1369 1614 pr.
1394 1561 1557 1601 Buslid.
1579 1563 1683 1601 Cod.
1704 1562 1848 1612 Epigr.
1870 1562 2020 1602 Ambr.

190 1612 341 1660 gremio
365 1614 557 1652 redolente
584 1615 715 1664 Napes
736 1613 882 1656 Ambr.
904 1622 1005 1655 tert.
1037 1617 1148 1655 unde
1169 1616 1368 1655 Heinsius
1390 1614 1646 1666 conjiciebat
1661 1616 1811 1664 gremio
1828 1616 2019 1654 redolente
2062 1607 2067 1618 ¹

195 1665 370 1714 Napoeae.
400 1679 507 1705 aura>
528 1679 602 1716 pro
623 1667 747 1705 Horae
766 1669 866 1708 Vat.
883 1681 946 1719 pr.
966 1674 1010 1708 et
1033 1675 1133 1708 tert.
1155 1669 1248 1708 Pal.
1270 1670 1389 1707 Rott.
1411 1675 1496 1707 vet.
1520 1667 1626 1718 Gyr.
1649 1669 1790 1707 Oxon.
1813 1680 1898 1706 sec.
1918 1668 2018 1707 Vat.

193 1717 331 1756 Livin.
363 1731 461 1757 aura
482 1718 580 1759 Ald.
608 1721 707 1759 aula>
726 1721 892 1759 Tliuan.
911 1721 978 1760 ed.
1001 1722 1146 1761 Parm.
1173 1723 1301 1760 aulam
1323 1721 1472 1759 Petav.
1493 1732 1578 1758 sec.
1598 1719 1742 1759 Ambr.
1766 1733 1827 1771 pr.
1850 1720 2017 1759 Buslid.

194 1771 301 1810 Cod.
318 1772 467 1823 Epigr.
488 1772 634 1813 Ambr.
654 1773 807 1814 Sched.
829 1774 941 1814 Gud.
997 1775 1049 1813 In
1072 1775 1246 1814 Schedis
1263 1774 1431 1813 Heinsii
1458 1778 1581 1812 erant
1601 1785 1717 1824 seqq.
1760 1773 2021 1812 redolentibus

192 1823 337 1873 Horce]
366 1825 427 1864 ita
447 1826 551 1875 legit
582 1826 786 1866 Schottus
806 1827 990 1866 Observ.
1022 1839 1074 1866 ιι.
1095 1833 1160 1867 55.
1188 1834 1231 1866 et
1252 1828 1457 1877 Scaliger,
1493 1832 1537 1864 et
1568 1838 1590 1864 e
1621 1827 1752 1865 Msto.
1782 1826 2019 1875 Claverius.

193 1877 374 1916 Homer.
397 1879 522 1917 Iliad.
544 1883 586 1918 E.
606 1882 699 1918 749.
719 1883 765 1918 Θ.
786 1883 878 1920 393.
897 1884 991 1919 433.
1018 1881 1114 1920 vide
1131 1882 1268 1920 locum
1290 1886 1538 1930 corruptum
1559 1879 1610 1916 de
1633 1879 1763 1917 Horis
1784 1879 1898 1929 apud
1921 1879 2018 1918 Val.

195 1930 343 1969 Flacc.
367 1942 428 1969 iv.
451 1935 516 1971 92.
551 1932 622 1971 ubi
647 1944 721 1982 pro
742 1933 966 1982 ingentibus
986 1933 1127 1983 Horis,
1162 1933 1274 1984 quod
1308 1933 1352 1971 in
1382 1933 1464 1971 Ms.
1499 1932 1711 1970 Carrionis
1743 1938 1880 1979 extat,
1908 1930 2022 1971 forte

191 1982 438 2032 cingentibus
456 1985 696 2035 legendum.
744 1986 853 2024 Stat.
879 1986 1009 2025 Theb.
1033 1998 1103 2024 ιιι.
1124 1989 1330 2025 410.—-88
1361 1985 1553 2034 Trinaque
1571 1985 1734 2023 Buslid.
1775 1989 1813 2023 te
1832 1984 1956 2022 abest
1976 1985 2020 2023 in

192 2033 342 2074 Ambr.
366 2050 428 2087 ρι·.
457 2038 623 2076 innector
643 2038 806 2077 Buslid.
826 2039 926 2077 vat.
946 2042 1138 2077 sem—89
1165 2039 1331 2090 Afflavit
1350 2039 1448 2076 Vat.
1468 2049 1534 2087 pr.
1574 2037 1719 2076 Allusit
1748 2036 1895 2076 Ambr.
1920 2042 2021 2076 tert.

192 2087 364 2142 Affluxit
397 2090 498 2129 Vat.
521 2103 608 2128 sec.
638 2090 770 2130 Oisel.
802 2092 964 2138 Thuan.
989 2092 1137 2130 Petav.
1158 2104 1243 2130 sec.
1275 2091 1440 2129 Buslid.
1474 2089 1622 2129 Ambr.
1652 2102 1715 2139 pr.
1745 2091 1851 2129 Cod.
1872 2090 2021 2140 Epigr.

192 2140 343 2182 Ambr.
367 2143 520 2182 Sched.
543 2143 656 2182 Gud.
704 2144 905 2196 Affluxuit
926 2145 1033 2183 Exc.
1052 2145 1232 2183 Lucens.
1251 2156 1313 2194 pr.
1356 2155 1586 2193 quocumque
1605 2141 1752 2181 Ambr.
1774 2155 1839 2193 pr.
1861 2143 2022 2182 Moret.

191 2207 257 2245 pr.
286 2194 385 2235 Ald.
428 2198 685 2247 quodcumque
704 2199 803 2236 Vat.
826 2203 925 2236 tert.
946 2198 1135 2237 Florent.
1172 2196 1292 2236 Med.
1325 2208 1411 2234 sec.
1446 2196 1600 2234 Petav.
1630 2207 1713 2235 sec.
1746 2194 1892 2235 Ambr.
1924 2200 2024 2236 tert.
2076 2237 2078 2239 ,

193 2248 360 2290 Buslid.
391 2261 625 2300 quacumque
645 2251 729 2290 duo
752 2251 870 2289 Med.
891 2251 973 2289 inc.
995 2250 1152 2289 Heins.
1172 2250 1276 2288 Put.
1297 2249 1381 2288 duo
1403 2250 1557 2288 Petav.
1577 2249 1743 2287 Bonon.
1765 2249 1908 2288 Oxon.
1937 2261 2021 2289 sec.

196 2302 304 2342 eod.
326 2303 474 2353 Epigr.
496 2302 643 2342 Ambr.
662 2304 768 2342 Exc.
792 2305 974 2342 Lucens.
990 2315 1056 2353 pr.
1085 2307 1344 2353 quantumque
1363 2301 1430 2339 ed.
1451 2302 1594 2339 Parm.
1614 2301 1725 2339 unde
1754 2314 2023 2352 quamcumque

193 2355 280 2406 leg.
304 2355 455 2394 Heius.
486 2357 613 2395 aulam
630 2368 706 2406 pro
726 2356 884 2395 herbam
907 2356 1006 2394 Vat.
1023 2368 1110 2394 sec.
1134 2355 1272 2394 Oisel.
1302 2355 1416 2392 benni
1437 2366 1513 2404 pro
1533 2354 1688 2392 herbam
1706 2354 1805 2392 Vat.
1822 2366 1904 2393 sec.
1931 2354 2022 2394 hen-

194 2420 286 2447 num
322 2409 476 2448 Petav.
505 2413 701 2448 sec.—90
732 2410 924 2459 Raptores
942 2408 1041 2447 vat.
1078 2420 1163 2447 sec.
1211 2408 1422 2446 Restaures
1447 2408 1550 2453 Vat.
1568 2411 1666 2444 tert.
1687 2406 1876 2445 Florem.
1926 2411 2022 2446 νοέω

195 2472 277 2511 pro
296 2474 393 2499 rosae
414 2462 496 2500 inc.
518 2462 671 2501 Heius.
717 2475 833 2500 comae
854 2462 936 2499 duo
956 2461 1074 2499 Med.
1095 2459 1242 2499 Ambr.
1264 2471 1326 2510 pr.
1346 2459 1501 2498 Sched.
1524 2459 1746 2498 Gud.—-9l
1776 2461 1842 2498 sed
1869 2459 2022 2510 placido

196 2514 349 2553 PetaV.
383 2526 446 2564 ρι·.
490 2515 701 2563 gessissent
721 2514 815 2554 Pal.
854 2518 1061 2553 cessassent
1083 2514 1241 2552 Moret.
1273 2525 1337 2562 pr.
1371 2512 1572 2551 Heinsius
1602 2512 1862 2563 ascripserat
1880 2514 2022 2552 locum

198 2568 358 2606 Lucan.
380 2579 449 2606 ιιι.
470 2571 509 2605 8.
540 2570 680 2606 mundo
701 2580 777 2618 pro
794 2579 922 2605 somno
941 2568 1040 2607 Vat.
1061 2579 1148 2606 sec.
1167 2566 1300 2605 Oisel.
1316 2566 1476 2604 Tlman.
1496 2565 1647 2603 Petav.
1671 2577 1755 2604 sec.
1785 2564 1935 2604 Ambr.
1955 2578 2020 2616 pr.

200 2620 306 2659 Cod.
323 2622 472 2671 Epigr.
491 2619 749 2660 Amba-„92
781 2621 1024 2670 Purpureum
1041 2618 1378 2669 surgunt'l'huan.
1399 2618 1581 2667 fulgebat
1601 2619 1720 2657 Rott.
1739 2619 1919 2668 surgebat
1939 2619 2023 2658 duo

196 2673 317 2712 Med.
334 2676 416 2712 inc.
437 2674 585 2712 Heius.
602 2674 704 2713 Pnt.
720 2674 829 2712 Bon.
850 2673 934 2712 duo
949 2673 1101 2712 Petav.
1119 2671 1201 2711 duo
1223 2672 1371 2710 Ambr.
1386 2672 1629 2721 Moretspr.
1653 2671 1794 2710 Oxon.
1816 2684 1902 2711 sec.
1922 2673 2022 2726 Va!-

198 2726 342 2765 Livin.
364 2729 469 2766 Exc.
491 2728 670 2767 Lucens.
691 2739 755 2778 pr.
773 2732 818 2766 et
836 2726 935 2765 Pat.
957 2738 1044 2765 rec.
1063 2727 1162 2765 Var.
1180 2727 1265 2764 LL.
1282 2724 1350 2765 ed.
1368 2724 1500 2764 Antv.
1528 2725 1663 2763 molem
1682 2736 1760 2775 pro
1774 2725 1885 2763 violoe
1902 2725 2022 2765 Med.

198 2792 262 2831 pr.
282 2780 468 2828 fractura
489 2781 648 2820 Moret.
670 2793 734 2832 pr.
752 2781 859 2819 Exc.
878 2780 978 2819 Pat.
1001 2785 1162 2818 recent.
1196 2778 1359 2828 factura
1374 2784 1460 2817 tres
1479 2778 1602 2817 Vatt.
1623 2778 1716 2817 Pal.
1738 2777 1862 2817 Rott.
1883 2778 2020 2817 Oisel.

1018 2906 1198 2946 NOTAE

254 3006 304 3042 85
337 3002 573 3053 Concordia]
616 3001 870 3053 Conjugium
901 3013 1079 3040 concors
1145 2998 1311 3039 scilicet
1343 3010 1438 3036 cum
1468 2998 1638 3036 Venere
1659 3001 1703 3036 et
1732 2995 1896 3036 Gratiis
1915 3007 2023 3035 sem-

200 3065 311 3113 tanti
325 3064 421 3115 fati,
441 3067 520 3105 hoc
536 3071 618 3117 est,
636 3071 801 3104 tamum
820 3064 970 3115 fatum,
989 3071 1080 3104 tan·
1147 3074 1226 3114 per
1245 3061 1486 3113 conjunctae
1511 3066 1609 3098 sunt
1628 3072 1638 3098 ε
1669 3071 1764 3111 qnae
1798 3058 1959 3098 Gratiae
1978 3058 2023 3096 in

199 3138 373 3180 tamque
390 3128 640 3168 felicitatem
661 3128 918 3166 habiturum.
1146 3128 1349 3167 Serenam
1377 3125 1517 3163 omnia
1536 3136 1612 3163 sua
1632 3129 1880 3164 ornamenta
1904 3124 2024 3174 larga

196 3214 198 3216 ·
254 3196 306 3232 87
339 3192 481 3242 Horoe]
510 3192 631 3232 Filiae
652 3193 773 3233 Jovis
794 3198 838 3231 et
854 3191 1081 3241 Themidis,
1148 3201 1273 3228 manu
1293 3191 1615 3238 congesserunt.
1659 3187 1880 3224 Praeterea
1900 3184 2024 3223 Horoe

205 3255 383 3296 comites
415 3256 553 3294 Solis:
586 3255 658 3294 alii
691 3256 836 3306 legunt
871 3255 1008 3301 Aurae,
1037 3254 1076 3293 id
1149 3257 1247 3290 sunt
1285 3251 1387 3288 Deae
1421 3249 1611 3287 Floreae:
1643 3248 1815 3298 Orpheo
1850 3244 2023 3297 εἶαριναὶ,

206 3321 289 3368 est,
308 3316 510 3369 Zephyri.
555 3304 641 3358 §ed
662 3330 736 3357 cur
754 3320 893 3369 Aurae,
911 3318 980 3357 vel
996 3318 1081 3356 Ho·
1147 3326 1290 3364 vernae,
1327 3318 1372 3352 et
1408 3311 1596 3351 Pindaro
1627 3308 1718 3361 ὧραι
1750 3306 2023 3360 πολυάνθεμοι,

199 3392 262 3419 roe
282 3378 502 3431 finguntur
534 3379 708 3427 Serenae
739 3380 955 3420 nutrices?
983 3380 1083 3432 quia
1151 3378 1274 3417 Horoe
1278 3374 1451 3429 floribus
1464 3374 1638 3425 copiose,
1651 3373 1864 3413 dicuntur.
