2300 3906
320 229 431 285 984
475 243 570 283 cn.
609 241 839 282 cLAun.
879 239 1091 281 xxxv,
1144 236 1393 278 RAPTUS
1432 237 1730 278 mossur.
1771 239 1894 279 mn.
1935 239 2003 278 11.

324 355 584 407 Exultant
610 372 734 407 cum
763 369 899 406 voce
920 353 1019 420 pii,
1046 351 1311 419 Ditisque
1337 352 1441 403 sub
1459 351 1599 424 aula
2040 349 2148 404 365

323 440 485 493 Talia
508 440 759 508 pervigili
785 443 1006 490 sumunt
1030 437 1262 489 exordia
1284 436 1516 506 phusu:

394 524 603 576 Nostra
628 539 828 591 parens
853 522 889 574 J
893 538 1024 586 uno,
1051 526 1237 590 tuque,
1265 537 1299 573 o
1325 506 1575 588 ²g²ermane
1606 519 1880 573 Tonantis

322 609 396 661 Et
419 626 597 676 gener,
624 609 898 660 unanimis
924 608 1198 660 consortia
1223 607 1420 659 discite
1446 606 1645 669 somni,

322 693 624 761 Mutuaque
648 693 871 745 alternis
895 694 1149 745 innectite
1178 692 1321 746 colla
1343 692 1592 744 lacertis,

319 777 357 829 J
361 794 447 829 am
473 776 605 829 felix
634 779 805 830 oritur
828 779 1042 845 proles:
1073 777 1193 845 jam
1216 777 1350 828 laeta
1371 775 1600 828 futuros.
2039 771 2147 825 370

318 862 603 929 Expectat
630 863 846 915 Natura
873 862 1043 915 Deos.
1120 861 1290 914 Nova
1312 863 1538 914 numina
1559 862 1724 914 rebus

320 944 546 1011 Addite,
575 953 631 999 et
654 951 874 1015 optatos
901 947 1086 1000 Cereri
1110 948 1354 1017 proferte
1377 953 1628 1017 nepotes.

314 1070 531 1120 conjugalia
550 1070 734 1110 connubio
747 1071 1016 1111 indissolubili.
1054 1071 1125 1111 Pii
1144 1073 1343 1123 loetantur,
1357 1073 1546 1123 plaudunt
1561 1083 1646 1110 cum
1663 1074 1796 1120 cantu,
1813 1074 1852 1110 et
1866 1070 1910 1108 in
1928 1069 2039 1119 regia
2050 1068 2146 1108 Plu-

313 1124 418 1163 tonis
436 1124 627 1174 incipiunt
652 1125 781 1164 dicere
797 1125 881 1163 hoec
895 1125 1011 1165 verba
1029 1125 1175 1166 toetitia
1191 1126 1383 1165 insomni:
1412 1125 1451 1166 O
1473 1125 1708 1177 Proserpina
1726 1127 1849 1163 nuder
1861 1126 2009 1173 nostra,
2027 1127 2066 1162 et
2084 1126 2146 1171 tu,

313 1190 337 1216 o
358 1177 505 1228 Pluto,
514 1177 650 1226 frater
667 1178 782 1217 Jovis
807 1183 845 1217 et
869 1191 1004 1230 gener,
1032 1180 1169 1219 discite
1195 1181 1415 1219 societatem
1443 1179 1566 1219 somni
1599 1178 1809 1228 concordis,
1842 1181 1881 1216 et
1912 1176 2147 1215 circumdate

315 1230 478 1270 invicem
505 1233 603 1271 colla
622 1236 757 1271 mutua
772 1232 964 1273 brachiis.-
983 1234 1074 1282 jam
1092 1234 1237 1273 soboles
1257 1234 1468 1283 fortunata
1483 1233 1657 1272 nascitur
1671 1246 1685 1272 :-
1703 1232 1792 1281 jam
1818 1235 1960 1270 natura
1973 1230 2149 1279 gaudens

313 1289 493 1334 expectat
521 1285 681 1326 numina
711 1286 940 1327 nuscitura:
969 1286 1103 1327 addite
1121 1290 1262 1328 mundo
1296 1288 1403 1328 Deos
1429 1299 1560 1340 novos,
1592 1291 1630 1326 et
1647 1288 1739 1327 date
1760 1285 1898 1325 Cereri
1912 1287 2067 1336 nepotes
2073 1282 2146 1332 ju-

314 1340 469 1378 candos.
1573 1343 1589 1349 '¹

1081 1408 1104 1422 O
1109 1408 1302 1424 “MOI“
1307 1408 1375 1423 ‘00

313 1471 612 1512 Senum—365
642 1487 726 1512 cum
753 1475 823 1512 vel
842 1478 924 1512 tum
954 1473 1098 1511 Oxou.
1129 1483 1214 1510 sec.
1235 1471 1325 1519 jam
1354 1471 1410 1510 al.
1450 1470 1628 1521 proferre
1655 1482 1735 1522 pro
1753 1480 1840 1508 cum
1858 1480 1947 1507 voce
1964 1469 2146 1508 Voss.—

313 1528 394 1565 366
418 1538 490 1576 per·
516 1527 626 1574 vulgi
645 1537 720 1575 pro
736 1525 922 1575 pervigili
939 1524 1061 1564 Med.
1083 1536 1147 1575 pr.
1191 1527 1349 1562 sumunt
1379 1525 1543 1563 exordia
1578 1523 1768 1563 Florent.
1795 1523 1880 1562 duo
1908 1521 2029 1562 Med.
2059 1521 2146 1562 duo

311 1578 463 1617 Heius.
502 1583 546 1616 et
563 1578 748 1617 chartac.
768 1578 901 1630 ejusd.
933 1578 1036 1618 Put.
1057 1577 1164 1627 Reg.
1186 1576 1271 1615 duo
1289 1577 1443 1617 Petav.
1472 1577 1639 1618 Bonon.
1669 1577 1838 1616 Tholas.
1870 1575 2021 1616 Ambr.
2042 1579 2145 1616 tert.

313 1631 398 1669 duo
414 1630 513 1671 Jun.
535 1631 714 1670 totidem
737 1630 879 1671 Oxou.
900 1637 945 1670 et
962 1631 1087 1671 Voss
1114 1632 1220 1670 Exc.
1243 1630 1395 1670 Petav.
1411 1635 1553 1683 quart.
1574 1629 1674 1670 Ald.
1693 1630 1760 1671 ed.
1774 1630 1918 1669 Parm.
1938 1634 1984 1668 et
2002 1629 2145 1670 vicet.

310 1683 519 1723 Heinsius
545 1685 803 1736 ascripserat
832 1686 974 1724 locum
1005 1683 1196 1724 Lucretii
1218 1683 1310 1724 Lib.
1331 1695 1362 1724 1.
1384 1697 1447 1724 VS.
1468 1688 1559 1724 150.
1588 1685 1601 1706 ‘
1626 1683 1885 1736 Principium
1905 1682 2001 1722 hinc
2021 1682 2145 1734 cujus

308 1736 432 1777 nobis
466 1739 644 1778 exordia
662 1736 832 1778 sumet!
873 1740 1019 1779 ducunt
1047 1738 1186 1789 vulgo.
1217 1738 1353 1778 dicunt
1367 1738 1467 1778 edd.
1493 1738 1645 1777 Parrh.
1665 1738 1822 1790 Isingr.
1848 1742 1893 1776 et
1922 1736 2147 1788 Gryph.-

310 1794 389 1831 367
416 1803 559 1841 parens
575 1793 672 1833 Vat.
693 1805 757 1843 pr.
781 1793 889 1843 Reg.
905 1791 1009 1832 Cod.
1028 1791 1270 1832 Bartholin.
1292 1791 1361 1834 ed.
1378 1792 1520 1832 Vicet.
1557 1796 1698 1843 potens
1707 1793 1897 1832 Florent.
1917 1802 2014 1830 cum
2027 1794 2146 1830 octo-

310 1843 450 1884 decim
467 1846 578 1895 aliis,
597 1845 696 1886 Ald.
718 1846 786 1885 ed.
808 1847 951 1886 Parm.
970 1847 1078 1886 Exe.
1095 1846 1248 1885 Petav.
1267 1851 1407 1898 quart.
1450 1846 1730 1897 Nostripotens
1743 1858 1829 1885 una
1844 1855 1949 1884 voce
1968 1843 2145 1895 legebat

310 1897 530 1949 Heinsius,
549 1902 620 1951 qui
642 1900 922 1951 ascripserat:
961 1900 1023 1939 sic
1051 1912 1198 1952 supra,
1216 1899 1525 1951 Umbrarumque
1548 1906 1686 1951 potens
1710 1900 1805 1940 Lib.
1825 1900 1995 1938 1.-368
2019 1908 2146 1947 genus

309 1963 389 2002 pro
404 1965 528 2003 gener
548 1953 703 1993 PetaV.
718 1966 803 1995 see.
847 1954 1043 1995 unanimis
1060 1959 1243 2006 quatuor
1259 1955 1381 1994 Vatt.
1402 1954 1498 1994 Pal.
1517 1953 1625 1993 Cod.
1641 1953 1879 1994 Bartholin.
1894 1951 1992 1991 edd.
2005 1951 2148 1991 Vicet-

308 2005 453 2046 Parm.
473 2007 502 2048 J
507 2013 595 2048 unt.
614 2007 715 2048 Ald.
734 2008 790 2047 Isi
798 2020 888 2059 ugr.
908 2013 954 2048 et
972 2009 1026 2049 al.
1053 2019 1255 2047 unanimes
1274 2006 1398 2047 Leid.
1428 2007 1605 2047 unanimi
1617 2008 1719 2048 vat.
1737 2011 1836 2047 tert.
1851 2006 2039 2045 Florent.
2059 2004 2146 2044 duo

308 2059 428 2099 Med.
468 2060 551 2100 duo
589 2061 739 2102 Heins.
767 2062 871 2101 Put.
907 2063 1016 2113 Reg.
1045 2063 1210 2101 Bonon.
1239 2061 1392 2101 Petav.
1421 2073 1509 2101 sec.
1530 2062 1637 2102 Exc.
1659 2062 1811 2102 Petav.
1841 2063 1983 2112 quart.
2010 2057 2146 2108 ignavi

310 2111 462 2153 Ambr.
482 2121 585 2156 tert.
620 2116 752 2155 ducite
771 2121 859 2154 tres
878 2117 1000 2156 Vatt.
1021 2115 1128 2155 Cod.
1149 2114 1403 2166 Bartholin.
1422 2114 1543 2155 dicite
1563 2116 1726 2154 Bonon.
1773 2113 1911 2154 discite
1924 2113 2024 2151 Vat.
2043 2117 2143 2151 tert.

309 2170 357 2204 et
375 2165 419 2205 d.
439 2167 534 2206 Pal.
554 2167 637 2207 duo
657 2169 778 2208 Med.
799 2168 951 2208 Heius.
976 2168 1035 2209 Η.
1057 2174 1101 2208 et
1118 2169 1204 2208 inc.
1225 2168 1360 2220 ejusd.
1380 2168 1484 2207 Put.
1505 2169 1615 2219 Reg.
1647 2169 1771 2208 Voss.
1799 2179 1865 2217 pr.
1885 2165 2029 2206 Oxou.
2056 2175 2143 2203 sec.

305 2218 398 2257 lecti
417 2231 494 2270 pro
513 2220 638 2259 somni
655 2220 755 2258 Jun.
773 2222 975 2267 pun—369
1005 2222 1106 2255 colla
1138 2221 1238 2258 Vat.
1267 2232 1333 2267 pr.
1362 2222 1530 2260 Bonon.
1558 2220 1732 2260 Tholos-
1760 2219 1831 2254 ed.
1863 2218 2008 2253 vicet.
2051 2221 2144 2252 vota

308 2277 398 2311 tres
428 2273 546 2309 Vatt.
572 2275 617 2309 et
636 2270 679 2310 d.
699 2269 794 2308 Pal.
826 2267 1013 2308 Florent.
1033 2267 1121 2307 duo
1141 2266 1260 2306 Med.
1281 2267 1384 2308 Pur.
1404 2269 1509 2317 Reg.
1531 2267 1683 2307 PetaV.
1704 2279 1788 2307 sec.
1806 2267 1933 2306 Voss.
1950 2278 2036 2306 sec.
2057 2266 2142 2307 duo

308 2323 452 2363 Oxou.
473 2324 574 2363 Var.
592 2323 679 2363 LL.
704 2334 728 2361 e
762 2333 895 2373 marg.
925 2320 1204 2361 Μυκη-371
1236 2321 1451 2372 Exspectet
1469 2321 1661 2361 Florent.
1703 2320 1859 2361 nomine
1886 2320 2046 2361 Moret.
2073 2331 2141 2373 pr.

306 2376 443 2417 -372
465 2375 641 2429 perferte
661 2388 738 2429 pro
747 2375 924 2428 proferte
943 2380 1030 2416 vet.
1049 2375 1158 2427 Gyr.
1205 2373 1355 2415 labores
1370 2386 1451 2427 pro
1470 2378 1627 2427 nepotes
1639 2375 1831 2414 Florent.

360 2568 439 2605 365
469 2563 561 2616 Pii]
589 2564 788 2605 Cultor-es
817 2575 1064 2616 camporum
1090 2562 1190 2617 Ely-
1312 2565 1391 2604 368
1424 2561 1574 2614 Gener]
1603 2562 1716 2603 Nam
1739 2562 1871 2603 Pluto
1890 2561 2013 2603 duxit
2030 2562 2139 2603 Pro-

308 2628 480 2668 siorum.
837 2647 842 2651 ·
1257 2626 1470 2677 sen-pinam
1498 2626 1621 2668 Jowis
1654 2631 1701 2666 et
1726 2626 1895 2666 Cereris
1920 2625 2065 2678 filiam,
2091 2632 2138 2667 et

363 2693 443 2731 366
471 2689 688 2741 Pervigili]
730 2689 841 2730 Nam
865 2693 1000 2730 totam
1019 2693 1190 2732 noctem
1254 2688 1354 2730 ideo
1375 2694 1441 2729 est
1452 2689 1575 2731 Jovis
1595 2694 1640 2729 et
1667 2688 1838 2729 Cereris
1859 2700 2004 2741 gener.

308 2754 471 2794 ducunt
489 2753 532 2793 in
552 2758 683 2794 cantu
703 2759 749 2794 et
764 2753 983 2795 conviviis.
1309 2758 1390 2795 3⁷0
1412 2754 1554 2795 Oritur
1561 2754 1707 2807 proles]
1729 2754 1871 2806 Optat
1885 2753 1945 2795 eis
1960 2754 2139 2807 prolem,

361 2819 440 2857 367
467 2815 592 2868 June]
619 2815 797 2857 Inferna
814 2817 1108 2872 scilicet,quae
1124 2822 1191 2859 est
1256 2824 1304 2859 et
1331 2830 1484 2859 revera
1517 2817 1669 2859 Furias
1701 2830 1755 2859 ex
1783 2818 1890 2860 Dite
1915 2824 2137 2872 susceptas

307 2880 584 2934 Proserpina,
603 2887 652 2924 ut
669 2890 801 2935 supra
819 2880 893 2923 lib.
913 2892 946 2923 1.
1257 2882 1389 2923 aiunt.

1163 3356 1278 3503 (ὃ
