2300 3906
574 280 577 285 ,
625 229 866 270 nurus
905 231 1199 272 Pnosnm’.
1240 232 1357 272 mn.
1397 233 1465 272 11.
1843 219 1957 291 981*

138 346 527 415 Abreptasque
552 348 703 401 dolet
719 352 836 419 jam
858 368 964 404 non
987 354 1094 405 sibi
1121 370 1360 407 crescere
1384 353 1565 406 fibrae.

2 437 6 513 j
139 431 344 484 Oblitae
369 433 654 497 scelerum,
681 433 1067 504 formidatique
1087 437 1306 501 furoriS,

2 515 7 558 ἱ
137 515 471 568 Eumenides
497 523 705 570 cratera
727 525 940 587 parant,
967 524 1021 572 ct
1045 522 1174 573 vina
1197 522 1365 574 feroci

137 598 300 651 Crine
325 601 553 654 bibunt:
590 602 862 671 flexisque
885 604 1050 656 minis
1066 606 1183 673 jam
1207 605 1327 657 lene
1355 609 1611 659 canentes
1835 605 1943 659 345

134 682 463 736 Extendunt
488 686 670 738 socios
699 687 768 738 ad
795 688 994 755 pocula
1018 688 1182 756 plena
1207 692 1471 753 cerastas,

134 766 223 820 Ac
248 769 418 820 festas
445 770 553 821 alio
579 770 911 823 succendunt
934 771 1133 824 lumine
1156 771 1347 824 taedas».

132 851 290 903 Tunc
317 857 371 905 et
394 853 641 921 pestiferi
665 860 924 922 pacatum
948 856 1150 909 fiumen
1174 854 1381 910 Averni

4 909 8 1003 ἰ

119 1058 207 1107 Jam
224 1070 299 1097 non
318 1069 396 1108 pro
414 1070 466 1098 se.
522 1060 655 1099 Furiae
668 1061 905 1101 immemores
919 1062 1122 1103 criminum
1140 1067 1177 1103 et
1197 1063 1319 1104 rabiei
1333 1064 1514 1103 timendoe
1530 1068 1753 1116 proeparant
1769 1068 1943 1115 pateram

127 1124 174 1150 ac
182 1115 321 1172 potant
334 1113 464 1150 vinum
481 1112 681 1153 horrentes
696 1115 849 1166 capillis
865 1116 1085 1165 anguineis,
1114 1121 1151 1156 et
1162 1116 1302 1165 furore
1317 1118 1475 1157 remisso
1485 1118 1572 1167 jam
1590 1122 1788 1157 cantantes
1805 1118 1944 1157 leniter

124 1168 335 1215 peragunt
361 1170 556 1216 serpentes
573 1167 694 1206 socios
721 1169 772 1207 ad
800 1181 892 1208 vasa
908 1170 1036 1220 plena,
1068 1173 1107 1208 et
1124 1170 1365 1221 inflammant
1386 1171 1499 1219 faces
1524 1171 1716 1222 nuptiales
1731 1172 1808 1210 alio
1835 1171 1943 1221 igne.

133 1218 239 1257 Tunc
256 1219 388 1269 etiam,
408 1231 433 1258 ο
452 1220 621 1259 volucres
638 1220 786 1273 illoesae,
802 1222 1073 1273 supervolantis
1102 1224 1242 1262 ostium
1269 1224 1465 1275 placidum
1483 1224 1629 1264 Averni
1641 1224 1873 1275 pestilentis,
1904 1226 1943 1262 et

893 1340 941 1355 ‘O
945 1340 1186 1356 OM‘O‘O

125 1419 231 1469 lapso
249 1419 374 1458 Voss.
396 1430 482 1457 sec.
504 1417 652 1458 Ambr.
672 1423 775 1458 tert.
803 1432 961 1470 corpore
974 1422 1076 1461 vat.
1098 1433 1181 1462 sec.
1200 1423 1227 1463 J
1233 1434 1299 1461 un.
1316 1424 1418 1460 item
1434 1424 1558 1461 Voss.
1575 1426 1795 1462 sem-342
1825 1423 1946 1473 Erep-

126 1475 257 1522 tueque
278 1473 363 1511 inc.
397 1471 542 1511 Heius.
565 1472 665 1510 Var.
685 1471 769 1511 LL.
802 1485 825 1511 e
845 1484 978 1523 marg.
1014 1473 1157 1512 Parm.
1202 1475 1466 1524 Arreptasque
1499 1474 1603 1513 Cod.
1643 1474 1880 1514 Bartholin.
1899 1480 1946 1514 et

123 1524 429 1576 septemdecim
449 1524 612 1574 scripti,
640 1525 746 1564 Exc.
767 1525 920 1564 Petav.
938 1531 1073 1577 quart.
1101 1527 1366 1577 Aru-eptasque
1383 1527 1450 1565 vel
1468 1527 1728 1577 Direptasque
1744 1527 1841 1566 Vat.
1856 1539 1942 1567 sec.

123 1577 389 1629 Arreptasque
409 1578 476 1617 vel
495 1578 754 1628 Directasque
771 1579 894 1619 Voss.
916 1590 1003 1618 sec.
1045 1592 1118 1618 non
1127 1579 1213 1627 jam
1231 1580 1331 1619 vat.
1352 1591 1439 1618 sec.
1460 1580 1581 1618 Voss.
1611 1591 1693 1618 sec.
1734 1592 1848 1618 venas
1867 1591 1946 1630 pro

112 1631 242 1683 fibras
260 1631 411 1671 Petav.
431 1634 653 1670 see—343
680 1632 836 1672 sceleris
851 1632 952 1671 Vat.
973 1638 1113 1684 quart.
1132 1632 1435 1684 formidatoeque
1455 1632 1554 1673 Jun.
1575 1644 1660 1671 sec.
1680 1628 1942 1678 formidandi-

125 1696 198 1735 que
217 1685 315 1724 Vat.
339 1697 400 1735 pr.
422 1690 466 1723 et
486 1697 570 1725 sec.
590 1684 673 1726 inc.
692 1684 841 1724 Heius.
863 1684 967 1725 Cod.
998 1686 1235 1725 Bartholin.
1254 1687 1356 1725 Var.
1377 1686 1458 1724 LL.
1483 1698 1506 1724 e
1527 1697 1657 1735 marg.
1681 1685 1821 1725 Parm.
1853 1684 1943 1733 ser-

125 1738 364 1790 midantiq'ue
397 1743 442 1778 et
475 1750 529 1776 ex
560 1737 857 1778 emendatione
893 1737 1209 1790 formidandiqae
1245 1737 1391 1778 Ambr.
1425 1743 1526 1778 tert.
1570 1738 1722 1778 timoris
1741 1739 1842 1777 Vat.
1876 1750 1944 1790 pr.

123 1790 311 1831 Florem.
334 1792 448 1843 Voss.
470 1804 534 1842 pr.
558 1790 704 1830 Ambr.
722 1795 824 1830 tert.
856 1790 1013 1839 furoris
1033 1793 1099 1832 vel
1118 1793 1260 1831 doloris
1283 1792 1381 1831 Vat.
1411 1803 1495 1831 sec.
1511 1792 1633 1832 Voss.
1654 1803 1740 1830 sec.
1781 1791 1945 1830 tumoris

124 1845 385 1942 ξὲἒΐῖῗῐὲἓῗ
392 1845 474 1948 ξῖῗ
479 1844 1559 1948 ¹J{;:.}‡‚4.0⁶2222';¹5332m¹'1212‡4..⁵5⁰·1..²’:.⁴?..‘2522225
1572 1845 1826 1937 aasz&
1852 1844 1945 1936 ¹232

122 1955 302 1991 canentes
330 1952 632 1991 Tholos.—346
671 1951 794 1990 socias
823 1951 921 1991 Vat.
952 1963 1038 1991 sec.
1069 1957 1115 1990 et
1145 1952 1185 1991 d.
1204 1952 1306 1995 Jun.
1326 1957 1371 1990 et
1389 1952 1509 1990 Voss.
1529 1963 1612 1993 sec.
1655 1953 1831 1990 Cerustes
1860 1943 1943 1990 duo

122 2004 241 2045 Vatt.
262 2005 369 2043 Cod.
394 2005 629 2043 Bartholin.
651 2003 733 2044 inc.
757 2004 907 2044 Heius.
940 2006 1101 2046 Bonou.
1121 2005 1291 2045 ΤΙιοΙοε.
1314 2004 1456 2045 Oxon.
1483 2016 1547 2056 pr.
1567 2003 1669 2045 Jun.
1689 2015 1775 2043 sec.
1796 2002 1942 2043 Ambr.

124 2061 227 2096 tert.
272 2059 451 2096 Cerastes
469 2058 538 2096 vel
560 2059 743 2096 Cerastas
765 2058 870 2107 Reg.
894 2057 1034 2098 Oxou.
1067 2061 1288 2098 sem—347
1320 2058 1376 2098 Et
1396 2057 1527 2104 festas
1556 2063 1644 2096 tres
1674 2058 1795 2096 Vatt.
1826 2060 1872 2095 et
1901 2054 1943 2096 d.

122 2110 217 2151 Pal.
235 2109 319 2150 duo
336 2110 458 2149 Med.
479 2110 563 2149 duo
584 2110 731 2149 Heius.
760 2110 862 2149 Put.
893 2111 1003 2161 Reg.
1024 2110 1108 2150 duo
1131 2112 1280 2150 Petav.
1301 2111 1468 2150 Bonon.
1486 2110 1652 2149 Tholos.
1683 2109 1844 2148 Moret.
1876 2119 1942 2158 pr.

124 2162 264 2205 Oxou.
282 2175 346 2213 pr.
361 2165 483 2203 Voss.
502 2175 586 2202 sec.
603 2163 688 2202 duo
705 2163 732 2203 J
737 2175 806 2201 un.
820 2163 926 2202 Exc.
940 2163 1094 2202 Petav.
1113 2169 1252 2214 quart.
1271 2162 1369 2200 Ald.
1384 2163 1486 2199 Var.
1502 2163 1590 2199 LL.
1606 2173 1630 2199 e
1645 2173 1778 2211 marg.
1795 2160 1941 2199 Parm.

119 2217 178 2255 At
195 2217 296 2253 Vat.
321 2226 384 2262 pr.
407 2217 593 2252 Florent.
615 2214 759 2250 Oxou.
793 2226 880 2252 sec.
900 2215 984 2252 duo
1003 2216 1125 2250 Voss.
1148 2214 1252 2251 eod.
1276 2213 1514 2250 Bartholin.
1547 2213 1706 2258 faustas
1724 2225 1802 2262 pro
1811 2212 1943 2259 festas

120 2266 295 2318 conjicit
314 2266 529 2305 Heinsius.
559 2264 630 2303 alii
650 2264 744 2302 Pal.
764 2263 843 2301 alio
862 2264 930 2303 ed.
950 2264 1094 2303 Parm.
1133 2264 1222 2302 alioe
1239 2263 1424 2302 maxima
1445 2262 1578 2302 Codd.
1598 2275 1712 2314 pars,
1733 2264 1839 2304 Exc.
1860 2264 1945 2303 Pe-

120 2326 209 2360 tav.
231 2325 367 2372 quart.
395 2318 595 2357 succidunt
614 2317 712 2356 Vat.
730 2321 831 2356 tert.
864 2316 1005 2366 ‚limine
1023 2317 1127 2355 Vat.
1158 2328 1221 2367 pr.
1242 2317 1325 2355 inc.
1348 2316 1500 2356 Heius.
1517 2315 1702 2366 flammas
1721 2327 1799 2367 pro
1818 2317 1942 2355 toedas

118 2374 242 2413 Voss.
262 2385 347 2411 sec.
370 2371 521 2411 deerat
541 2375 682 2410 autem
701 2370 770 2408 hic
790 2381 935 2408 versus
950 2370 1050 2408 Vat.
1071 2372 1292 2409 sem—348
1322 2370 1437 2408 Nunc
1451 2369 1614 2408 Tholas.
1638 2370 1818 2419 placatur
1834 2369 1936 2410 Vnt.

123 2427 259 2478 quint.
296 2427 492 2477 placatum
525 2425 624 2463 Vat.
654 2435 718 2475 pr.
742 2423 898 2461 Petav.
919 2434 1002 2461 sec.
1023 2423 1191 2462 Tholos.
1221 2421 1367 2462 Ainb'r.
1388 2427 1487 2462 tert.
1515 2423 1642 2462 lumen
1671 2423 1769 2462 Put.
1798 2434 1940 2462 numen

122 2479 375 2531 Pa1.flumen
395 2479 582 2517 Floreat.
602 2477 685 2516 dno
708 2475 826 2515 Med.
854 2475 939 2515 duo
971 2475 1121 2515 Heius.
1155 2477 1262 2525 Reg.
1295 2475 1378 2514 duo
1400 2475 1554 2515 Petav.
1571 2475 1695 2514 Voss.
1716 2487 1778 2525 pr.
1801 2475 1940 2516 Oxou.

121 2545 206 2572 sec.
227 2533 401 2572 OE'holos.
423 2530 569 2570 Ambr.
591 2535 694 2569 tert.
716 2529 799 2568 duo
818 2528 920 2569 Jun.
951 2529 1058 2568 Exc.
1080 2529 1234 2568 Petav.
1257 2533 1396 2580 quart.
1419 2527 1518 2568 Ald.
1535 2533 1581 2567 et
1599 2529 1667 2567 ed.
1688 2528 1832 2567 Pan-m.
1852 2527 1939 2577 sul·

119 2598 206 2627 men
225 2585 307 2626 duo
326 2586 446 2625 Vatt.
467 2584 610 2624 Oxon.
643 2595 710 2635 pr.
730 2583 854 2622 Voss.
884 2593 969 2622 sec.
1009 2581 1127 2621 limen
1158 2580 1307 2623 Averni
1327 2581 1425 2622 Vat.
1459 2593 1521 2633 pr.
1554 2581 1662 2623 eod.
1697 2581 1937 2622 Bartholin.

939 2675 1114 2717 NOTAE

174 2790 254 2827 344
282 2784 536 2836 Eumenides]
563 2785 705 2824 Furiae
737 2788 835 2824 sunt
851 2784 997 2824 imme·
1062 2783 1190 2834 mina,
1207 2782 1358 2835 quibus
1375 2780 1940 2832 exertis‚ipsae‚latentesin

120 2861 263 2890 mores
281 2848 519 2897 criminum,
553 2847 607 2886 ad
640 2859 736 2899 quae
770 2847 997 2899 impellunt
1064 2858 1207 2897 arena,
1225 2858 1323 2886 aves
1340 2844 1524 2886 velutad
1538 2857 1675 2884 escam
1689 2843 1936 2885 advolantes

119 2913 326 2963 homines,
343 2912 536 2963 ipsaeque
556 2911 819 2950 immemores
838 2909 996 2949 furoris
1064 2908 1301 2960 decipiunt.
1355 2909 1367 2930 ‘
1393 2908 1598 2948 Homines
1627 2912 1839 2959 praeterea
1858 2907 1938 2948 Ce-

119 2974 359 3015 hominibus
393 2974 590 3024 timendi,
637 2978 789 3023 parant
828 2977 998 3013 cratera
1064 2976 1201 3011 rastas
1214 2971 1412 3011 cornibus
1431 2970 1617 3022 insignes
1634 2971 1734 3009 olim
1749 2969 1938 3010 tenuisse

121 3051 195 3079 seu
214 3050 290 3078 vas
308 3038 457 3089 ingens
476 3036 699 3084 vinarium,
718 3035 830 3088 quod
850 3035 892 3073 in
910 3047 997 3074 me·
1065 3036 1255 3086 Cyprum
1288 3033 1440 3074 scribit
1476 3031 1789 3082 Androclide83
1825 3031 1936 3072 nude

120 3101 193 3142 dio
214 3101 497 3150 statuebatur,
510 3099 621 3138 unde
637 3098 857 3137 haurirent
872 3109 999 3149 pocu-
1063 3097 1200 3135 insula
1215 3095 1409 3135 Cerastia
1423 3095 1537 3135 dicta
1551 3095 1647 3135 est?
1675 3093 1936 3135 Parrhasius.

118 3165 172 3205 lis
191 3163 438 3204 minoribns.
469 3162 540 3202 De
551 3161 856 3202 Eumenidibus
871 3173 1000 3213 snpra
1118 3162 1196 3198 347
1228 3158 1316 3198 Alio
1344 3158 1507 3211 lumine]
1550 3159 1646 3199 Non
1684 3156 1853 3197 funesto
1886 3161 1933 3197 et

121 3240 186 3268 vs.
207 3230 275 3267 16.
1064 3223 1216 3275 rogali,
1245 3227 1294 3262 ut
1310 3222 1515 3274 solebant,
1548 3221 1622 3261 sed
1640 3220 1720 3260 alio
1738 3219 1837 3272 igne
1855 3230 1931 3271 pu·

28 3319 38 3330 -,
173 3295 254 3332 346
286 3289 486 3341 Cerastae]
517 3287 657 3341 Κέρας,
671 3303 777 3341 ατος,
789 3293 856 3328 est
866 3300 1000 3339 cornu,
1065 3286 1181 3327 riori.

24 3350 37 3404 ζ’
119 3361 166 3396 et
185 3354 284 3395 inde
304 3353 522 3403 dicuntur,
544 3352 752 3402 Cerastae‚
778 3355 1000 3403 serpentes
1120 3351 1199 3393 348
1224 3347 1391 3402 Averni]
1415 3347 1564 3401 Supra.

121 3429 216 3472 quae
249 3414 486 3471 praeferunt
528 3413 745 3455 cornicula
775 3413 999 3467 quadrige-
