2300 3906
352 189 473 242 548

360 319 433 371 Se
456 316 663 370 famulo
688 312 886 367 servire
909 311 1065 375 negat
1085 323 1099 372 ;
1137 320 1241 357 nee
1267 306 1424 370 grata
1448 303 1733 354 timentum

360 403 611 460 Munera.
686 396 947 449 Militiam
971 392 1189 453 nullam,
1215 403 1318 439 nec
1343 387 1525 462 prima
1547 385 1821 460 superbus

361 486 595 553 Cingula
618 482 843 549 dignari.
920 478 1071 530 Nam
1097 475 1222 542 quis
1247 489 1356 524 non
1384 470 1632 550 Consule⁵
1646 470 1747 521 tali

361 570 509 623 Vilis
532 567 744 620 honos'l
788 564 1093 629 Postquam
1118 557 1379 626 precibus
1406 548 1694 606 mitescere
1717 551 1902 615 nulliS,

307 649 335 671 ‘¹‘
365 654 496 707 Non
523 668 652 704 auro
678 649 928 710 cessisse,
955 645 1140 706 videt,
1163 642 1458 706 creberque
1483 636 1712 689 recurrit

367 738 608 792 Nuntius
631 736 928 795 incassum,
953 746 1053 782 nec
1078 743 1209 797 spes
1239 726 1360 793 jam
1386 723 1614 775 foederis
1639 725 1828 786 extat3

364 820 613 875 Tandem
640 817 950 877 consilium,
975 813 1107 865 belli
1132 811 1419 863 confessus
1446 807 1662 873 agendi,

366 904 460 957 Ad
483 919 585 956 sua
607 906 753 954 tecta
774 904 956 952 vocat.
1006 897 1043 949 J
1047 910 1248 948 uvenes
1275 908 1469 944 venere
1494 890 1757 958 protervi,

368 987 700 1053 Lascivique
723 999 902 1044 seneS,
931 981 1131 1048 quibus
1157 983 1244 1030 est
1269 977 1500 1042 insignis
1526 974 1725 1027 edendi

371 1070 583 1133 Gloria,
611 1070 1010 1135 corruptasque
1036 1063 1208 1130 dapes
1233 1061 1479 1112 variasse
1503 1059 1762 1111 decorum
1785 1075 1798 1111 ε

954 193 1049 233 ch.
1087 184 1441 230 CLAUDlANI
1485 184 1600 224 XX.

2074 380 2202 434 320·

2082 802 2193 856 325

370 1237 520 1274 recusat
543 1230 734 1280 famulari
771 1241 909 1274 servo,-
949 1232 987 1267 et
1018 1227 1124 1267 dicit
1157 1229 1257 1267 dona
1275 1226 1490 1266 hominum
1509 1225 1787 1277 trepidantium
1816 1236 1891 1262 non
1920 1220 2197 1270 essejucunda.

374 1288 537 1328 Nullum
553 1286 626 1324 ille
645 1296 830 1332 arrogans
861 1282 996 1321 voluit
1014 1281 1185 1331 accipere
1212 1281 1342 1319 decus
1364 1280 1538 1318 mz'litz‘ae:
1568 1290 1687 1329 neque
1701 1277 1918 1328 principem
1949 1275 2197 1326 dignitatem.

376 1339 537 1380 Etenim
555 1351 639 1389 quae
657 1337 832 1386 dignitas
856 1349 930 1374 non
962 1336 1111 1385 abJ'ecta
1141 1339 1208 1373 est
1241 1334 1317 1373 sub
1341 1334 1503 1371 Consule
1528 1330 1632 1371 tali?
1691 1333 1948 1381 Posteaquam
1967 1328 2199 1379 Eutropius

374 1393 500 1433 cernit
517 1390 773 1440 Targibilum
806 1401 879 1428 non
902 1387 1017 1439 flecti
1046 1388 1137 1426 ullis
1168 1387 1360 1438 precibus,
1380 1399 1456 1425 non
1474 1385 1576 1425 vinci
1604 1385 1837 1431 maneribus,
1864 1388 1902 1422 et
1931 1382 2094 1422 nuncius
2110 1380 2201 1429 fre·

374 1458 491 1497 quens
508 1446 611 1484 redit
621 1443 793 1493 frustra,
810 1454 926 1493 neque
935 1442 1022 1490 jam
1041 1453 1125 1491 spes
1140 1444 1197 1479 est
1222 1440 1345 1491 pacis,
1374 1442 1528 1478 tandem
1537 1438 1673 1488 fassus
1691 1438 1832 1477 bellum
1841 1437 2071 1485 jaciendum
2091 1447 2201 1484 esse,

376 1503 559 1539 convocat
585 1498 627 1535 in
646 1498 797 1535 domum
825 1507 933 1534 suam
961 1494 1176 1534 concilium.
1227 1495 1399 1532 quenes
1415 1493 1634 1543 petulantes
1650 1492 1788 1530 adsunt
1808 1495 1847 1529 et
1870 1494 1977 1529 senes
1993 1488 2200 1538 luxuriosi,

376 1552 442 1604 qui
469 1550 693 1602 gloriantur
723 1550 916 1588 comedere
935 1548 1108 1599 egregie,
1139 1551 1178 1586 et
1208 1552 1363 1600 putant
1388 1546 1589 1597 pulchrum
1608 1544 1765 1583 mutare
1776 1545 1907 1596 epulas
1924 1543 2108 1583 vitiatas.-
2135 1541 2202 1593 qui

1143 1664 1437 1682 oe‘aeaeaeaeeaeeaeo

378 1767 477 1805 Vat.
504 1777 590 1805 sec.
621 1765 717 1803 Pal.
746 1763 830 1802 duo
850 1762 968 1802 Med.
1003 1761 1115 1814 quod
1143 1761 1348 1813 probatur
1378 1759 1570 1800 Heinsio.
1596 1763 1689 1799 nota
1720 1758 2043 1810 quatum-Vatt.
2077 1758 2206 1799 Fam.

380 1819 499 1858 Prie.
517 1820 638 1857 Rott.
659 1818 793 1857 Oisel.
810 1818 915 1855 Exc.
934 1817 1055 1856 Laeti.
1073 1820 1162 1856 tuta
1176 1816 1282 1855 Exc.
1301 1815 1405 1855 Cod.
1422 1815 1711 1853 Rhem.—-3'19
1731 1814 1934 1852 timentum
1947 1812 2045 1853 Vat.
2065 1811 2206 1852 Li'vin.

378 1874 593 1911 timendum
610 1872 702 1910 Pal.
722 1871 842 1909 Rott.
873 1870 1034 1909 Mazar.
1052 1869 1209 1908 Moret.
1248 1880 1312 1918 pr.
1338 1867 1512 1907 timentis
1538 1866 1656 1906 Med.
1689 1872 1828 1918 quart.
1860 1867 2018 1906 Thuan.
2050 1863 2203 1905 Ambr-

383 1937 449 1975 pr.
488 1924 608 1963 Leid.
638 1936 722 1962 sec.
752 1921 850 1961 Ald.
896 1923 1108 1961 timendam
1140 1923 1240 1961 Var.
1278 1921 1362 1960 LL.
1392 1920 1458 1959 ed.
1498 1920 1627 1959 Antv,
1656 1920 1869 1959 timendum
1897 1919 1967 1958 vel
2002 1919 2209 1958 timentum

382 1978 572 2017 Florent.
592 1976 712 2015 Med.
732 1987 795 2025 pr.
817 1980 861 2013 et
881 1987 965 2013 sec.
998 1975 1171 2013 timentis
1192 1974 1257 2012 vel
1273 1974 1488 2013 'trementis
1507 1975 1610 2012 Exc.
1629 1973 1942 2012 Gevart.—320
1969 1973 2085 2012 nullis
2102 1972 2207 2011 Vat.

384 2030 519 2081 quint.
546 2041 664 2080 neque
692 2029 820 2079 primu
838 2028 957 2066 Med.
978 2040 1063 2066 sec.
1095 2040 1214 2078 neque
1241 2029 1356 2077 plura
1377 2028 1624 2066 Rott.—321
1662 2027 1827 2066 Vincula
1845 2028 1951 2066 Exc.
1973 2027 2209 2066 Gevart.—-

385 2086 463 2122 323
493 2082 634 2121 tea-isse
669 2082 769 2129 Jun.
798 2083 998 2130 pr.——324
1025 2092 1109 2131 spes
1144 2081 1252 2119 modo
1288 2081 1445 2119 Moret.
1479 2084 1697 2119 sem—325
1726 2080 1926 2119 consilium
1967 2086 2055 2119 tres
2085 2080 2209 2118 Vatt.

387 2136 484 2175 Pal.
507 2136 622 2175 Prie.
642 2136 762 2173 Rott.
780 2134 911 2174 Oisel.
934 2133 1177 2172 Exc.Laeti.
1196 2133 1396 2172 concilium
1425 2133 1542 2172 Leid.
1578 2144 1640 2182 pr.
1659 2134 1811 2172 Petav.
1829 2145 1894 2184 pr.
1925 2146 1981 2173 m.
2012 2145 2096 2173 sec.
2125 2131 2212 2172 ine.

386 2188 534 2227 Heius.
579 2188 776 2227 consilium
804 2187 872 2225 vel
915 2186 1117 2225 concilium
1145 2186 1229 2224 duo
1249 2187 1371 2225 Vatt.
1415 2198 1639 2236 congressus
1660 2185 1893 2226 Med.·sec.
1937 2187 2098 2238 confisus
2113 2185 2212 2226 Pal.

388 2241 510 2281 Med.
526 2253 590 2292 pr.
620 2241 731 2279 unde
761 2239 940 2288 confusus
967 2239 1229 2290 conjiciebat
1257 2240 1608 2279 Heinsius.-—326
1636 2244 1757 2278 vocat.
1775 2252 1869 2278 cum
1889 2240 2024 2292 τελείᾳ
2051 2240 2213 2291 στιγμῇ,

389 2295 578 2333 Florent.
609 2293 729 2333 Med.
769 2305 831 2344 pr.
856 2294 1019 2332 Bonon.
1038 2291 1188 2331 Ambr.
1222 2305 1306 2332 sec.
1324 2294 1425 2332 Vat.
1448 2293 1580 2333 Livin.
1625 2294 1667 2332 in
1688 2294 1788 2333 Vat.
1815 2305 1902 2332 sec.
1939 2299 2035 2343 post
2050 2293 2215 2341 juvenes

388 2347 720 2398 interpungitur.
764 2346 971 2396 propinqui
1013 2346 1080 2384 vel
1123 2346 1298 2396 protervi
1342 2346 1462 2385 Med.
1527 2350 1750 2386 sem—327
1796 2347 2065 2397 Basconesque
2104 2357 2216 2385 senes

388 2400 709 2440 Floreat—328
746 2399 897 2438 Gratia
924 2399 990 2438 vel
1027 2400 1165 2438 Gloria
1190 2400 1291 2439 Vat.
1333 2400 1470 2450 quint.
1508 2401 1756 2451 conditasque
1784 2400 2028 2452 conjicebat
2062 2399 2216 2438 Heins-

1203 2519 1380 2560 NOTAE

444 2615 524 2652 319
552 2611 707 2651 Servire
741 2610 880 2661 negat]
925 2611 981 2651 Se
1009 2611 1265 2651 serviturum
1333 2618 1428 2653 tens
1460 2612 1619 2652 bellum
1655 2612 1867 2665 agendum
1900 2625 2019 2662 esse3
2048 2613 2215 2655 Gellius

393 2687 502 2715 esse.
1328 2676 1526 2725 confessus
1545 2677 1654 2727 ceris,
1675 2676 1718 2715 id
1753 2682 1834 2728 est,
1868 2677 2077 2716 confitens
2097 2677 2218 2717 debi-

447 2741 524 2777 321
558 2736 745 2787 Cingula]
772 2738 828 2777 Se
855 2750 939 2776 non
960 2735 1128 2789 dignari
1158 2738 1269 2778 aeci·
1335 2744 1438 2779 tum,
2199 2743 2205 2747 ”

392 2813 496 2854 pere
511 2801 667 2850 cingula
683 2801 826 2851 prima,
846 2801 928 2841 hoc
948 2808 1013 2842 est
1033 2803 1270 2854 principem

395 2863 557 2903 militiae
575 2863 844 2914 dignitatem,
877 2877 952 2903 seu
979 2866 1269 2917 magisterium

395 2927 604 2978 equitum,
636 2927 680 2966 id
713 2927 824 2978 quod
846 2929 1078 2979 Eutropius
1118 2929 1270 2969 timens

397 2988 618 3029 offerebat.
672 2990 760 3028 Per
790 2992 957 3040 Cingula
989 2992 1132 3043 prima,
1167 3006 1270 3033 non-

397 3053 502 3092 nulli
522 3053 742 3104 explicant
758 3055 907 3094 cinctus
920 3057 1064 3105 primos
1070 3069 1085 3102 ;
1101 3054 1184 3097 hoc
1204 3064 1271 3097 est

401 3116 694 3156 Consulatum.

454 3178 617 3217 Consule
634 3179 725 3229 tali]
753 3178 860 3219 Quae
881 3190 1053 3219 munera
1073 3193 1156 3221 non
1175 3183 1277 3222 vilia

401 3239 502 3291 sint,
518 3240 648 3279 dante
669 3241 906 3292 Eutropio?
962 3243 1074 3282 Nam
1094 3244 1203 3285 dona
1222 3258 1277 3285 ex

401 3302 556 3343 merito
575 3302 717 3343 dantis
738 3304 904 3343 censeri
924 3306 1076 3349 solent.

456 3368 533 3407 ³25
562 3365 670 3406 Belli
704 3365 896 3415 confessus
930 3368 1091 3418 agendi]
1138 3370 1278 3410 Confi-

1390 2806 1468 2842 327
1500 2802 1674 2853 Edendi]
1704 2802 1871 2842 Edaces
1887 2803 1986 2842 olim
2007 2803 2236 2843 vocabant
2279 2842 2281 2844 ,

1337 2866 1488 2917 asinos,
1501 2873 1548 2905 ut
1564 2867 1840 2918 abjectissimi
1856 2867 2046 2906 animalis
2064 2878 2221 2906 nomen

1336 2929 1641 2980 indignissimis
1659 2930 1899 2969 hominibus
1916 2930 2219 2981 imponeretur.

1337 2992 1408 3031 Sic
1429 2992 1712 3032 Eresichthon
1732 2994 1803 3032 ille
1822 2999 2079 3045 portentosae
2101 3004 2221 3033 vora·
2291 3017 2293 3025 ι

1340 3055 1486 3094 citatis
1519 3056 1677 3096 dicitur
1703 3056 1757 3096 ab
1777 3057 1941 3097 AEliano
1958 3053 1961 3056 ’
1978 3055 2138 3110 κάνθων,
2173 3055 2220 3097 id

1341 3125 1424 3168 est,
1444 3120 1590 3159 asinus.
1755 3159 1778 3173 Ἦ

1395 3184 1474 3220 328
1505 3180 1736 3232 Corruptus]
1764 3181 2015 3221 Gloriantur
2048 3181 2128 3221 sibi
2149 3194 2245 3234 apt

1342 3245 1442 3296 poni
1492 3247 1629 3284 varias
1677 3245 1809 3296 dapes
1850 3250 2089 3297 corruptas,
2134 3257 2221 3286 non

1343 3308 1456 3360 quod
1476 3309 1823 3360 corruptaevsint,
1855 3308 1927 3347 sed
1947 3308 2062 3360 quod
2094 3320 2224 3350 causa

1344 3371 1429 3410 sint
1450 3371 1736 3423 corruptionis
1755 3376 1802 3411 et
1819 3370 2061 3414 cruditatis.
