2300 3906
377 227 484 283 868
926 241 1020 278 cc.
1062 235 1416 277 cLAumANi
1460 219 1659 276 xxm.

373 360 677 413 Herculeas
697 357 835 410 vidit
857 355 1031 405 fluvio
1045 355 1303 406 luctante
1329 355 1619 421 palaestras

374 444 660 497 Moenibus
685 458 757 493 ex
782 440 907 491 altis
934 438 1205 506 Calydon,
1232 439 1575 506 pretiumque
1601 439 1777 490 labori

375 529 644 582 Deianira
662 526 787 588 fuit,
816 542 938 577 cum
960 530 1189 592 pectora
1218 525 1392 575 victor
1416 524 1612 576 anhelo

373 611 599 664 Alcides
627 614 906 677 premeret,
936 614 1186 675 retroque
1214 606 1518 658 Acheloius
1541 607 1639 658 iret

378 696 651 750 Decolor:
691 693 935 746 attonitae
961 693 1298 758 stringebant
1316 691 1541 742 vulnera
1568 691 1880 759 Nymphae:
2087 691 2196 743 175

376 780 585 833 Saucia
611 780 858 829 truncato
883 776 1168 844 pallebant
1191 774 1424 827 flumina
1447 789 1631 826 cornu.

375 865 460 917 Te
485 879 592 915 non
615 861 988 927 Hesperidum
1012 860 1217 927 pomiS,
1238 876 1343 911 non
1368 874 1526 910 amne
1552 860 1800 924 subact0‚

378 948 510 1001 Non
534 960 783 998 socerum
804 943 1028 995 fallente
1053 949 1197 1006 rota,
1224 942 1319 994 sed
1338 942 1532 1011 judice
1556 942 1754 1008 dignus

378 1031 656 1097 Auguste,
682 1029 852 1082 variis
880 1027 1144 1080 Stilichon
1170 1033 1455 1095 spectatus
1481 1025 1726 1079 inarmis

378 1113 624 1182 Accipit,
649 1117 704 1165 et
726 1113 879 1179 regni
905 1113 1066 1164 dotes
1094 1113 1290 1166 virtute
1317 1112 1557 1180 paravit.
2098 1111 2206 1166 180

380 1200 546 1267 Saepe
574 1199 745 1250 duces
770 1196 998 1248 meritas
1023 1196 1168 1247 bello
1189 1197 1421 1248 tribuere
1446 1210 1713 1248 coronas:

379 1283 552 1336 Hunc
579 1282 748 1348 cingit
771 1281 995 1333 muralis
1018 1281 1228 1334 honos:
1264 1281 1408 1333 hunc
1429 1283 1610 1333 civica
1631 1294 1874 1348 quercus

378 1456 552 1505 celerem,
568 1459 784 1505 sequentem
799 1466 915 1494 cursu
932 1458 971 1493 et
981 1453 1130 1504 gladio.
1153 1454 1328 1506 Calydon
1347 1466 1397 1493 ex
1416 1453 1540 1493 muris
1557 1453 1721 1492 excelsis
1734 1451 1924 1504 spectavit
1938 1452 2082 1491 luctam
2100 1451 2208 1492 Her·

380 1510 478 1548 milis
496 1521 581 1547 cum
587 1508 717 1559 fluvio
742 1511 960 1557 pugnante,
978 1507 1016 1546 et
1040 1506 1236 1553 Dejanira
1245 1507 1454 1556 praemium
1469 1505 1645 1544 victoriae
1662 1504 1817 1554 extitit,
1828 1517 1914 1543 cum
1933 1505 2125 1544 Hercules
2139 1506 2208 1544 do-

379 1562 501 1600 mitor
518 1560 693 1599 obrueret
708 1560 926 1610 praecordia
941 1559 1122 1597 Acheloi
1138 1558 1370 1606 anhelantis,
1399 1561 1439 1596 et
1466 1558 1558 1607 ipse
1587 1557 1778 1596 Achelous
1793 1557 1963 1608 pallidus
1971 1556 2133 1606 fugeret
2147 1570 2209 1597 re·

379 1618 445 1651 tro
457 1626 471 1651 .-
517 1612 710 1663 Nymphae
744 1611 1019 1661 obstupefactae
1046 1610 1223 1659 ligabant
1247 1612 1385 1661 plagas
1414 1610 1526 1660 ejus,
1559 1614 1597 1649 et
1617 1610 1741 1662 fluvii
1771 1610 1966 1650 vulnerati
1984 1622 2210 1660 expavesce*-

381 1665 475 1704 bant
492 1677 611 1703 cornu
627 1665 820 1702 mutilato.
876 1663 1043 1703 Stilicho
1073 1665 1185 1702 ducit
1223 1669 1276 1710 te,
1304 1677 1329 1702 ο
1362 1665 1536 1711 Serena,
1566 1675 1642 1702 non
1673 1663 1800 1715 pomis
1830 1663 2104 1715 Hesperidum,
2135 1676 2212 1703 nou

367 1719 498 1770 fluvio
517 1716 700 1767 edomito,
713 1729 790 1756 nou
816 1729 931 1755 curru
944 1716 1159 1767 decipiente
1176 1728 1362 1766 socerum,
1385 1717 1451 1755 sed
1476 1716 1708 1767 promeritus
1736 1718 1924 1756 delectum
1960 1716 2213 1768 Imperatoris

378 1770 625 1819 Theodosii,
644 1770 737 1820 ipse
755 1770 992 1809 exercitatus
1005 1770 1047 1808 iu
1066 1769 1172 1808 bellis
1183 1770 1362 1819 diversis,
1394 1773 1432 1809 et
1459 1771 1616 1822 peperit
1632 1770 1710 1808 sibi
1724 1770 1872 1810 virtute
1891 1783 1969 1809 sua
1987 1772 2211 1809 ornamenta

379 1823 552 1863 familiae
570 1823 730 1873 regalis.
774 1823 1012 1873 Frequenter
1038 1824 1219 1862 ductores
1252 1825 1442 1862 dederunt
1471 1835 1629 1862 coronas
1647 1823 1879 1874 promeritas
1899 1825 1941 1862 in
1967 1823 2085 1863 bello.-
2113 1823 2213 1862 hunc

380 1877 662 1918 Stilichonem
672 1879 787 1916 ornat
805 1889 943 1916 corona
958 1875 1149 1917 muralis:
1167 1877 1257 1916 huic
1277 1888 1434 1916 corona
1448 1877 1570 1916 civica
1581 1889 1632 1917 ex
1650 1889 1788 1928 quercu
1801 1877 1944 1928 ligavit
1954 1880 2069 1928 caput
2080 1890 2093 1916 .·
2112 1876 2214 1916 hunc

1150 1983 1198 1998 OC
1202 1983 1322 1999 “ff'‘
1326 1984 1448 1999 “O“

380 2051 465 2092 inc.
486 2051 638 2092 Heius.
659 2051 827 2092 Bonon.
859 2050 944 2091 duo
962 2051 1119 2091 Petav.
1157 2051 1241 2091 duo
1275 2049 1425 2091 Ambr.
1454 2051 1616 2092 Moret.
1635 2063 1703 2103 pr.
1738 2051 1844 2092 Cod.
1873 2050 2029 2112 Epigr.
2059 2049 2210 2092 Ambr.

379 2105 490 2145 Exc.
512 2105 614 2144 Pat.
634 2116 721 2145 rec.
740 2109 786 2143 et
802 2104 981 2144 Lucem.
1001 2107 1199 2154 pr.-—173
1223 2108 1378 2155 pectore
1399 2112 1484 2143 tres
1502 2105 1633 2155 Vatt.,
1652 2105 1749 2143 Pal.
1770 2104 1894 2144 Rott.
1924 2103 2056 2144 Oisel.
2078 2103 2212 2146 Gesn.

381 2162 427 2196 et
445 2156 513 2197 ed.
532 2158 708 2208 Bipont.
732 2160 890 2207 pectora
907 2158 1074 2196 Bonon.
1092 2157 1252 2196 Moret.
1269 2169 1331 2207 pr.
1348 2156 1491 2196 Oxou.
1513 2169 1600 2196 sec.
1626 2161 1786 2208 pectora
1811 2158 1948 2196 anhela
1969 2158 2036 2196 vel
2053 2160 2212 2207 pectora

386 2210 523 2250 Victor
540 2210 678 2249 anhelo
706 2209 966 2260 conjiciebat
999 2209 1152 2249 Heins.
1195 2210 1321 2248 luctor
1346 2222 1423 2260 pro
1447 2211 1571 2249 victor
1602 2209 1759 2249 Petav.
1789 2213 1991 2261 pia—174
2015 2214 2213 2262 premeret

378 2261 529 2302 Ambr.
550 2275 613 2314 pr.
631 2275 684 2301 m.
704 2274 768 2312 pr.
785 2262 976 2310 fremeret
993 2270 1080 2300 tres
1101 2263 1221 2302 Vatt.
1243 2263 1339 2301 Pal.
1357 2264 1474 2302 Rott.
1495 2263 1763 2303 oisel.-175
1782 2262 1931 2310 funera
1951 2275 2028 2314 pro
2047 2264 2211 2303 vulnera

378 2315 484 2354 Vat.
514 2327 601 2355 sec.
635 2315 728 2354 Pal.
751 2315 887 2354 Oisel.
920 2316 1007 2353 duo
1026 2315 1146 2354 Med.
1182 2314 1331 2355 Ambr.
1353 2328 1413 2365 pr.
1446 2316 1601 2355 Petav.
1629 2327 1712 2355 sec.
1745 2314 1852 2354 Cod.
1885 2317 2034 2367 Epigr.
2059 2315 2212 2356 Ambr.

378 2367 536 2408 Sched.
557 2368 806 2408 Gna—176
832 2367 1067 2418 plaudebant
1089 2379 1165 2418 pro
1182 2368 1376 2417 pallebant
1396 2368 1516 2408 Med.
1535 2380 1620 2407 sec.
1642 2367 1754 2407 unde
1772 2369 2010 2420 squallebant
2029 2368 2210 2419 conjicit

380 2421 668 2461 Heins.-—-177
698 2433 796 2460 nunc
817 2421 1230 2471 Hesperidum...nunc
1249 2421 1328 2461 inc.
1351 2421 1637 2462 Heins.-1⁷8
1663 2422 1806 2460 socium
1823 2433 1899 2472 pro
1916 2434 2085 2461 socerum
2103 2422 2213 2462 Bus-

379 2474 456 2514 lid.
494 2478 619 2513 rotam
638 2474 759 2513 Med.
792 2477 997 2524 piu—1⁷9
1023 2477 1247 2524 scruptatus
1274 2486 1352 2525 pro
1383 2479 1580 2525 spectatus
1607 2474 1908 2514 Buslid.-181
1936 2475 2098 2515 meritas
2123 2475 2214 2514 belli

381 2527 490 2568 Exc.
516 2528 619 2568 Pat.
648 2539 733 2568 rec.
760 2527 882 2567 Rott.
927 2526 1083 2566 meritis
1102 2533 1191 2567 tres
1210 2527 1334 2567 Vatt.
1363 2527 1459 2570 Pal.
1486 2528 1626 2569 Oisel.
1672 2528 1763 2568 belli
1794 2527 1944 2569 Ambr.
1974 2531 2211 2570 tert—182

1204 2642 1390 2685 No'rAE

380 2733 522 2775 aureis
541 2747 566 2774 a
583 2734 754 2774 Venere
773 2734 982 2787 acceptis,
1020 2734 1063 2774 in
1091 2735 1260 2788 Hespe·
1328 2747 1549 2789 pomenes.

380 2796 521 2837 ridum
538 2798 664 2837 horto
683 2798 812 2848 natis,
825 2797 1002 2845 delusit,
1018 2798 1140 2846 vicit,
1155 2798 1263 2838 dux·
1383 2800 1478 2841 Non
1494 2810 1607 2839 amne
1621 2797 1799 2851 subacto]
1826 2798 1888 2839 Ut
1901 2797 2127 2839 Hercules.

378 2861 499 2913 itque
531 2859 781 2901 Atalantam
799 2873 809 2898 :
852 2860 930 2900 sed
973 2874 1072 2901 mox
1119 2861 1261 2912 ambo,
1383 2866 1463 2902 178
1492 2862 1585 2902 Non
1614 2874 1785 2903 socerum
1807 2861 1976 2912 fauente
1992 2860 2100 2912 rota]
2147 2861 2211 2902 Ut

380 2934 478 2962 cum
495 2923 722 2974 Templum
757 2923 943 2976 Cybeles
976 2936 1119 2964 amore
1151 2937 1262 2976 prae-
1329 2925 1505 2978 Pelops.

381 2988 555 3035 postero
571 2986 818 3035 violassent,
838 2987 907 3026 hic
931 2987 974 3025 in
991 2987 1174 3039 leonem,
1189 2987 1281 3029 illa¹
1385 2992 1465 3030 180
1491 2988 1627 3039 Regni
1652 2987 1783 3039 dotes]
1827 2987 2097 3028 ornamenta
2131 2999 2210 3028 seu

380 3046 426 3087 in
445 3046 622 3086 leaenam
642 3060 850 3087 convvi-sa
869 3055 950 3089 est.
1331 3052 1531 3091 honorem
1576 3049 1794 3090 affinitatis
1820 3061 1916 3089 cum
1943 3050 2096 3101 Regali
2132 3061 2208 3091 seu

436 3112 513 3149 171
544 3109 778 3160 Herculeas]
808 3111 1019 3150 Hercules
1036 3124 1114 3162 pro
1134 3113 1280 3165 Deja-‚
1330 3112 1617 3164 Imperatoria
1634 3110 1806 3152 familia.

380 3170 476 3213 nira
506 3172 633 3213 OEnei
651 3173 880 3224 'Calydone
912 3175 1128 3224 regnantis
1163 3174 1267 3225 filia,
1384 3178 1463 3214 182
1491 3174 1661 3222 Muralis
1673 3173 1809 3225 honos]
1848 3175 2018 3216 Corona
2032 3174 2206 3216 muralis

381 3244 480 3273 cum
498 3232 689 3275 Acheloo
709 3233 838 3274 fluvio
857 3236 1041 3276 luctatus
1057 3242 1139 3287 est,
1152 3249 1265 3277 eum·
1330 3236 1450 3278 facta
1465 3237 1506 3276 in
1525 3237 1718 3290 speciem
1734 3237 1938 3278 minarum
1956 3237 2081 3288 muri,
2098 3242 2145 3279 et
2163 3238 2206 3278 ei

382 3307 469 3349 que
489 3307 626 3346 cornu
657 3303 881 3348 amputato
913 3298 1031 3339 vicit.
1088 3299 1170 3340 His
1199 3297 1263 3339 fa·
1330 3299 1526 3352 decreta,
1543 3299 1618 3354 qui
1635 3297 1798 3353 primus
1818 3309 1986 3341 murum
2004 3299 2208 3345 conscen-

379 3361 492 3403 bulis
508 3361 649 3402 omnia
666 3362 808 3413 plena.
962 3403 973 3411 ,
1331 3362 1478 3405 disset.

437 3427 514 3466 177
535 3423 627 3467 Non
644 3424 906 3479 Hesperidum
914 3425 1062 3479 pomis]
1079 3423 1143 3468 Ut
1153 3425 1258 3480 Hip-

2287 3878 2300 3906 ...-
2288 3681 2300 3862 *m-nss—-s
2284 3528 2300 3646 .--——]-.
