2300 3906
340 187 446 241 848
573 202 666 240 cr..
704 200 936 239 GLAUD.
975 195 1208 237 xxvm.
1250 193 1330 233 DE
1372 193 1457 232 vi.
1496 195 1673 235 cons.
1714 199 1947 239 HoNon.

340 321 595 373 Diversis
621 334 841 386 gessere
866 316 1030 377 lociS,
1057 329 1160 365 ceu
1183 313 1427 378 Numen,
1454 315 1700 368 adorent.

342 405 511 457 Hunc
535 410 590 456 et
613 405 855 471 quinque
881 400 979 463 tui,
1006 398 1096 451 vel
1120 413 1263 466 quos
1285 398 1570 463 habiturus
1595 402 1652 453 in
1671 402 1862 453 orbem

342 490 484 541 Post
509 491 666 551 alios,
692 486 957 553 Auguste,
985 485 1166 537 colant
1187 501 1199 536 :
1238 485 1369 536 licet
1400 502 1538 537 unus
1561 487 1618 538 in
1642 500 1832 538 omnes

338 572 547 626 'Consul
581 589 694 635 eaS,
721 587 918 638 magno
957 575 1149 622 sextus
1182 576 1369 621 tamen
1404 571 1506 622 iste
1543 571 1798 637 superbit

341 657 600 720 Nomine,
626 656 919 723 praeteritis
943 655 1151 718 melior,
1175 655 1527 707 venientibus
1553 660 1763 707 auctor.
2061 651 2170 705 660

339 801 537 840 bellicosus
569 799 846 850 Theodosius,
872 803 910 838 et
951 798 1176 850 Principes
1204 799 1470 849 praecedentes
1503 802 1688 838 rexerunt
1716 799 1760 838 in
1789 797 1911 837 variis
1939 797 2032 836 locis
2063 800 2170 846 ante,

340 856 482 894 colant
518 855 628 892 hunc
660 865 828 904 aunum,
855 857 1038 903 tanquam
1075 853 1203 891 Deum
1235 851 1418 890 omnium.
1475 851 1612 890 Etiam
1642 852 1871 892 Consulatus
1902 850 2067 902 quinque
2099 849 2174 899 tui,

339 908 400 946 vel
418 920 509 957 quos
542 910 812 945 consecuturus
827 918 866 944 es
884 906 925 943 in
944 906 1166 954 circuitum,
1195 906 1296 944 hunc
1317 910 1485 944 sextum
1515 910 1758 954 venerentur,
1777 918 1802 943 o
1830 905 2021 953 Princeps
2041 917 2053 942 .·
2081 915 2172 941 nam

339 961 414 1001 etsi
434 962 578 998 Consul
594 961 649 998 sis
666 971 738 1009 pro
756 959 869 997 annis
882 959 1046 1007 cunctis,
1076 959 1140 998 hic
1157 963 1287 998 tamen
1319 962 1455 998 sextus
1475 960 1675 1009 gloriatur
1706 960 1821 998 titulo
1853 958 2021 1008 ingenti,
2049 955 2172 1003 mtu'or

334 1013 568 1063 praeteritis,
588 1013 801 1062 exemplum
806 1011 1053 1059 futurorum.

1100 1118 1401 1133 ‘O‘OOO‘O‘OOO

337 1195 459 1234 Rott.
482 1194 591 1242 Reg.
638 1198 820 1245 retroque
834 1193 957 1233 Leid.
976 1205 1062 1233 sec.
1081 1198 1127 1233 et
1142 1194 1466 1246 quatuordecim
1484 1193 1618 1234 Codd.
1635 1195 1740 1234 Exc.
1761 1195 1939 1234 Gevart.
1960 1194 2063 1232 Var.
2084 1194 2172 1233 LL.

338 1261 362 1287 e
379 1261 512 1299 marg.
535 1249 674 1288 Parm.
694 1253 738 1286 et
756 1249 823 1288 ed.
845 1246 975 1287 Antv.
1014 1251 1194 1298 retroque
1225 1249 1291 1288 vel
1313 1250 1512 1299 Regesque
1534 1249 1682 1288 Petav.
1703 1260 1768 1299 pr.
1816 1252 1995 1298 retroque
2014 1246 2171 1298 proba-

338 1302 413 1341 bat
435 1302 654 1351 Heinsius,
687 1301 764 1339 sed
783 1301 885 1339 nihil
907 1301 972 1339 hic
1006 1313 1051 1339 se
1081 1308 1247 1343 mutare
1281 1303 1449 1351 scribit,
1478 1302 1576 1353 qnia
1596 1302 1728 1351 Reges
1758 1306 1803 1340 et
1823 1300 2053 1352 posteriori
2079 1312 2171 1339 aevo

339 1355 630 1406 Imperatores
659 1354 779 1393 dicti.
817 1355 900 1393 vid.
935 1354 1114 1393 Casaub.
1148 1354 1202 1393 ad
1237 1355 1399 1394 Histor.
1431 1354 1541 1405 Aug.
1563 1367 1603 1406 p.
1635 1358 1838 1394 ’ΔΖ-656
1867 1353 2032 1393 Diversi
2049 1354 2170 1393 Med.

339 1415 479 1459 quau.
517 1420 669 1457 gessere
690 1408 806 1446 Getis
824 1407 943 1446 Leid.
959 1420 1024 1458 pr.
1043 1420 1099 1445 m.
1117 1419 1183 1458 pr.
1227 1420 1339 1458 egere
1360 1409 1427 1447 vel
1443 1421 1595 1458 gessere
1614 1409 1767 1447 Petav.
1787 1420 1850 1458 pr.
1893 1409 2026 1446 adoret
2046 1407 2169 1446 Leid.

338 1473 426 1500 sec.
449 1462 541 1500 Pal.
573 1460 691 1500 Med.
722 1472 788 1510 pr.
825 1461 992 1499 Bonon.
1028 1461 1135 1499 Exc.
1164 1461 1346 1500 Gevart.
1388 1463 1554 1499 adorant
1572 1461 1673 1500 Jun.
1694 1473 1758 1510 pr.
1781 1462 1922 1499 Oxou.
1945 1472 2029 1498 sec.
2052 1460 2172 1499 Med.

337 1520 481 1565 quart.
503 1516 603 1553 Put.
623 1514 925 1553 'Pholoe—657
954 1514 1115 1551 honores
1148 1525 1226 1562 pro
1263 1513 1306 1551 in
1333 1512 1461 1551 orbem
1481 1513 1640 1551 Moret.
1661 1523 1727 1562 pr.
1770 1514 1813 1550 in
1837 1512 1927 1550 orbe
1951 1512 2067 1551 Prie.
2087 1513 2172 1553 ine.

337 1566 485 1605 Heius.
533 1567 660 1605 orbem
682 1566 820 1604 Oisel.
843 1566 961 1604 Med.
983 1570 1124 1614 quart.
1146 1577 1242 1604 cum
1264 1567 1404 1616 glossa
1423 1565 1451 1604 i.
1473 1577 1506 1604 e.
1523 1565 1566 1603 in
1585 1566 1785 1605 circulum.
1831 1565 1963 1603 urbem
1980 1565 2080 1604 Vat.
2103 1577 2168 1615 pr.

336 1620 438 1657 Var.
460 1620 548 1657 LL.
568 1620 638 1657 ed.
661 1617 927 1657 Anna—658
962 1618 1058 1655 Post
1078 1618 1166 1656 illos
1196 1618 1456 1670 conjiciebat
1485 1617 1635 1656 Heius.
1677 1618 1859 1668 Augusta
1891 1618 2009 1657 Med.
2031 1624 2171 1671 quart.

335 1683 435 1710 unus
451 1672 492 1710 in
511 1684 630 1710 annos
650 1672 745 1709 Pal.
760 1671 878 1709 Med.
900 1673 1104 1721 pr.--659
1132 1670 1196 1710 ille
1214 1670 1317 1711 Jun.
1340 1684 1402 1721 pr.
1430 1671 1548 1711 Farn.
1569 1671 1733 1711 Tbuan.
1753 1671 1903 1710 Ambr.
1923 1683 1987 1722 pr.
2000 1672 2170 1712 Tholos.

334 1724 412 1763 iste
425 1725 617 1763 Florent.
640 1724 724 1763 duo
746 1724 865 1764 Med.
892 1725 974 1763 duo
994 1722 1144 1763 Ambr.
1162 1724 1263 1764 Put.
1278 1726 1384 1774 Reg.
1410 1726 1569 1763 Mazar.
1584 1725 1749 1764 Bonon.
1771 1726 1870 1764 Pat.
1893 1730 1979 1764 tres
2018 1725 2171 1765 Petav.

336 1778 422 1817 inc.
440 1777 592 1816 Heius.
615 1778 722 1818 Exc.
744 1778 924 1816 Lucens.
956 1789 1019 1827 pr.
1037 1776 1104 1816 ed.
1124 1777 1264 1817 Vicet.
1303 1778 1384 1831 ipse
1404 1778 1573 1818 Claver.
1601 1790 1679 1817 esse
1693 1780 1792 1817 Vat.
1815 1790 1880 1828 pr.
1902 1777 2041 1818 Oisel.
2056 1777 2171 1818 unde

334 1842 419 1870 ecce
451 1832 533 1881 leg.
566 1830 849 1870 Heins.—660
882 1832 1046 1870 Consule
1075 1842 1154 1881 pro
1182 1832 1354 1871 Nomine
1372 1832 1455 1872 inc.
1479 1831 1627 1872 Heius.
1652 1832 1893 1872 venientibus
1922 1832 2028 1871 ultro
2046 1831 2171 1871 Leid.

335 1896 421 1925 sec.
438 1897 492 1923 m.
512 1897 574 1934 pr.
593 1889 702 1924 actor
721 1885 816 1923 Pal.
837 1884 958 1924 Med.
978 1897 1042 1935 pr.
1062 1884 1166 1924 Put.

389 1938 442 1976 In
464 1939 567 1978 Luc.
602 1951 665 1988 pr.
695 1938 749 1976 ad
770 1938 929 1978 calcem
954 1937 1197 1989 legebatur,
1224 1938 1402 1990 Explicit
1433 1939 1704 1991 Panegyricus
1734 1940 1782 1978 de
1813 1942 1925 1978 sexto
1955 1938 2170 1978 Consulatu

336 1989 512 2030 Honorii
546 1993 734 2042 Augusti.
774 1992 873 2031 Vat.
892 2003 957 2042 pr.
989 1991 1132 2039 habet,
1159 1992 1229 2031 DE
1250 1993 1519 2033 CONSULATU
1550 1993 1760 2033 Houonu
1792 1991 1912 2032 Aua.
1948 2002 2170 2032 sxpmcrr.

335 2055 435 2083 mox
464 2046 726 2097 sequebatur
745 2044 1008 2096 Deprecatio
1029 2045 1083 2083 ad
1104 2044 1390 2096 Hadrianum,
1410 2052 1454 2085 et
1474 2047 1608 2085 multa
1627 2047 1965 2099 Epigrammata.

1169 2152 1345 2192 NOTAE

389 2234 470 2271 656
501 2230 674 2282 Numen]
707 2230 821 2283 Ipsis
841 2231 1091 2282 Principum
1108 2232 1218 2271 Con·
1286 2238 1400 2283 acta,
1420 2237 1464 2272 et
1484 2237 1695 2284 praeterea
1726 2231 1780 2272 ob
1810 2230 2064 2271 felicitatem
2085 2231 2169 2272 Im-

335 2295 542 2335 sulatibus
598 2294 834 2334 attributus
870 2300 938 2334 est
973 2295 1091 2334 velut
1128 2294 1217 2346 qui·
1286 2301 1485 2347 peratore
1500 2296 1683 2335 Consule
1704 2300 1934 2351 speratam.

335 2357 432 2396 dam
455 2356 634 2406 Genius,
653 2369 726 2396 seu
748 2358 919 2397 Numen
938 2358 1124 2410 aliquod.
1347 2360 1615 2410 Venientibus]
1645 2360 1813 2411 Dignus
1841 2366 1908 2400 est
1926 2360 1993 2399 hic
2015 2372 2166 2412 annus,

388 2422 466 2458 657
519 2418 566 2457 ln
602 2418 748 2470 orbem]
803 2421 1075 2470 Consulatus,
1113 2433 1217 2472 quos
1287 2424 1408 2475 cujus
1443 2423 1656 2463 felicitate
1689 2422 1929 2462 futurorum
1961 2423 2166 2463 Consula-

336 2494 459 2533 geres
495 2482 536 2520 in
574 2482 813 2522 circuitum.
867 2481 954 2522 Alii
982 2483 1146 2535 legunt,
1173 2485 1217 2525 in
1287 2492 1406 2526 tuum
1425 2485 1612 2526 felicitas
1634 2485 1889 2526 definiatur:
1923 2485 2074 2538 dignus
2100 2491 2166 2525 est

340 2544 459 2594 Urbe,
490 2544 624 2584 Roma
647 2545 828 2586 scilicet.
1281 2549 1525 2600 Imperator
1546 2548 1854 2601 Consul‚quem
1875 2547 2165 2589 omnesfuturi

388 2610 468 2646 660
496 2608 722 2648 Praeteritis
739 2609 894 2661 melior]
924 2608 994 2650 Ob
1023 2610 1214 2651 caerimo-
1281 2613 1489 2654 Consules
1507 2612 1740 2655 imitentur.

333 2669 441 2723 nias,
461 2671 655 2727 honoreS,
672 2678 718 2713 et
747 2673 829 2714 alia
854 2674 1046 2715 solennia
1067 2673 1215 2716 Romae
