2300 3906
323 185 433 240 838

323 318 495 370 Ornet
521 316 659 379 aviS‚
688 316 775 367 vel
802 313 956 381 quod
981 312 1190 379 rigidos
1217 313 1433 365 vibrata
1459 331 1555 382 per
1580 329 1764 368 armos

322 401 518 454 Rubra
543 401 645 452 sub
670 404 844 450 aerato
865 398 1170 464 crispentur
1195 398 1376 450 serica
1410 399 1590 451 dorso.

320 485 467 538 Tum
491 484 594 536 tibi
618 497 943 548 magnorum
966 496 1202 531 mercem
1230 480 1477 533 Fortuna
1499 483 1755 534 laborum

324 568 621 628 Persolvit,
646 565 915 617 Stilichon
940 582 953 630 ;
993 581 1151 616 curru
1178 582 1305 618 cum
1329 570 1521 618 vectus
1545 566 1739 618 eodem
1812 580 1815 581 ’

322 647 473 704 Urbe
498 650 923 717 triumphantem
949 665 1206 717 generum
1230 650 1459 701 florente
1477 650 1707 718 juventa

322 737 704 803 ConspicereS,
733 735 1005 803 illumque
1031 734 1177 786 diem
1201 735 1304 786 sub
1332 735 1495 786 corde
1525 734 1769 798 referreS,

322 820 454 885 Quo
480 821 580 872 tibi
601 819 837 871 confusa
859 820 1046 872 dubiis
1071 819 1359 872 formidine
1383 819 1549 870 rebus

320 904 598 957 Infantem
625 904 839 969 genitor
863 905 1102 955 moriens
1130 903 1407 955 commisit
1432 901 1705 954 alendum.

321 988 571 1041 Virtutes
597 988 770 1039 variae
797 987 1004 1039 fructus
1027 991 1541 1064 sensere-receptos
1567 1003 1579 1037 z

850 201 945 239 CL.
986 194 1343 237 anumANl
1383 190 1620 235 xxvnr.

2042 645 2152 699 580

318 1149 463 1190 fasciae
481 1151 618 1190 sericoe
634 1152 801 1201 agitatae
818 1164 888 1202 per
906 1164 1035 1191 armos
1067 1153 1165 1204 equi
1186 1152 1354 1202 ferreos,
1371 1151 1569 1203 fluctuent
1586 1149 1654 1189 sub
1685 1151 1798 1189 dorso
1817 1149 1971 1188 aheneo.
2033 1148 2158 1198 Tunc,

321 1217 346 1244 ο
366 1204 545 1255 Stilicho,
552 1204 719 1251 fortuna
736 1206 851 1244 solvit
872 1205 947 1244 tibi
966 1208 1177 1246 mercedem
1197 1206 1396 1256 factorum
1416 1205 1648 1255 ingentium,
1677 1215 1763 1242 cum
1781 1209 1827 1242 tu
1845 1202 2019 1241 invectus
2033 1213 2157 1240 curru

318 1260 465 1307 eodem,
482 1259 635 1298 videres
651 1259 692 1296 in
712 1259 806 1298 urbe
828 1260 960 1313 Roma
975 1272 1164 1309 generum
1185 1265 1302 1300 tuum
1321 1258 1627 1309 triumphantem
1643 1257 1684 1295 in
1698 1258 1805 1309 flore
1825 1255 1972 1304 oetatis,
1992 1258 2031 1293 et
2048 1267 2156 1294 revo-

317 1324 426 1351 cares
443 1312 486 1351 in
506 1312 728 1351 memoriam
755 1324 840 1351 eum
868 1312 986 1362 diem,
1004 1326 1077 1364 quo
1103 1317 1216 1364 poter
1250 1313 1342 1364 ejus
1373 1310 1633 1351 Theodosius
1661 1312 1862 1358 emoriens,
1881 1308 2050 1347 credidit
2078 1306 2156 1347 tibi

319 1365 455 1417 ipsum
472 1364 662 1414 infantem
680 1366 931 1416 educandum,
951 1367 1113 1416 imperio
1131 1366 1355 1418 fluctuante
1373 1365 1427 1405 ob
1447 1365 1607 1404 timores
1634 1365 1774 1403 varios.
1831 1363 1959 1402 Nunc
1987 1361 2158 1401 virtutes

1091 1483 1385 1498 “O“O‘OO‘OO

317 1565 434 1613 galea
452 1564 550 1603 Vat.
569 1576 632 1614 pr.
651 1577 704 1604 m.
726 1567 924 1614 pix—576
956 1565 1084 1602 Ornat
1105 1562 1255 1602 Ambr.
1275 1575 1338 1613 pr.
1359 1562 1443 1602 inc.
1460 1554 1621 1602 Heius.
1642 1561 1734 1612 quid
1757 1560 1862 1599 Exc.
1884 1561 2068 1601 Lucens.
2090 1573 2156 1611 pr.

317 1616 385 1666 qui
403 1616 472 1655 ed.
491 1617 635 1655 Vicet.
650 1617 902 1667 quadrijugos
920 1628 996 1665 pro
1015 1618 1116 1667 quod
1133 1616 1284 1665 rigidos
1298 1617 1393 1655 Vat.
1414 1627 1501 1655 sec.
1517 1616 1620 1654 Var.
1633 1615 1717 1654 LL.
1733 1613 1805 1653 ed.
1824 1612 1956 1653 Antv.
1975 1613 2157 1654 umbrata

320 1680 397 1719 pro
425 1668 580 1707 vibrata
600 1670 701 1709 Put.
733 1674 875 1708 ornata
912 1669 1010 1709 Pat.
1044 1669 1198 1708 vibrata
1220 1669 1287 1714 vel
1319 1673 1458 1708 ornata
1475 1669 1579 1708 Vat.
1608 1670 1807 1719 pr.—5⁷⁷
1834 1667 2026 1706 subaerato
2057 1668 2158 1708 Vnt.

319 1721 456 1761 Livin.
475 1726 599 1760 cerato
611 1722 712 1761 Vat.
734 1734 799 1772 pr.
816 1727 939 1761 oerato
959 1722 1027 1761 vel
1046 1726 1185 1761 aurato
1203 1722 1303 1763 Vat.
1322 1728 1426 1762 tert.
1444 1723 1635 1773 crispetur
1650 1722 1778 1761 Farn.
1794 1721 2017 1771 crispantur
2037 1719 2156 1760 Med.

316 1786 401 1815 sec.
430 1774 531 1813 Put.
561 1774 709 1815 Ambr.
737 1779 939 1826 pru—578
972 1776 1073 1815 Tum
1106 1777 1267 1815 Mor-et.
1301 1789 1367 1827 pr.
1402 1777 1519 1816 Nunc
1538 1775 1656 1815 Med.
1690 1786 1756 1826 pr.
1778 1773 1899 1813 Hune
1933 1774 2026 1813 Pal.
2051 1774 2157 1813 Tunc

318 1833 501 1879 quatuor
518 1828 636 1868 Vatt.
659 1830 782 1869 Faru.
804 1830 919 1869 Prie.
942 1830 1064 1870 Rott.
1091 1829 1190 1868 mihi
1220 1829 1338 1870 Med.
1358 1841 1444 1869 sec.
1468 1833 1635 1869 mentem
1667 1840 1747 1879 pro
1777 1839 1939 1867 mercem
1956 1827 2059 1868 Jun.
2091 1839 2156 1878 pr.

283 1901 291 1908 «
316 1893 398 1921 sese
417 1882 485 1920 vel
500 1894 662 1921 mercem
678 1883 773 1922 Vat.
795 1895 860 1932 pr.
882 1885 1069 1922 malorum
1099 1883 1196 1922 Pal.
1229 1883 1350 1922 Med.
1383 1885 1584 1935 ρι’.-579
1613 1887 1699 1921 tum
1731 1885 1862 1921 rectus
1894 1881 2054 1920 Moret.
2090 1892 2156 1932 pr.

317 1940 516 1974 convectas
532 1935 680 1975 PetaV.
700 1948 785 1976 sec.
800 1937 904 1976 var.
920 1937 1006 1977 LL.
1028 1936 1094 1976 ed.
1115 1935 1246 1976 Antv.
1265 1939 1444 1976 devectus
1460 1936 1610 1977 Ambr.
1628 1938 1865 1975 tert.-—580
1875 1933 2060 1983 fulgente
2077 1946 2156 1985 pro

304 1988 477 2039 florente
497 1989 613 2028 Prie.
643 1989 764 2029 Med.
792 1995 934 2040 quart.
968 1991 1052 2030 inc.
1084 1990 1371 2030 Heins.-581
1405 1989 1656 2042 conspiciens
1675 1987 1828 2028 Ambr.
1864 2000 1927 2039 pr.
1946 1987 2154 2038 Aspiceres

318 2041 477 2082 Moret.
497 2054 561 2092 pr.
578 2041 747 2090 referres
763 2044 830 2082 vel
852 2047 1003 2082 teneres
1022 2043 1163 2083 Oxon.
1182 2047 1405 2084 sea-582
1437 2044 1545 2088 Quid
1566 2044 1724 2083 Moret.
1749 2054 1813 2093 pr.
1838 2042 1952 2085 Quod
1966 2040 2066 2080 Jun.
2088 2052 2155 2092 pr.

317 2097 450 2133 —583
479 2095 647 2135 moriens
661 2097 821 2145 genitor
840 2096 934 2136 Pal.
956 2097 1076 2136 Med.
1098 2108 1162 2147 pr.
1187 2098 1356 2137 'Moret.
1375 2109 1443 2148 pr.
1475 2096 1689 2136 habendum
1721 2108 1797 2146 pro
1814 2095 1994 2134 alendum
2014 2093 2154 2134 Oisel.

316 2151 451 2187 -584
486 2148 690 2187 Virtutum
720 2150 887 2188 Mazar.
910 2149 1061 2200 fluctus
1080 2148 1230 2189 Ambr.
1248 2162 1313 2200 pr.
1347 2151 1453 2189 Lov.
1483 2162 1540 2189 m.
1562 2161 1625 2200 pr.
1635 2148 1816 2197 fructum
1840 2151 2038 2198 receptum
2057 2147 2155 2187 Pal.

318 2199 439 2241 Med.
460 2213 524 2253 pr.
532 2201 712 2249 fructum
731 2206 925 2253 receptum
946 2203 1014 2242 vel
1022 2203 1183 2252 fructus
1208 2207 1382 2253 receptos
1399 2202 1519 2243 Med.
1542 2205 1816 2255 quart.—585
1847 2201 2055 2241 Desertum
2075 2212 2155 2252 pro

1145 2333 1326 2374 NOTAE

317 2438 384 2466 res
406 2430 452 2465 et
470 2424 828 2467 formidabiliores
850 2434 1128 2480 apparerent,
1147 2441 1201 2468 ex

315 2489 515 2540 Polybio.

369 2557 450 2593 577
478 2553 633 2606 Serica]
662 2555 876 2608 Intelligit
909 2556 1065 2598 fascias
1097 2558 1201 2599 seri·

315 2629 403 2667 cos,
421 2617 575 2669 quibus
591 2631 714 2659 enses
734 2620 1120 2671 suspendebantur.

369 2683 449 2720 578
478 2682 671 2733 Mercem]
701 2683 740 2721 Ο
760 2683 955 2734 Stilicho,
989 2684 1070 2727 tibi
1093 2697 1201 2737 prae-

315 2744 446 2785 mium
462 2758 658 2798 magnum
681 2746 851 2787 fortuna
867 2749 1089 2799 persolvit,
1105 2761 1201 2789 cum

316 2808 462 2850 effecit
482 2816 531 2850 ut
553 2810 724 2850 videres
757 2812 1091 2863 triumphantem
1113 2808 1222 2852 Ho-'

316 2873 493 2923 notium,
522 2875 595 2926 qui
615 2874 670 2914 ad
691 2874 734 2914 id
757 2875 842 2915 tuis
871 2875 1084 2915 laboribus
1105 2888 1199 2927 per-

316 2945 509 2977 venerat.

367 3002 447 3038 580
496 3000 678 3040 Florente
718 3001 904 3052 juventa]
958 3002 1195 3054 Virgilius:

317 3061 331 3085 ‘
352 3060 495 3101 Ambo
513 3060 719 3101 florentes
740 3064 972 3113 aetatibus‚'
990 3067 1071 3103 ὅτε.

368 3127 448 3163 582
480 3123 652 3172 Confusa
672 3125 909 3177 formidine]
951 3128 1105 3167 Dubiis
1133 3140 1198 3167 re-

314 3183 410 3238 bus,
438 3186 517 3226 hoc
539 3194 620 3235 est,
653 3187 840 3238 Imperio
873 3190 1014 3239 dubio,
1044 3189 1196 3231 flnctu-

1271 2433 1410 2469 erant.

1324 2495 1403 2532 583
1434 2490 1635 2541 Infantem
1662 2491 1861 2542 alendum]
1905 2491 2046 2544 Supra
2075 2504 2154 2532 εα-

1270 2556 1386 2608 pius:
1434 2556 1509 2596 sed
1554 2561 1697 2595 tamen
1741 2555 1957 2596 Honorius
1997 2556 2155 2609 agebat

1270 2626 1358 2660 tum
1380 2632 1512 2659 annos
1533 2619 1747 2660 undecim.

1323 2687 1403 2723 584
1437 2683 1623 2735 Fructus]
1651 2683 1864 2732 virtutes,
1895 2682 2018 2734 fides,
2052 2694 2151 2724 cou-

1268 2747 1441 2797 stantia,
1468 2747 1692 2799 pietasque
1726 2746 1975 2786 Stilichonis
2009 2758 2151 2786 seuse-

1267 2815 1367 2850 runt
1397 2822 1443 2850 se
1481 2810 1696 2861 recepisse
1745 2809 1913 2850 fructus
1951 2810 2149 2850 debitos:

1266 2872 1372 2913 fides
1398 2874 1508 2913 enim
1545 2874 1703 2924 gaudet
1723 2885 1768 2912 se
1793 2885 1981 2912 servasse
2001 2871 2149 2911 Hono-

1266 2937 1371 2975 rium
1393 2949 1471 2976 ceu
1486 2936 1743 2988 depositum,
1759 2936 1928 2986 hocque
1948 2933 2148 2985 gaudium

1267 3011 1442 3050 magnus
1459 3005 1526 3038 est
1545 2997 1644 3037 fidei
1665 2996 1840 3036 fructus.
1882 2996 1952 3034 Sic
1973 2995 2027 3035 de
2049 3009 2148 3036 con-

1266 3056 1426 3100 stanti'a
1458 3067 1500 3099 et
1539 3060 1703 3110 pietate
1738 3058 2020 3098 sentiendum.
2075 3058 2148 3099 Sic

1265 3124 1396 3173 magis
1419 3122 1615 3162 laudatur
1631 3122 1852 3171 Lycurgus
1879 3123 1990 3172 quod
2013 3120 2148 3165 filium

1265 3185 1409 3224 fratris
1428 3186 1511 3224 τοῖς
1535 3183 1772 3235 σπαργάνοις
1790 3183 2148 3236 σπαργανούμενον,

314 3257 430 3303 ante,
466 3259 511 3291 et
543 3252 658 3296 velut
692 3252 853 3292 ruinam
887 3255 1111 3294 minitante
1141 3255 1194 3294 ob
1252 3247 1398 3296 fasciis
1413 3249 1642 3297 involutum,
1673 3247 1861 3287 fideliter
1898 3249 2066 3300 aluerit,
2099 3253 2147 3289 et

312 3313 581 3355 formidinem
625 3321 921 3367 tyrannorum,
971 3330 997 3356 a
1040 3319 1193 3370 quibus
1261 3312 1343 3363 ipsi
1372 3323 1550 3363 regnum
1569 3311 1826 3365 restituerit,
1850 3324 1977 3366 quam
1996 3311 2034 3352 si
2051 3311 2149 3366 ipse

313 3377 454 3420 omnia
473 3377 648 3420 turbata
668 3390 820 3434 prope,
856 3384 987 3434 atque
1018 3379 1197 3422 confusa
1262 3380 1498 3431 regnasset.
