2300 3906
704 240 782 281 DE
823 239 1022 277 nunno
1059 237 1282 276 enrico
1324 237 1443 276 ms.
1871 227 1980 282 717

170 355 340 408 Paene
363 356 538 408 tribus
558 355 805 421 scopulis
831 355 1042 408 coelesti
1065 356 1323 408 machina
1353 355 1520 408 bello.

170 432 280 491 Sed
307 446 456 492 caret
479 445 677 490 eventu
698 440 899 492 nimius
931 440 1112 492 furor:
1150 442 1405 509 improba
1425 455 1702 508 nunquam

170 522 313 589 Spes
337 523 523 575 laetata
548 520 672 573 dius
712 538 810 574 nec
836 539 1127 590 pervenere
1155 524 1397 591 juventae

171 603 370 658 Robur
395 603 640 656 Aloidae.
715 605 862 658 Dum
888 607 1091 659 vellere
1116 606 1316 659 Pelion
1344 606 1487 658 Otus

171 689 393 751 Nititur,
419 689 677 741 occubuit
700 689 942 752 Phoebo,
966 690 1316 756 moriensque
1340 688 1629 756 Ephialtes
1916 692 1989 745 75

167 770 236 825 In
258 773 398 823 latus
426 772 711 839 obliquam
736 773 972 842 projecit
993 772 1288 838 languidus
1314 771 1537 826 Ossam.

240 851 474 921 Aspice,
502 853 704 919 Roma,
727 860 881 908 tuum
896 856 1015 924 jam
1040 856 1239 908 vertice
1266 856 1464 908 celsior
1487 857 1734 911 hostem:

169 934 394 1004 Aspice,
420 953 587 1005 quam
609 954 788 990 rarum
810 939 1046 991 referens
1072 939 1332 1006 inglorius
1358 956 1549 1006 agmen

170 1020 338 1073 Italia
361 1021 616 1073 detrusus
640 1026 757 1074 eat:
796 1029 1168 1092 quantumque
1194 1025 1363 1091 priori

168 1169 313 1211 avulsis
330 1169 456 1209 tribus
474 1170 643 1222 rupibus.
699 1172 757 1211 At
774 1171 898 1212 nimia
915 1173 1070 1212 insania
1101 1186 1176 1213 non
1206 1173 1320 1213 habet
1349 1175 1523 1215 exitum.-
1549 1187 1635 1226 spes
1667 1174 1770 1216 mata
1797 1188 1875 1217 nun

166 1222 252 1262 fuit
268 1223 337 1262 diu
355 1223 520 1271 hilerim
549 1236 669 1275 neque
687 1225 842 1264 Aloidae
859 1227 1082 1275 attigerunt
1105 1227 1184 1265 vim
1202 1226 1436 1275 juventutis.
1495 1229 1597 1267 Otus
1610 1229 1701 1267 dum
1718 1233 1876 1268 conatur
1893 1230 1994 1269 avel-

169 1276 248 1315 lere
281 1276 419 1316 Pelion
446 1282 646 1326 montem,
671 1279 819 1318 occisus
837 1283 896 1318 est
916 1280 970 1318 ab
988 1279 1183 1330 Apolline,
1210 1284 1248 1318 et
1280 1280 1484 1330 Ephialtes
1517 1282 1655 1320 cadens
1685 1281 1826 1328 abjecit
1853 1281 1994 1323 debilis

174 1330 313 1369 Ossam
326 1333 584 1369 transversam
598 1331 640 1370 in
652 1332 767 1371 latus.
783 1331 822 1371 O
841 1332 980 1380 Roma,
994 1332 1081 1370 vide
1095 1335 1207 1371 tuum
1221 1332 1382 1382 hostem,
1398 1333 1611 1382 altiorjam
1626 1339 1717 1373 toto
1733 1335 1880 1384 capite.-
1893 1335 1996 1385 vide,

170 1394 283 1434 quam
293 1394 440 1434 paucas
457 1385 643 1424 reducens
660 1389 812 1424 turmas
828 1385 1086 1435 ignominiose
1105 1385 1219 1425 abeat
1237 1386 1418 1437 depulsus
1434 1386 1558 1426 ltalia
1570 1399 1583 1426 .·
1600 1390 1638 1427 et
1655 1390 1842 1439 quantum
1855 1387 1997 1426 disere·

935 1511 1011 1526 ‘ff‘
1015 1509 1056 1526 Ὀ
1064 1511 1156 1527 ‘N‘
1160 1510 1232 1526 000

174 1588 300 1629 Laeti.
326 1590 495 1641 repulsis
524 1590 611 1632 inc.
641 1592 791 1633 Heius.
820 1595 919 1635 Pat.
948 1594 1051 1634 Var.
1075 1595 1156 1635 LL.
1187 1605 1212 1634 e
1232 1606 1364 1646 marg.
1385 1594 1636 1637 Parm.-'71
1664 1594 1818 1646 populis
1834 1593 1998 1638 Mazar.

172 1643 337 1683 coelestis
373 1644 491 1684 Rott.
513 1644 645 1686 Oisel.
660 1646 835 1686 Tholos.
856 1648 1017 1688 Moret.
1038 1650 1232 1688 sem—73
1257 1660 1469 1700 provenere
1485 1648 1644 1688 Moret.
1663 1651 1837 1700 pre-74
1863 1651 1997 1691 Aleia·

173 1698 235 1735 ‹1oe
271 1695 415 1737 Oxon.
445 1709 507 1748 pr.
535 1699 712 1738 Aloi'adoe
741 1700 855 1741 Prie.
894 1701 1083 1741 Floreat.
1120 1700 1239 1741 Med.
1277 1713 1361 1741 sec.
1394 1701 1556 1741 Mazar.
1588 1701 1743 1741 Petav.
1775 1712 1862 1741 sec.
1891 1703 1997 1745 Exc.

174 1749 357 1791 Lucens.
386 1762 452 1802 pr.
480 1751 677 1791 ‚Alioi'adoe
714 1754 815 1794 Lov.
851 1754 1011 1794 Moret.
1042 1767 1129 1795 sec.
1160 1753 1285 1794 Alcioe
1312 1755 1414 1794 Var.
1447 1754 1535 1798 LL,
1565 1753 1633 1794 ed.
1659 1753 1794 1797 Autv.
1822 1754 1999 1798 Liciadoe

174 1802 318 1842 Oxou.
356 1815 443 1843 sec.
471 1804 649 1844 Alciadoe
683 1806 806 1847 Leid.
826 1819 891 1858 pr.
921 1807 1096 1847 Alciadoe
1125 1809 1245 1847 Rott.
1267 1807 1398 1848 Oisel.
1417 1807 1604 1847 devellere
1636 1806 1757 1847 Med.
1787 1819 1873 1847 sec.
1898 1810 2000 1850 Otus

173 1855 275 1894 Vat.
297 1855 435 1896 Livin.
469 1858 583 1896 Otris
601 1858 671 1897 ed.
691 1860 832 1900 Vicet.
864 1862 966 1912 Otys
982 1862 1085 1901 Vat.
1103 1866 1240 1914 quart.
1260 1861 1343 1901 inc.
1365 1860 1518 1900 Heius.
1539 1859 1660 1900 Leid.
1681 1873 1767 1901 sec.
1787 1859 1894 1902 Lov.
1914 1863 1999 1915 duo

174 1906 329 1948 Petav.
348 1909 450 1948 Var.
465 1909 552 1949 LL.
574 1922 597 1948 e
612 1923 746 1962 marg.
765 1914 909 1952 Parm.
933 1914 1026 1952 Otis
1042 1915 1143 1953 Vat.
1165 1914 1300 1964 quint.
1318 1914 1412 1952 Pal.
1432 1914 1557 1952 Farn.
1589 1913 1718 1964 Othys
1734 1914 1893 1953 Moret.
1914 1927 1999 1956 sec.

177 1961 297 2000 ochis
313 1961 434 2001 Leid.
455 1974 520 2013 pr.
544 1962 677 2004 Oisel.
698 1965 889 2005 Florent.
912 1971 997 2006 tres
1026 1967 1145 2006 Med.
1177 1967 1280 2007 Put.
1314 1967 1480 2004 Thuan.
1515 1966 1677 2004 Mazar.
1712 1967 1864 2006 PetaV.
1894 1972 1998 2008 tert.

175 2014 343 2054 Bonon.
358 2015 526 2055 Tholos.
546 2015 697 2057 Ambr.
731 2030 797 2068 pr.
817 2020 977 2060 Moret.
999 2031 1065 2069 pr.
1095 2019 1165 2070 qui
1187 2025 1233 2058 et
1255 2019 1360 2069 Ophi
1378 2018 1526 2067 habet,
1551 2019 1652 2056 Var.
1670 2019 1755 2058 LL.
1776 2019 1845 2057 ed.
1865 2018 1998 2060 Antv.

179 2067 321 2107 Otli'ris
336 2067 439 2108 Jun.
461 2069 605 2109 Oxon.
625 2082 711 2110 sec.
744 2071 839 2110 Oris
856 2072 971 2112 Pric.
1003 2072 1098 2111 Otri
1127 2071 1277 2111 Ambr.
1309 2083 1395 2111 sec.
1428 2070 1555 2110 Othus
1571 2069 1720 2111 Ambr.
1744 2077 1845 2111 tert.
1878 2072 2004 2125 Otrys

175 2119 282 2160 Vat.
303 2133 368 2173 pr.
386 2126 432 2161 et
446 2126 549 2163 tert.
565 2123 690 2163 Rott.
723 2124 821 2164 Otos
837 2125 936 2164 Pat.
969 2125 1082 2164 Ossoe
1101 2125 1207 2175 Reg.
1239 2126 1342 2176 Otry
1362 2125 1468 2163 Exc.
1484 2123 1610 2163 Laeti.
1642 2124 1773 2175 Otryn
1792 2130 1879 2164 vet.
1894 2125 2002 2177 Gyr.

179 2172 429 2227 othynAld.
461 2176 557 2215 Osse
576 2178 641 2215 vel
665 2177 805 2217 Othris
826 2177 971 2218 Oxon.
993 2190 1058 2228 pr.
1087 2177 1291 2217 Heinsius
1322 2177 1582 2228 ascripserat
1615 2188 1732 2229 seqq.
1761 2178 1816 2217 de
1835 2177 1924 2219 Oto
1957 2184 2003 2219 et

177 2226 380 2279 Ephialte
402 2227 486 2268 vid.
502 2230 624 2281 Virg.
642 2230 685 2269 in
703 2231 949 2284 Culice,qni
966 2232 1039 2270 hos
1059 2230 1164 2270 duos
1180 2230 1418 2282 conjunxit.
1436 2230 1599 2281 Hygin.
1616 2229 1721 2271 Fab.
1740 2233 1806 2270 28.
1826 2231 2003 2273 Lucian.

176 2291 222 2332 p.
237 2283 260 2320 7
265 2284 331 2321 3⁷.
352 2285 447 2321 819.
476 2283 529 2320 de
552 2284 630 2322 Oto
651 2284 898 2324 Callimach.
919 2285 1079 2334 Hymn.
1095 2286 1141 2331 in
1159 2285 1287 2324 Dian.
1307 2283 1384 2323 sub
1403 2282 1549 2334 finem,
1574 2289 1619 2323 et
1639 2289 1761 2323 notas
1781 2284 2004 2324 Frischlini

209 2362 220 2374 .
231 2336 407 2374 36.-—·75
427 2335 598 2376 Phoebus
609 2337 764 2377 Petav.
782 2341 980 2378 see—76
990 2337 1187 2388 ,obliquum
1197 2337 1402 2376 droatt.
1417 2336 1514 2376 Pat.
1528 2336 1719 2387 obliquum
1731 2337 1799 2375 vel
1811 2337 2006 2388 obliquam

218 2391 331 2428 etav.
363 2391 538 2440 pin—⁷7
574 2390 740 2430 Deerat
772 2390 842 2429 hic
879 2403 941 2430 vs.
978 2391 1134 2439 Moret.
1170 2402 1255 2429 sec.
1285 2394 1331 2429 et
1362 2388 1512 2428 Ambr.
1541 2392 1734 2429 sene—⁷8
1764 2390 1904 2430 Deest
1935 2390 2004 2430 hic

178 2450 325 2480 versus
343 2441 480 2481 tribus
493 2441 622 2482 Vatt.
642 2442 736 2483 Pal.
758 2442 896 2483 Oisel.
916 2442 1055 2488 tribus
1070 2442 1189 2482 Med.
1221 2443 1304 2482 inc.
1340 2441 1492 2480 Heius.
1512 2441 1614 2480 Put.
1645 2441 1809 2481 Thuan.
1835 2442 2004 2496 Bouou-

177 2490 278 2532 Pat.
298 2491 464 2532 duobus
478 2494 632 2535 Petav.
650 2495 830 2534 totidem
851 2495 1000 2534 Ambr.
1020 2494 1090 2534 ed.
1105 2495 1251 2534 Vicet.
1270 2499 1314 2533 et
1325 2495 1427 2533 Var.
1449 2494 1532 2532 LL.
1552 2493 1622 2532 ed.
1642 2492 1772 2533 Antv.
1793 2494 1834 2533 in
1851 2495 2004 2536 PetaV.

179 2555 243 2595 pr.
272 2552 415 2585 autem
440 2547 622 2598 margini
642 2548 851 2597 ascriptus
878 2553 985 2587 erat.
1017 2547 1180 2598 Respice
1199 2548 1305 2587 Exc.
1338 2547 1522 2585 Lucens.
1553 2558 1615 2596 pr.
1662 2546 1811 2594 referas
1834 2547 2004 2587 Tholos.

179 2600 286 2636 -79
312 2599 493 2638 decursus
511 2600 631 2639 Med.
652 2612 716 2650 pr.
734 2600 838 2639 Var.
858 2600 944 2639 LL.
965 2611 989 2638 e
1008 2612 1141 2650 marg.
1161 2599 1304 2639 Parm.
1332 2600 1511 2638 decursus
1530 2599 1597 2637 vel
1616 2600 1794 2638 detrusus
1811 2600 2004 2640 Florent.

180 2649 335 2691 PetaV.
355 2664 418 2703 pr.
435 2664 530 2693 cum
549 2653 700 2705 glossa,
727 2654 738 2676 ‘
761 2653 940 2693 decursa
956 2652 1184 2692 novissima
1202 2659 1315 2692 meta
1336 2651 1432 2692 est!
1461 2656 1546 2691 erut
1565 2664 1646 2703 pro
1665 2657 1730 2692 eat
1743 2653 1844 2694 Vat.
1861 2659 2003 2706 quart.

986 2758 988 2763 ⁴
1007 2760 1183 2800 NOTAE

234 2855 286 2892 71
319 2853 476 2893 Coelesti
494 2853 608 2906 bello]
639 2855 764 2896 Quod
786 2859 934 2895 contra
966 2855 1059 2895 Coe-
1128 2858 1280 2906 gantes
1316 2853 1391 2906 qui
1424 2851 1550 2895 Aloei
1586 2851 1874 2894 credebantur
1897 2853 2008 2904 ‚filiu

181 2916 271 2955 lum
289 2927 314 2955 a
337 2915 583 2967 gigantibus
602 2918 863 2958 movebatur.
1127 2929 1282 2957 novem
1301 2917 1412 2957 enim
1431 2921 1597 2956 tantum
1610 2928 1742 2956 annos
1754 2916 2007 2967 attigerunt.

237 2980 290 3018 72
322 2978 441 3018 Caret
459 2980 615 3031 eventu]
661 2980 672 3001 ‘
697 2980 775 3020 Vis
811 2978 959 3020 consili
992 2990 1063 3022 ex·
1128 2980 1316 3020 Undevet
1327 2980 1528 3020 dicuntur
1540 2980 1593 3019 ab
1607 2977 2007 3031 Homero,em'oepoa:

183 3033 282 3092 pers
301 3041 412 3081 mole
431 3041 517 3080 ruit
534 3041 639 3081 sua!
692 3043 910 3084 Horatius.
949 3043 1068 3082 Μισεῒ
1131 3041 1240 3082 ἐννέα
1253 3055 1401 3088 novem,
1428 3041 1507 3092 ὥρα
1534 3053 1673 3090 annus,
1693 3044 1856 3092 tempus.

183 3100 292 3155 γὰρὸ
303 3102 400 3144 Θεὸς
414 3103 488 3151 τὴν
500 3103 606 3155 βίαν,
628 3106 738 3145 Deus
751 3105 834 3145 odit
847 3106 939 3145 cim.
978 3106 1062 3145 Eu-
1182 3108 1234 3144 74
1263 3104 1404 3143 Pelion
1490 3103 1648 3155 Ossam]
1692 3102 1803 3143 Sunt
1840 3107 2008 3144 montes

187 3166 364 3219 ripides.
1128 3167 1373 3209 Thessaliae.

239 3231 291 3269 78
318 3229 436 3282 Spes]
464 3231 549 3273 Qui
567 3232 696 3272 malas
726 3244 824 3284 spes
859 3232 904 3272 in
933 3230 1063 3272 corde
1184 3234 1237 3270 77
1272 3229 1428 3270 Vertice
1456 3227 1613 3279 celsior]
1642 3227 1787 3270 Altior
1816 3232 1907 3268 toto
1940 3238 2009 3266 ca·

187 3289 306 3333 fovet
323 3304 407 3334 non
425 3294 499 3334 diu
515 3295 703 3336 laetatur.
1131 3294 1237 3346 pite,
1256 3294 1325 3333 vel
1339 3292 1558 3333 sublimior
1576 3304 1632 3331 ex
1651 3291 1829 3332 collibus
1845 3288 2005 3340 aspice.

242 3346 459 3395 Pet-venere
472 3357 609 3409 robur]
635 3358 736 3401 Non
753 3369 990 3414 pervenere
1009 3355 1064 3406 ad
1183 3360 1237 3396 78
1267 3356 1420 3396 Rarum
1435 3355 1595 3406 agmen]
1635 3354 1797 3394 Milites
1832 3362 2007 3404 paucos,

190 3415 319 3456 robur
347 3416 542 3468 ,iuventa
570 3418 756 3474 Aloidae,
796 3432 878 3464 seu
905 3420 970 3465 illi
1000 3419 1065 3473 gi-
1127 3430 1291 3472 eosque
1309 3418 1522 3473 dispersos
1538 3428 1589 3458 ac
1607 3416 1815 3469 palantes.
