2300 3906
854 200 1014 242 LAUS
1053 202 1331 244 SERENAE.

139 308 273 363 Non
294 311 438 364 ludit
462 311 703 365 Galatea
725 330 957 380 procax,
983 335 1087 370 non
1113 320 1397 388 improbus
1424 322 1593 376 audet

135 392 390 460 Tangere
418 395 767 462 Cymothoen
793 399 1014 454 Triton:
1055 408 1287 471 totoque
1311 419 1536 458 severos

134 476 343 530 Indicit
370 495 544 529 mores
564 480 760 546 pelago
784 485 960 549 pudor
982 503 994 538 :
1034 487 1274 553 ipsaque
1303 488 1534 541 Proteus

135 559 304 625 Arcet
329 563 400 613 ab
426 563 687 628 amplexu
713 569 863 633 turpi
895 567 1179 635 Neptunia
1203 575 1466 622 monstra.

135 644 302 695 Tales
325 644 633 711 sceptriferi
662 648 859 702 visurae
886 657 1032 703 tecta
1056 653 1301 720 parentis

138 727 334 778 Limen
369 728 720 782 Honoriades
747 740 1030 799 penetrant
1050 735 1232 802 regale
1258 751 1494 790 sororeS.

138 810 351 863 Ambas
377 812 468 863 ille
495 814 718 880 quidem
744 820 921 883 patrio
949 820 1269 887 complexus
1297 836 1481 872 amore
1503 838 1516 873 ε

139 895 252 947 Sed
275 896 467 947 merito
491 899 666 963 pietas
691 900 747 950 in
771 907 826 952 te
851 904 1149 969 proclivior
1172 905 1306 957 ibat.

140 979 211 1030 Et
235 981 466 1046 quotieS,
492 997 669 1032 rerum
694 985 867 1035 moles
890 991 952 1037 ut
975 987 1201 1053 publica
1228 988 1394 1054 cogit,

137 1061 386 1124 Tristior,
415 1068 508 1114 aut
531 1063 612 1114 ira
638 1067 878 1118 tumidus
903 1068 1173 1134 flagrante
1199 1071 1430 1131 redibat,

142 1143 283 1196 Cum
308 1149 522 1212 patrem
546 1149 657 1199 nati
682 1148 946 1214 fugerent,
977 1157 1145 1219 atquc
1173 1153 1298 1220 ipsa
1318 1155 1531 1205 timeret

1858 657 1969 711 130

1859 1072 1967 1125 135
1984 1084 1990 1086 ’

139 1320 242 1346 rum.
287 1308 455 1348 Galatea
470 1311 647 1359 petulans
665 1323 740 1350 non
758 1313 939 1358 lascivit‚·
966 1315 1105 1353 Triton
1119 1317 1245 1354 malus
1257 1329 1335 1355 non
1353 1317 1468 1355 audet
1482 1319 1694 1355 attrectare
1717 1314 1976 1366 Cymothoen,

137 1365 176 1399 et
194 1362 423 1400 verecundia
441 1362 607 1413 imperat
626 1377 749 1403 mores
766 1365 917 1413 rigidos
937 1366 978 1404 in
1001 1369 1102 1406 mari
1120 1369 1310 1416 universo,
1329 1374 1367 1407 et
1388 1370 1554 1407 Proteus
1566 1368 1745 1418 prohibet
1766 1369 1813 1407 ab
1831 1369 1977 1407 amori-

139 1413 208 1453 bus
222 1413 435 1453 inhonestis
448 1421 630 1465 portenta
647 1417 731 1467 ipsa
753 1418 978 1468 Neptunia:
1007 1422 1106 1459 tales
1121 1433 1269 1460 sorores
1287 1420 1386 1460 filiae
1414 1422 1580 1459 Honorii
1597 1421 1784 1458 invisum:
1807 1421 1977 1468 Regiam

134 1466 345 1518 patrissui
366 1468 558 1521 adoptivi
594 1470 864 1520 Imperatoris,
897 1472 1048 1512 intrant
1080 1476 1208 1512 aulam
1241 1474 1552 1524 Imperatoriam.
1610 1474 1687 1512 Ille
1720 1477 1821 1511 certe
1841 1472 1997 1512 Theo-²

141 1519 402 1567 dosiusfovet
420 1525 620 1572 utramque
637 1524 768 1561 studio
786 1528 946 1573 paterno
961 1538 974 1564 .·
1016 1530 1058 1564 at
1069 1527 1160 1573 jure
1181 1528 1271 1576 pius
1298 1540 1407 1566 amor
1425 1527 1516 1577 ejus
1533 1528 1695 1576 pronior
1714 1530 1796 1563 erat
1818 1526 1859 1564 in
1877 1530 1930 1575 te,
1949 1538 1975 1565 ο

141 1572 324 1612 Serena:
342 1577 395 1622 et,
405 1577 448 1612 ut
463 1576 692 1623 magnitudo
703 1576 860 1626 publica
873 1577 1117 1625 negotiorum
1135 1579 1319 1629 opprimit
1336 1580 1468 1629 illuni,
1482 1579 1773 1628 quotiescunque
1791 1579 1978 1628 moestior,

139 1629 210 1664 aut
226 1629 387 1675 turgens
400 1626 603 1667 iracundia
620 1630 779 1667 ardente
794 1631 1072 1678 revertebatur,
1092 1635 1129 1670 et
1150 1644 1236 1670 cum
1242 1631 1329 1684 filii
1349 1631 1557 1671 Arcadius
1579 1636 1623 1669 et
1644 1631 1861 1669 Honorius
1878 1631 1976 1682 effic-

137 1683 277 1728 gerent
292 1683 494 1730 parentem
525 1693 659 1733 suum,
676 1684 716 1720 et
736 1680 924 1722 Flaccilla
941 1683 1027 1734 ipsa
1046 1683 1286 1731 formidaret
1312 1685 1511 1734 conjugem
1539 1685 1702 1734 iratum,
1720 1687 1763 1722 tu
1780 1695 1858 1722 una
1875 1685 1977 1723 vale·

912 1785 1210 1801 OOOOOOOOOOO

144 1854 222 1892 127
253 1853 493 1893 Cimothoe'm
507 1854 668 1895 Thuan.
714 1855 963 1907 Cymotho‘e'm
998 1855 1158 1896 Moret.
1176 1869 1242 1908 pr.
1283 1856 1512 1896 Cimodocen
1539 1857 1647 1895 Exc.
1673 1856 1773 1894 Pat.
1808 1856 1892 1894 rec.
1919 1866 1976 1894 m.

143 1917 228 1945 sec.
256 1910 426 1958 totosque
443 1908 546 1947 Vat.
567 1912 666 1947 tert.
686 1908 804 1947 Med.
834 1912 1053 1948 δρα-128
1082 1909 1231 1948 Incidit
1258 1911 1361 1948 Rott
1401 1909 1501 1948 Put.
1522 1909 1624 1948 Var.
1645 1909 1734 1947 LL.
1756 1907 1822 1946 ed.
1842 1907 1974 1946 Antv.

143 1958 286 1997 Intulit
314 1959 452 2000 Oxon.
487 1972 572 2000 sec.
602 1961 748 2000 Indicit
781 1966 867 2000 tres
898 1962 1020 2000 Med.
1052 1961 1135 2001 inc.
1165 1962 1316 2001 Heius.
1347 1938 1510 2000 'finiam
1532 1961 1616 1999 duo
1636 1961 1790 1999 Petav.
1811 1961 1977 1999 Bonon.

143 2010 228 2050 duo
248 2010 398 2052 Ambr.
418 2014 579 2053 Moret.
596 2026 658 2064 pr.
680 2013 844 2053 Buslid.
866 2014 970 2053 cod.
1003 2015 1150 2064 Epigr.
1179 2014 1327 2054 Ambr.
1354 2016 1461 2053 Exc.
1479 2015 1579 2053 Pat.
1599 2026 1684 2052 rec.
1703 2014 1883 2052 Lucens.
1905 2023 1974 2062 pr.

144 2063 212 2104 ed.
233 2064 378 2103 Parin.
425 2078 608 2105 memores
639 2079 717 2118 pro
748 2079 871 2105 mores
899 2068 998 2106 Vat.
1029 2071 1268 2107 tert.-—l29
1296 2069 1468 2118 implexa
1499 2067 1795 2106 Rasum—131
1827 2065 1978 2103 Lumen

142 2116 237 2156 Pal.
267 2118 520 2157 Honoriadas
539 2120 776 2158 Pan—132
803 2119 946 2169 patria>
975 2120 1134 2159 Moret.
1168 2123 1370 2170 [πη-133
1400 2121 1504 2158 inter
1534 2119 1670 2168 proin
1700 2122 1739 2156 te
1769 2119 1875 2155 Exc.
1899 2117 1979 2154 Lu-

143 2181 258 2209 cenS.
280 2175 480 2222 pru—134
509 2177 578 2211 aut
602 2172 759 2222 publica
778 2173 878 2212 Vat.
897 2184 964 2223 pr.
999 2172 1093 2211 Pal.
1122 2171 1206 2211 duo
1228 2173 1347 2211 Med.
1369 2172 1451 2211 inc.
1473 2172 1622 2211 Heius.
1644 2172 1751 2209 Exc.
1771 2170 1870 2208 Pat.
1893 2181 1979 2208 rec.

144 2234 199 2261 m.
234 2235 317 2264 sec.
346 2230 392 2263 et
425 2227 606 2266 Lucens.
637 2228 835 2276 pr.—l35
865 2229 981 2276 utque
1005 2225 1069 2264 ira
1101 2226 1219 2265 Rott.
1249 2226 1397 2265 rediret
1428 2226 1526 2264 Vat.
1554 2229 1652 2263 tert.
1696 2223 1849 2262 redibat
1879 2222 1980 2261 Vat.

145 2276 285 2317 Livin.
307 2290 403 2318 cum
419 2278 569 2317 decem
585 2278 691 2329 aliis,
709 2279 813 2318 Exc.
834 2279 1017 2318 Lucens.
1039 2290 1104 2330 pr.
1126 2278 1193 2319 ed.
1214 2279 1492 2319 Parm.-136
1516 2281 1631 2329 pater
1649 2281 1686 2315 et
1706 2276 1793 2316 nati
1812 2275 1979 2317 Buslid.

972 2381 1155 2423 NOTAE

200 2479 280 2516 126
310 2475 498 2526 Galatea]
544 2476 745 2528 Nympha
779 2475 840 2515 sic
868 2475 1027 2515 dicitur

146 2537 222 2578 ἀπὸ
235 2539 306 2577 τοῦ
323 2536 539 2588 γάλακτος,
555 2551 580 2577 a
597 2538 719 2577 Lacte
736 2549 812 2577 seu
830 2538 1011 2576 candore.

229 2601 450 2653 Improbas]
520 2600 681 2649 Malus,
727 2600 862 2649 salax,
906 2599 1027 2638 lasci-

145 2676 240 2716 vus,
272 2664 522 2704 Alexander
563 2663 617 2703 ab
654 2662 779 2702 Alex⁴
835 2664 847 2685 ‘
871 2661 1025 2702 Tenet'

147 2727 262 2766 enirn
281 2727 292 2748 ‘
314 2727 442 2765 fama’
463 2727 665 2766 Tritones
696 2727 708 2747 ‘
725 2726 962 2775 Vener-eos,
981 2734 1029 2765 et

147 2789 476 2842 flagrantissime
503 2790 727 2829 mulierum
757 2789 936 2829 amasios
967 2801 1030 2829 es-

148 2866 195 2894 se
211 2854 238 2894 :'
279 2861 324 2894 et
351 2852 393 2893 in
413 2854 546 2905 Epiro
566 2853 814 2893 mulieribus
834 2859 1031 2905 stuprum

147 2916 372 2965 intulisse3
409 2919 669 2967 ‘propterea
702 2916 850 2967 oppidi
869 2916 1030 2955 incolas

149 2979 293 3019 edicto
308 2979 557 3028 inhibuisse,
578 2991 632 3017 ne
650 2990 732 3030 qua
753 2978 955 3030 deinceps
977 2977 1030 3017 ad

150 3040 316 3082 fontem
353 3042 520 3092 mulier,
557 3041 638 3080 nisi
683 3041 783 3080 viris
826 3041 1031 3080 comitata

150 3106 411 3146 accederet.’
467 3105 679 3156 Georgius
717 3105 845 3144 etiam
878 3105 1032 3155 Trape-

151 3169 320 3210 zuntius
340 3180 385 3208 se
405 3168 564 3208 vidisse
584 3167 814 3218 Nereidas,
850 3166 1034 3206 testaba-

152 3239 239 3272 tur.

207 3297 284 3333 127
308 3294 567 3348 Cymothoen]
582 3295 721 3348 Supra
737 3294 791 3335 de
805 3294 885 3336 hac
900 3294 1032 3348 Nym-

154 3358 238 3411 pha
257 3356 420 3399 dictum
441 3363 522 3403 est.
883 3357 885 3359 ’

1150 2479 1228 2516 128
1256 2473 1412 2524 Pudor]
1460 2473 1721 2515 Reverentia
1752 2470 1979 2522 Virginum

1093 2539 1320 2590 majorum,
1359 2538 1525 2578 scilicet
1565 2537 1737 2577 Serenae
1776 2539 1821 2574 et
1853 2534 1984 2572 Ther-

1094 2602 1279 2642 mantiae.

1149 2663 1336 2717 Proteus]
1363 2665 1520 2704 Pastor
1536 2667 1819 2702 monstrorum
1838 2659 1982 2701 maris.

1099 2726 1303 2766 Horatius
1324 2741 1334 2766 t
1377 2728 1388 2748 ‘
1412 2727 1549 2767 Omne
1569 2738 1664 2765 cum
1700 2724 1888 2763 Proteus
1910 2734 2001 2774 pe·-

1099 2801 1173 2828 cus
1195 2789 1284 2848 egit
1305 2790 1414 2828 altos
1431 2789 1586 2827 Visere
1606 2785 1801 2827 montes.'

1153 2856 1230 2894 133
1251 2853 1410 2904 Pietas]
1429 2853 1533 2892 Pius
1554 2864 1685 2901 amor,
1706 2849 1892 2889 studium
1908 2860 1984 2900 pa-

1099 2919 1264 2954 ternum
1285 2916 1416 2966 magis
1453 2926 1708 2965 propensum
1735 2912 1891 2952 eratin
1911 2912 1983 2951 Se·

1101 2989 1244 3017 renam
1265 2990 1392 3029 quam
1413 2978 1454 3016 in
1474 2976 1804 3016 Ther-mantiam.

1154 3043 1230 3080 135
1260 3041 1330 3080 Ira
1359 3041 1550 3091 tumidus]
1596 3038 1860 3079 Theodosius
1908 3050 1982 3078 na·

1099 3108 1199 3142 tura
1217 3116 1293 3142 sua
1306 3104 1359 3142 ad
1376 3104 1477 3142 iram
1496 3102 1817 3154 promtissimus.
1859 3099 1981 3140 Alias

1099 3171 1240 3205 tamen
1262 3180 1286 3205 a
1308 3168 1503 3206 Cedreno
1523 3165 1681 3204 dicitur
1699 3179 1708 3203 :
1738 3162 1885 3214 χαριεὶς
1907 3160 1981 3208 τὴν

1099 3228 1265 3279 ὁμιλίαν,
1275 3228 1347 3268 τὸν
1358 3227 1502 3281 τρόπον
1515 3226 1557 3267 δὲ
1575 3226 1855 3279 χαριέστατοςι
1883 3236 1983 3274 gra-

1098 3297 1164 3331 tus
1180 3292 1222 3332 in
1249 3292 1441 3348 alloquiis,
1457 3291 1630 3340 moribus
1644 3293 1774 3332 autem
1798 3285 1981 3338 gratissi-

1099 3370 1196 3403 mu&
