2300 3906
336 225 445 279 646
893 239 990 277 cn.
1030 233 1385 276 cLAvaNi
1428 232 1596 273 xxii.

336 357 478 410 Pars
504 357 725 410 sceleris
749 354 1032 407 dubitasse
1054 353 1174 406 fuit.
1251 352 1632 420 Quaecumque
1657 350 1890 419 profana

334 440 552 509 Pagina
576 441 642 492 de
666 438 843 508 primo
867 437 1111 490 venisset
1133 436 1309 487 limite
1337 435 1558 499 Phoebi,

337 521 489 579 Ante
513 526 706 578 fretum
734 524 912 575 deleta
935 522 1091 584 mihi,
1117 538 1185 573 ne
1212 522 1396 589 turpia
1423 522 1596 573 castis

337 610 585 663 Auribus
613 609 794 661 Italiae
820 607 1054 659 fatorum
1080 606 1338 675 exempla
1360 609 1634 658 nocerent.

340 695 607 748 Publicus
630 693 723 744 ille
744 692 891 744 furor
912 690 1206 760 (quantum
1229 695 1327 742 tua
1352 706 1484 742 cura
1505 690 1720 757 peregit
1741 684 1783 755 3)
2053 678 2162 731 305

339 779 621 831 Secretum
645 778 860 829 meruit.
934 775 1198 837 Laetetur,
1220 763 1477 842 'quisquis
1501 774 1653 825 Eoos

315 861 592 926 *Scribere
617 861 860 912 desierit:
897 858 1072 911 fastos
1098 863 1355 925 portenta
1380 857 1633 909 Gabinos

340 944 462 997 Ista
484 946 677 996 latent.
751 942 1051 1008 Propriam
1071 941 1254 990 labem
1284 940 1507 989 tersisse
1531 937 1802 989 laborent.

339 1028 451 1080 Cur
472 1044 591 1094 egO,
620 1041 789 1093 quern
812 1038 1091 1091 nunquam
1118 1019 1290 1072 didici
1309 1021 1525 1073 sensive
1553 1027 1817 1084 creatum,

341 1112 603 1165 Gratuler
626 1109 935 1163 exemtum'?
977 1107 1181 1161 Delicti
1207 1107 1437 1175 poenitet
1459 1106 1616 1159 illos:
2051 1105 2162 1160 310

337 1261 543 1302 dubitasse.
599 1261 833 1300 Mandatum
851 1272 960 1299 omne
978 1259 1156 1310 impium,
1184 1260 1282 1311 quod
1300 1258 1538 1310 afferebatur
1553 1261 1603 1298 ’de
1618 1257 1758 1310 primis
1763 1256 1917 1311 finibus
1945 1256 2067 1306 Solis,
2098 1257 2165 1296 de-

338 1317 457 1355 letum
487 1319 543 1354 est
575 1326 600 1353 a
624 1327 683 1353 me
710 1319 800 1353 ante
830 1326 956 1365 quam
985 1313 1187 1352 transiret
1212 1313 1353 1361 maria,
1380 1326 1426 1351 ne
1452 1313 1627 1363 exempla
1645 1312 1816 1351 obscaena
1835 1311 2015 1359 fatorum
2048 1311 2165 1349 loede-

337 1373 428 1408 rent
457 1380 570 1408 aures
594 1367 756 1418 pudicas
788 1367 934 1406 Italioe.
990 1367 1068 1406 Illa
1095 1365 1223 1405 rabies
1250 1366 1406 1417 publica
1436 1368 1649 1417 (quantum
1678 1370 1746 1404 tua
1771 1365 1983 1416 prudentia
2005 1361 2167 1413 fecitl)

338 1422 481 1461 meruit
497 1421 697 1461 occultari.
750 1419 830 1459 Ille
855 1422 1040 1470 gaudeat,
1068 1420 1293 1470 quicumque
1321 1420 1527 1459 cessaverit
1557 1418 1769 1459 describere
1789 1419 1996 1458 Consules
2023 1416 2167 1456 Orien-

338 1477 393 1514 tis
406 1489 419 1514 .·
436 1479 608 1515 monstra
625 1475 702 1513 ista
715 1474 850 1524 ignota
867 1478 957 1512 sunt
959 1473 1085 1518 fastis
1100 1473 1227 1511 Latii.
1275 1473 1317 1511 Si
1337 1474 1416 1512 hoc
1432 1478 1560 1522 esset,
1581 1476 1813 1511 conarentur
1831 1472 1952 1510 eluere
1971 1471 2069 1509 hanc
2087 1481 2170 1508 ma-

339 1531 480 1568 culam.
533 1527 618 1566 Sed
637 1540 757 1577 quare
774 1540 859 1576 ego,
893 1539 1006 1577 quem
1023 1538 1217 1575 nunquam
1240 1525 1401 1574 cognovi
1434 1530 1503 1565 aut
1532 1525 1793 1564 animadverti
1825 1524 2055 1563 Consulem
2075 1522 2169 1571 sac-

339 1586 440 1633 tum,
455 1581 616 1620 loetabor
627 1581 873 1619 deturbatum
892 1580 1012 1619 esse?
1041 1579 1215 1617 Poenitet
1230 1578 1319 1617 illas
1335 1583 1478 1630 partes
1493 1578 1687 1619 Orientis
1715 1579 1838 1629 culpoe
1858 1589 1945 1616 suae
1964 1589 1975 1626 ;
2004 1588 2074 1616 nos
2091 1587 2167 1615 non

1111 1682 1409 1700 “OOC-“OOC“

340 1755 478 1791 coetum
498 1751 599 1790 Var.
617 1752 703 1791 LL.
726 1752 794 1790 ed.
815 1750 1081 1791 Antv.—301
1116 1753 1198 1791 Par
1218 1753 1315 1792 Vat.
1338 1765 1402 1803 pr.
1424 1764 1479 1792 m.
1505 1765 1569 1803 pr.
1602 1753 1709 1793 Proh
1728 1753 1826 1792 Pat.
1849 1751 1955 1790 Proh
1974 1750 2043 1790 vel
2067 1749 2168 1788 Pars

344 1806 410 1845 vel
431 1806 518 1844 Par
538 1806 656 1844 Rott.
685 1805 864 1844 dubitare
896 1804 1148 1844 Prie—302
1175 1807 1338 1845 venisset
1366 1808 1414 1845 de
1444 1806 1569 1856 primo
1603 1806 1730 1846 limite
1760 1805 1908 1845 Ambr.
1932 1817 1996 1856 pr.
2024 1802 2169 1845 lumine

340 1860 440 1897 Vat.
460 1859 595 1910 quint.
616 1858 736 1897 Med.
758 1871 843 1898 sec.
868 1858 963 1897 Pat.
983 1857 1134 1898 Ambr.
1156 1871 1240 1898 sec.
1270 1859 1405 1898 limine
1423 1860 1543 1899 Leid.
1564 1872 1629 1910 pr.
1650 1866 1694 1899 et
1712 1859 1937 1899 duodecim
1958 1856 2044 1905 alii,
2058 1857 2168 1895 Exc.

344 1912 507 1951 Schott.
531 1912 709 1951 Gevart.
743 1912 899 1956 Sched.
934 1912 1047 1951 Gud.
1075 1912 1208 1951 limine
1229 1915 1295 1951 vel
1316 1913 1442 1952 limite
1464 1914 1787 1953 Florent.--303
1807 1911 1960 1961 fretum
1981 1911 2048 1950 vel
2058 1908 2170 1958 foret

342 1964 479 2004 Oisel.
508 1965 711 2003 Heinsius
744 1964 842 2003 huic
869 1965 1012 2003 versui
1041 1965 1208 2004 obelum
1228 1972 1502 2016 apposuerat.
1528 1967 1670 2006 dilecta
1688 1966 1790 2007 Jun.
1811 1978 1875 2017 pr.
1902 1966 2050 2004 delecta
2069 1963 2172 2003 Vat.

342 2018 478 2068 quint.
506 2018 635 2055 delata
655 2018 755 2056 Vat.
775 2029 839 2068 pr.
858 2024 903 2057 et
925 2024 1023 2056 tert.
1043 2019 1162 2058 Rott.
1182 2019 1298 2058 Prie.
1317 2032 1372 2058 m.
1395 2032 1461 2070 pr.
1484 2020 1619 2060 Oisel.
1651 2020 1770 2059 Med.
1790 2031 1876 2059 sec.
1897 2031 1952 2057 m.
1975 2030 2041 2069 pr.
2065 2017 2171 2055 Puu

343 2071 511 2109 Bonon.
529 2071 694 2109 Tholos.
718 2070 859 2110 Oxon.
878 2082 941 2121 pr.
972 2071 1099 2110 diceto
1120 2072 1267 2111 Ambr.
1291 2085 1356 2123 pr.
1376 2074 1489 2112 unde
1520 2075 1717 2125 discerpta
1736 2071 1997 2125 conjiciebat
2017 2069 2171 2110 Heius.

343 2126 479 2162 —304
498 2122 700 2171 factorum
736 2130 820 2162 tres
847 2125 966 2164 Vatt.
1000 2124 1118 2166 Prie.
1152 2125 1275 2165 Rott.
1298 2127 1405 2165 Exc.
1427 2126 1558 2174 Laeti,
1575 2128 1675 2166 Var.
1695 2128 1782 2166 LL.
1816 2138 1840 2166 e
1858 2137 1990 2176 marg.
2026 2124 2173 2163 Parm.

334 2175 515 2224 satorum
533 2177 634 2216 Vat.
661 2188 726 2226 pr.
756 2177 947 2216 Florent.
967 2190 1024 2218 m.
1045 2190 1105 2228 pr.
1127 2177 1211 2217 duo
1234 2178 1350 2218 Med.
1386 2179 1489 2218 Put.
1509 2181 1673 2219 Thuan.
1694 2180 1763 2219 ed.
1801 2181 1943 2219 Parm.
1962 2183 2008 2218 et
2027 2177 2171 2217 Vicet.

341 2234 497 2269 notaret
516 2241 593 2280 pro
611 2233 765 2269 noceret
780 2231 884 2269 Exc.
902 2231 1009 2270 Cod.
1026 2231 1177 2270 Rhem.
1207 2235 1385 2270 notarent
1403 2233 1561 2271 Moret.
1582 2245 1646 2282 pr.
1665 2235 1818 2272 nocenti
1832 2234 1957 2272 Voss.
1976 2243 2030 2271 m.
2052 2242 2174 2283 pr.—

343 2286 424 2322 306
452 2283 614 2322 Secretu
632 2284 798 2322 Tholos.
828 2284 950 2323 omnis
968 2285 1122 2323 laetetur
1140 2283 1290 2323 Ambr.
1309 2297 1375 2335 pr.
1425 2285 1530 2324 Eous
1550 2285 1684 2326 Gesn.
1701 2292 1747 2325 et
1766 2286 1835 2324 ed.
1855 2286 2030 2335 Bipont.
2075 2282 2176 2323 Eois

343 2336 428 2386 leg.
452 2337 602 2375 Barth.
646 2337 750 2375 Eoos
782 2338 889 2376 Exc.
924 2338 1104 2377 Lucens.
1138 2340 1360 2377 sem—30⁷
1390 2340 1562 2378 deseruit
1595 2339 1716 2378 Leid.
1751 2351 1814 2390 pr.
1844 2339 1945 2377 Vat.
1969 2348 2055 2377 sec.
2075 2336 2172 2376 Pal.

343 2389 462 2428 Med.
483 2401 547 2439 pr.
567 2390 728 2429 Thuan.
765 2389 914 2429 Ambr.
946 2402 1011 2440 pr.
1046 2391 1188 2430 Oxou.
1223 2403 1288 2442 pr.
1323 2391 1445 2430 ambo
1479 2393 1639 2432 Moret.
1671 2392 1784 2431 unde
1802 2391 1976 2431 desuevit
1996 2388 2174 2440 legebat
2245 2384 2263 2394 ⁴

344 2441 497 2481 Heius.
515 2441 652 2488 fastus
668 2443 765 2482 Pat.
798 2442 964 2483 Sabinos
983 2443 1086 2483 Vat.
1106 2444 1243 2496 quint.
1266 2445 1365 2484 Put.
1410 2445 1574 2485 Latinos
1592 2446 1842 2497 conjecerat
1860 2444 2079 2493 Heinsius,
2096 2442 2173 2482 sed

343 2500 494 2546 postea
511 2495 823 2534 delevit.--308
851 2496 929 2535 Illa
947 2495 1097 2536 Ambr.
1126 2509 1194 2547 pr.
1237 2498 1359 2537 labem
1381 2499 1581 2548 propriam
1615 2500 1695 2538 inc.
1727 2498 1880 2538 Heius.
1906 2496 2057 2536 Ambr.
2086 2507 2173 2535 sec.

342 2548 528 2588 transisse
560 2549 669 2599 Reg.
697 2549 859 2588 Thuan.
903 2550 1073 2589 traxisse
1102 2550 1245 2590 oxon.
1273 2563 1359 2591 sec.
1388 2552 1511 2590 ambo
1536 2553 1691 2591 Moret.
1737 2550 1946 2590 strinxisse
1963 2551 2065 2589 Vat.
2085 2561 2174 2589 sec.

343 2602 489 2640 texisse
521 2607 607 2641 tres
632 2602 754 2643 Vatt.
785 2603 903 2643 Pric.
939 2604 1058 2643 Rott.
1093 2602 1225 2643 Oisel.
1255 2604 1340 2643 duo
1374 2605 1491 2643 Med.
1527 2605 1687 2645 Mazar.
1720 2605 1803 2644 duo
1830 2605 1987 2643 PetaV.
2006 2604 2179 2642 Bonon-

343 2654 443 2694 Pat.
463 2655 634 2694 Tholos.
656 2656 797 2696 Oxou.
825 2669 891 2707 pr.
917 2657 1022 2696 Vat.
1053 2657 1191 2697 Livin.
1233 2658 1374 2696 rasisse
1393 2659 1475 2708 leg.
1496 2656 1645 2697 Barth.
1667 2658 1780 2709 quod
1811 2658 1956 2709 placet
1977 2655 2174 2697 Heinsio.

343 2707 520 2747 laborant
555 2707 705 2748 Ambr.
737 2721 800 2759 pr.
839 2710 946 2760 Reg.
995 2710 1095 2750 Pat.
1129 2710 1248 2750 Med.
1289 2723 1374 2750 see.
1409 2724 1461 2751 m.
1497 2715 1699 2762 pr.—309
1727 2711 1795 2762 qai
1828 2723 2036 2761 numquam
2069 2710 2180 2748 Put:

343 2773 429 2812 quae
459 2762 563 2801 Vat.
596 2774 682 2800 sec.
720 2763 845 2801 Fam.
891 2775 1176 2814 nonnumquam
1209 2765 1317 2814 Reg.
1357 2777 1470 2815 quem
1502 2764 1588 2803 duo
1621 2764 1741 2804 Med.
1784 2765 1972 2803 Florem.
2005 2763 2174 2802 Thuan.

344 2814 511 2854 Mazar.
548 2814 702 2854 Petav.
736 2828 802 2867 pr.
841 2816 1001 2856 Moret.
1036 2828 1122 2857 sec.
1157 2817 1259 2856 Vat.
1299 2817 1441 2857 Livin.
1501 2831 1585 2869 quoe
1620 2819 1742 2858 deest
1780 2818 1894 2856 Med.
1934 2821 2034 2856 tert.
2093 2815 2175 2855 dici

346 2868 456 2918 Reg.
511 2869 595 2907 vidi
639 2869 826 2909 Florent.
889 2874 1090 2908 cruentum
1130 2870 1197 2909 ed.
1241 2871 1384 2910 Vicet.
1435 2876 1479 2911 et
1526 2871 1818 2910 Coum—310
1859 2870 2052 2909 Gratulor
2089 2869 2175 2908 duo

346 2921 470 2959 Vatt.
491 2921 587 2960 Pal.
610 2922 733 2962 Rott.
781 2924 970 2962 Gratuler
988 2923 1144 2963 Petav.
1176 2936 1241 2975 pr.
1274 2937 1328 2964 m.
1359 2936 1445 2964 sec.
1481 2925 1580 2964 Pat.
1599 2925 1774 2964 Tholos.
1794 2923 1943 2963 Ambr.
1963 2934 2047 2962 sec.
2071 2921 2174 2961 Vat.

349 2972 486 3014 Livin.
514 2979 714 3026 exceptum
733 2976 851 3017 Med.
873 2982 973 3016 tert.
1015 2978 1233 3029 exemptum
1250 2978 1456 3029 Leidqpr.
1473 2991 1528 3019 m.
1549 2990 1634 3018 sec.
1655 2979 1780 3019 Fam.
1803 2977 1921 3018 Prie.
1939 2976 2041 3015 Put.
2064 2976 2173 3026 Reg-

1177 3083 1351 3124 NOTAE

401 3174 478 3211 301
508 3171 739 3225 Dubitasse]
781 3173 987 3214 Dubitavi
1024 3175 1137 3216 forte
1173 3187 1226 3215 an
1294 3176 1480 3227 emplum
1498 3175 1770 3227 praeberetur
1786 3174 1969 3227 posteris
1988 3174 2043 3214 ad
2062 3174 2177 3214 idem

348 3234 468 3275 ilium
499 3235 751 3275 sustinerem
786 3236 915 3276 scribi
944 3238 988 3278 in
1018 3237 1154 3289 fastis,
1181 3243 1227 3278 et
1292 3239 1557 3279 tentandum.
2172 3256 2175 3262 ·

346 3297 427 3338 hoc
443 3309 582 3337 meum
601 3298 764 3338 crimen
784 3304 865 3339 est.
1347 3305 1425 3348 305
1456 3301 1642 3341 Publicus
1659 3301 1723 3340 ille
1730 3300 1869 3352 furor]
1911 3301 2005 3342 Quo
2025 3301 2178 3339 Eutro-

404 3363 484 3402 ³04
515 3362 723 3414 Exempla]
751 3362 820 3402 Ne
839 3369 984 3405 creato
1004 3364 1225 3405 tam'foedo
1293 3363 1388 3416 pius
1409 3364 1565 3404 Consul
1585 3368 1755 3403 creatus
1777 3368 1855 3403 est.

350 3426 396 3465 et
427 3422 638 3466 scelerato
657 3424 860 3478 Consule,
890 3427 1121 3480 pessimum
1152 3440 1232 3478 ex-¹
1346 3429 1425 3466 307
1469 3425 1660 3479 Gabinos]
1705 3427 1934 3479 Romanos,
1969 3437 2074 3480 qnos
2103 3422 2174 3466 ‘sic

2290 3469 2300 3512 ε’
