2300 3906
751 233 831 271 DE
876 232 955 274 vl.
997 235 1169 273 cous.
1210 235 1444 276 Hor-ion.
1901 225 2011 279 8215

190 350 254 401 In
279 351 423 401 latus
450 348 625 400 allisis
650 349 883 416 clypeis,
917 356 1011 404 aut
1034 368 1224 404 rursus
1251 352 1307 403 in
1331 353 1505 404 altum

189 433 440 485 Vibratis
463 447 475 481 :
515 447 678 497 grave
705 449 893 499 parma
919 441 1095 499 sonat,
1120 437 1398 488 mucronis
1423 439 1643 488 acutum

193 515 464 576 Murmur,
490 521 561 576 et,
590 516 886 569 umbonum
911 519 1076 585 pulsu
1100 519 1410 570 modulante
1434 519 1728 582 resultanS,

192 593 424 648 Ferreus
450 599 658 648 alterno
685 607 981 652 concentus
1009 601 1280 652 clauditur
1301 617 1452 653 ense.
1905 601 2017 655 630

189 675 318 731 'Una
340 682 516 733 omnis
542 683 819 736 submissa
844 686 1109 752 phalanx,
1138 692 1415 751 tantaeque
1442 685 1684 737 salutant

188 763 290 826 Te,
320 764 602 831 PrincepS‚
626 768 815 832 galeae.
890 768 1122 821 Partitis
1147 768 1271 820 inde
1299 769 1530 820 catervis

190 847 260 899 In
286 848 467 898 varios
495 847 658 900 docto
682 850 997 903 discurritur
1022 851 1207 904 ordine
1233 867 1416 920 gerS,

191 930 350 994 Quos
375 947 547 996 neque
573 935 816 985 semiviri
844 934 1118 1004 Gortynia
1142 941 1291 988 tecta
1309 937 1556 1004 juvenci,

192 1013 447 1066 Flumina
470 1031 568 1065 nec
596 1016 786 1067 crebro
814 1020 1042 1072 vincant
1070 1021 1378 1073 Maeandria
1402 1020 1572 1073 flexu,
1907 1021 2017 1074 635

188 1130 277 1169 benc
311 1130 425 1167 simul
456 1133 515 1168 tot
541 1134 665 1191 motus
702 1133 829 1172 varios
848 1137 968 1174 scutis
1003 1139 1129 1177 allisis
1161 1138 1202 1177 in
1236 1140 1352 1189 latus.
1381 1142 1448 1177 aut
1457 1138 1621 1187 jactatis
1649 1139 1790 1177 iterum
1808 1137 1851 1176 in
1864 1139 1985 1178 altum
2004 1151 2018 1177 .-

187 1184 340 1244 clypeus
351 1188 500 1243 resonat
514 1188 692 1232 graviter
709 1199 721 1223 .-
748 1189 935 1237 strepitus
951 1192 1121 1241 cuspidis
1139 1195 1273 1230 amitus
1297 1195 1371 1238 est,
1390 1196 1429 1230 et
1448 1196 1652 1231 concentus
1668 1191 1839 1242 quidam
1853 1191 2021 1230 aheneus

186 1236 363 1275 resiliens
374 1247 430 1296 ex
450 1237 617 1287 impulsu
636 1244 838 1278 resonante
855 1242 1090 1292 clypeorum,
1098 1244 1195 1295 finit
1203 1248 1248 1282 ur
1268 1246 1414 1282 alterne
1437 1244 1596 1292 gladiis.
1653 1245 1803 1282 Cuncta
1820 1244 1952 1282 cohors
1966 1243 2020 1282 si·

189 1289 269 1328 mul
281 1289 460 1350 demissa,
474 1293 513 1327 et
525 1292 583 1327 tot
593 1291 720 1337 galeoe
737 1294 900 1331 adorant
915 1299 970 1342 te,
986 1307 1010 1332 o
1027 1296 1244 1346 Imperator
1255 1309 1271 1341 ,·
1289 1297 1380 1334 hinc
1395 1297 1549 1334 cohorte
1558 1297 1686 1334 divisa
1696 1297 1867 1334 curritur
1886 1296 1928 1334 in
1939 1309 2021 1334 am-

186 1342 303 1392 bages
317 1343 488 1380 diversas
506 1347 593 1381 arte
606 1345 755 1392 sagaci,
769 1357 865 1394 quas
881 1346 1080 1397 ambages
1094 1361 1213 1398 neque
1227 1353 1382 1399 superet
1400 1350 1597 1387 Cretensis
1609 1350 1742 1386 domus
1755 1349 1861 1386 boris
1871 1348 2023 1387 semivi-

186 1396 240 1447 ri,
259 1406 376 1446 neque
385 1394 538 1445 fluvius
553 1396 755 1436 Maeander
772 1398 1015 1447 anfractibus
1030 1401 1256 1450 geminatis.
1282 1402 1459 1439 Catervae
1475 1402 1677 1440 redeuntes
1692 1413 1828 1450 gressu
1846 1405 2023 1450 separato

962 1492 1257 1507 eeeeeeeeeeee

189 1554 292 1593 Var.
313 1554 398 1593 LL.
432 1566 456 1593 e
482 1559 624 1606 marg.
659 1555 800 1596 Parm.
832 1561 878 1596 et
912 1556 980 1596 ed.
1002 1555 1268 1598 Antv.——62⁷
1296 1559 1530 1609 abissispro
1550 1559 1675 1598 allisis
1692 1559 1857 1599 Tholos.
1900 1559 2024 1598 allisis

193 1607 383 1646 Florent.
403 1612 488 1646 tres
509 1608 629 1648 Med.
662 1609 745 1648 inc.
768 1609 919 1650 Heius.
941 1610 1044 1649 Put.
1077 1611 1183 1658 Reg.
1204 1611 1370 1650 Thuan.
1392 1613 1551 1651 Mazar.
1573 1617 1659 1651 tres
1678 1611 1831 1651 PetaV.
1852 1613 2023 1651 Bonou.

191 1660 290 1699 Pat.
330 1661 453 1699 Voss.
482 1668 569 1700 tres
603 1661 753 1700 Ambr.
788 1663 892 1702 Low
923 1664 1080 1703 Mor-et.
1101 1675 1184 1702 sec.
1213 1665 1312 1703 Vat.
1343 1664 1612 1704 Livin.,Exc.
1634 1665 1811 1703 Gevart.
1835 1665 2021 1703 Lucens.

192 1712 380 1763 prsvar.
414 1714 499 1754 LL.
521 1727 545 1753 e
566 1726 700 1765 marg.
730 1716 872 1755 Parm.
920 1716 962 1753 in
992 1720 1124 1754 artum
1162 1716 1282 1755 Med.
1321 1720 1597 1767 quarn—628
1632 1716 1817 1756 Vibratas
1852 1717 2022 1756 'Pholus-

190 1767 321 1816 palma
357 1771 468 1806 sonat
501 1768 620 1808 Med.
654 1780 742 1807 sec.
771 1768 874 1807 Put.
917 1770 1066 1808 Pet-av.
1101 1781 1186 1808 sec.
1228 1773 1383 1808 acutum
1412 1770 1514 1808 Vat.
1536 1781 1602 1820 pr.
1630 1770 1724 1808 Pal.
1759 1770 1879 1808 Farn.
1900 1770 2022 1808 Rott.

193 1818 328 1858 Oisel.
350 1819 460 1871 Reg.
478 1820 643 1860 Thuan.
683 1821 788 1860 acuti
805 1822 886 1860 duo
906 1821 1059 1860 Leidd.
1080 1829 1125 1861 et
1145 1821 1386 1861 octodecim
1408 1823 1576 1873 scripti,
1599 1822 1701 1861 Exc.
1720 1822 1900 1861 Gevart.
1921 1822 2022 1861 Ald.

194 1872 262 1911 ed.
280 1871 422 1911 Vicet.
443 1873 543 1912 Var.
566 1874 650 1912 LL.
684 1886 708 1913 e
743 1887 876 1925 marg.
911 1875 1054 1913 Parm.
1096 1878 1209 1914 acuto
1232 1875 1299 1914 vel
1318 1875 1424 1914 acuti
1449 1875 1548 1914 Vat.
1570 1878 1805 1914 tert.—629
1836 1875 2023 1913 Murmur

194 1936 341 1963 omnes
378 1925 501 1965 Vatt.
541 1926 634 1965 Pal.
671 1927 797 1966 Farn.
836 1928 951 1967 Prie.
986 1927 1120 1966 Oisel.
1169 1929 1391 1967 moderante
1417 1930 1580 1967 resultat
1608 1928 1731 1966 Voss.
1756 1927 1904 1966 Leidd.
1935 1939 2023 1966 sec.

192 1978 388 2017 resultans
406 1978 513 2030 Reg.
562 1981 727 2018 resultat
758 1981 876 2019 Leid.
916 1992 982 2031 pr.
1018 1986 1063 2019 et
1101 1979 1270 2030 plurimi
1304 1980 1439 2020 Codd.
1466 1981 1573 2019 Exc.
1594 1980 1774 2019 Gevart.
1794 1979 1860 2018 ed.
1879 1980 2023 2019 Vicet.

192 2032 362 2082 repulsat
399 2032 466 2069 vel
504 2034 698 2070 resultans
732 2033 891 2072 Tluran.
936 2034 1128 2071 resultans
1151 2033 1219 2071 vel
1252 2035 1417 2072 resultat
1440 2033 1539 2071 Vat.
1563 2045 1624 2083 pr.
1646 2039 1690 2072 et
1711 2038 1809 2072 tert.
1836 2033 2027 2073 Florent.

192 2087 327 2123 -630
355 2088 555 2123 contentus
573 2085 641 2124 ed.
658 2085 800 2124 Vicet.
843 2086 1039 2124 clauditur
1054 2086 1137 2123 duo
1155 2084 1423 2125 Leidd.Jun.
1443 2098 1507 2135 pr.
1528 2086 1611 2124 duo
1633 2086 1775 2124 Oxon.
1798 2085 1899 2123 Put.
1919 2086 2024 2136 Reg.

193 2137 353 2176 Thuan.
374 2138 537 2176 Mazar.
557 2136 726 2177 Tholos.
756 2144 842 2177 tres
879 2139 1031 2177 Petav.
1066 2139 1133 2176 ed.
1163 2138 1306 2177 Parm.
1348 2138 1554 2188 plauditur
1573 2139 1672 2177 Var.
1695 2139 1781 2177 LL.
1803 2137 1871 2176 ed.
1894 2137 2024 2177 Antv.

191 2189 274 2229 ictu
290 2201 367 2242 pro
387 2202 475 2230 ense
495 2190 588 2230 Pal.
609 2191 726 2230 Med.
746 2194 946 2241 pr.-—63l
984 2191 1071 2242 Una
1103 2192 1192 2230 unis
1230 2191 1332 2230 Put.
1372 2191 1515 2230 animis
1548 2191 1648 2231 Jun.
1686 2204 1747 2240 pr.
1801 2191 1880 2229 Uni
1906 2191 2030 2229 omnis

195 2243 456 2295 conjiciebat
498 2243 647 2283 Heius.
693 2245 883 2283 submissa
918 2245 1025 2283 Exe.
1059 2244 1185 2290 Laeffl,
1215 2245 1316 2282 Var.
1351 2244 1435 2283 LL.
1473 2256 1495 2282 e
1516 2256 1646 2293 marg.
1676 2245 1817 2282 Pan-m.
1864 2244 2030 2283 subnixa

184 2296 298 2337 »Jun.
318 2309 382 2348 pr.
402 2296 486 2336 duo
505 2298 624 2336 Vatt.
654 2297 770 2336 Prie.
800 2297 917 2336 Med.
947 2302 1087 2348 quart.
1126 2297 1210 2334 duo
1242 2296 1393 2335 Petav.
1428 2297 1526 2335 Pat.
1555 2297 1720 2334 Tlrolos.
1760 2297 1916 2335 Moret.
1943 2309 2028 2335 sec.

198 2348 349 2389 Ambr.
372 2356 473 2389 tert.
496 2351 601 2389 Exc.
622 2351 785 2388 Schott.
801 2350 869 2389 ed.
887 2351 1030 2388 Parin.
1051 2354 1095 2388 et
1110 2350 1255 2387 Vicet.
1300 2348 1620 2396 subnixasalunx
1642 2351 1742 2387 Lov.
1762 2361 1817 2386 m.
1837 2360 1898 2398 pr.
1941 2349 2028 2386 sub-

196 2404 293 2442 nixa
331 2403 398 2442 vel
425 2403 612 2442 sub-missa
650 2402 790 2442 Oxon.
820 2415 904 2441 sec.
949 2403 1180 2452 partitisqae
1219 2403 1319 2440 Var.
1354 2403 1437 2440 LL.
1468 2414 1490 2439 e
1514 2414 1644 2451 marg.
1668 2402 1809 2439 Parni.
1856 2402 2029 2450 cavernis

198 2455 354 2495 Petav.
377 2459 611 2494 terh-633
641 2455 867 2494 Innumeros
901 2467 978 2506 pro
1018 2455 1065 2492 In
1095 2455 1222 2493 varios
1244 2455 1358 2493 Prie.
1404 2449 1506 2491 torto
1527 2453 1623 2492 Pat.
1671 2454 1906 2492 discurritur
1926 2454 2028 2492 Lov.

197 2521 253 2548 m.
272 2520 335 2559 pr.
378 2509 602 2547 discurrunt
635 2509 796 2548 Moret.
838 2520 901 2559 pr.
947 2508 1102 2557 agmine
1140 2519 1248 2545 unus
1287 2505 1572 2547 Ambr.-634
1601 2519 1667 2545 nec
1697 2507 1796 2545 Put.
1841 2505 2027 2545 Semiviri

200 2568 288 2601 vet.
307 2563 415 2612 Gyr.
435 2562 542 2599 Exc.
566 2561 747 2600 Lucem.
767 2573 832 2612 pr.
864 2561 1050 2608 Semiferi
1077 2560 1142 2598 vel
1159 2559 1344 2598 Semiviri
1365 2560 1514 2598 petav.
1537 2571 1601 2610 pr.
1646 2559 1823 2597 Cortinia
1841 2559 1943 2597 Lov.
1961 2558 2030 2598 ed.

197 2616 340 2654 vicet.
368 2615 550 2653 continua
570 2615 676 2654 Exc.
699 2615 804 2653 Cod.
839 2615 985 2653 Rheni.
1032 2615 1146 2652 docta
1177 2625 1254 2664 pro
1274 2616 1377 2652 tecta
1399 2613 1516 2651 Med.
1534 2615 1808 2664 quam-635
1837 2624 1907 2651 nec
1922 2612 2028 2651 Exc-

1024 2705 1204 2746 NOTAE

253 2788 330 2824 631
354 2785 540 2825 Salutant
558 2784 702 2836 galeae]
720 2785 886 2824 Milites
907 2785 1084 2836 galeati,
1149 2790 1361 2834 cantatus,
1382 2783 1453 2823 ubi
1472 2784 1485 2806 ‘
1507 2783 1786 2823 irremeabilis
1805 2782 1949 2823 error!

199 2849 275 2888 sed
295 2861 388 2887 cum
408 2848 612 2888 militibus
640 2848 927 2888 salutantibus
948 2849 1081 2899 galeae
1202 2850 1279 2886 635
1313 2847 1556 2897 Maeandria]
1587 2846 1810 2886 Maeander
1825 2851 1895 2885 est
1908 2843 2030 2885 fluvi-

186 2912 501 2961 rdemittantur,
523 2912 618 2951 ideo
641 2911 717 2961 ait,
745 2912 880 2962 galeas
910 2911 1083 2963 salutare
1149 2923 1198 2950 us
1218 2910 1334 2950 Asiae
1369 2910 1575 2960 sinuosus,
1609 2909 1738 2948 variis
1770 2906 1949 2947 flexibus
1986 2913 2031 2946 et

181 2973 455 3013 .Honorium.
1149 2972 1365 3012 erroribus
1395 2971 1600 3022 insignis:
1634 2969 1728 3010 fluit
1757 2982 1833 3020 per
1853 2969 2030 3020 Phrygi-

184 3061 190 3067 ·
254 3039 335 3076 634
366 3035 570 3085 Semiviri]
599 3035 850 3085 Minotauri,
879 3045 1003 3086 quem
1025 3034 1082 3072 0-
1149 3046 1247 3080 am;
1278 3033 1446 3072 Cariam
1483 3045 1507 3071 a
1545 3032 1682 3083 Lydia
1718 3030 1989 3070 disterminat
2019 3044 2029 3069 ε

202 3098 341 3137 vidius
363 3106 504 3148 vocat,
534 3098 898 3149 ‘Semivirumque
918 3097 1082 3147 bovem,
1150 3097 1204 3135 de
1232 3097 1312 3136 hoc
1345 3095 1515 3144 Strabo,
1544 3094 1759 3146 Μαίανδρος
1797 3092 1955 3133 σκολιὸς
1981 3092 2032 3131 ὢν

132 3158 139 3167 “
187 3160 551 3213 -semibovemque
572 3159 739 3199 virum.’
1151 3158 1204 3199 εἷς
1220 3158 1453 3211 ὑπερβολὴν,
1479 3158 1581 3196 ὥστε
1607 3158 1646 3207 ἐξ
1678 3155 1823 3196 ἐκείνου
1845 3155 1917 3194 τὰς
1943 3167 2032 3194 σκο-

261 3222 478 3274 Gortynia]
507 3223 680 3274 Gortyn,
713 3223 878 3273 Gortys,
908 3225 954 3260 et
986 3221 1085 3260 Gor·
1151 3220 1336 3269 λιότητας
1364 3219 1519 3260 ἁπάσας
1541 3218 1779 3270 Μαιάνδρους
1796 3218 1998 3256 καλεῖσθαι
2017 3230 2028 3256 :

205 3288 315 3337 tyna,
328 3285 534 3337 oppidum
549 3286 693 3325 Cretae
710 3299 720 3324 :
739 3285 837 3325 hinc
851 3284 1086 3336 Gortynius,
1154 3285 1357 3324 Maeander
1370 3284 1486 3323 nimis
1504 3283 1676 3334 obliquus
1693 3285 1768 3330 est,
1781 3281 1874 3319 adeo
1890 3281 1932 3317 ut
1951 3291 2031 3318 om·

207 3347 253 3386 id
269 3353 350 3397 est,
368 3348 600 3388 Cretensis.
662 3348 861 3399 Gortynia
896 3351 1016 3399 tecta,
1042 3346 1087 3385 id
1155 3361 1223 3388 nes
1239 3347 1485 3399 obliquitates
1505 3346 1552 3387 ab
1569 3358 1612 3386 eo
1628 3343 1826 3384 Moeaudri
1841 3341 2033 3394 appellen-

207 3415 290 3462 est,
304 3408 587 3462 labyrinthus,
619 3410 682 3450 ita
700 3410 816 3461 apud
836 3409 998 3451 Potitus
1017 3410 1090 3450 de·
1157 3414 1240 3452 tur.
