2300 3906
325 211 436 278 630
878 236 970 276 οι.
1008 229 1363 275 chaoniam
1403 227 1573 271 xxu.

329 355 441 408 Illa
462 355 802 423 voluptatum
826 352 1028 403 multos
1050 349 1305 402 innexuit
1327 348 1533 402 hamis:

311 439 413 494 Ll‘e
435 453 712 505 nunquam
733 441 931 488 conata
955 434 1124 502 capit.
1199 430 1333 484 Non
1355 447 1527 500 prava
1545 431 1720 485 libido

332 521 549 590 Stupris
576 519 835 587 advigilat
859 536 872 571 ε
910 533 1015 570 non
1040 523 1290 585 tempora
1307 511 1533 569 somnus
1562 517 1761 588 agendi
2047 514 2158 571 140

332 604 684 658 Frustratur:
721 603 870 656 nullo
896 601 1120 655 citharae
1147 601 1415 654 convivia
1437 605 1623 665 cantu,

334 687 465 741 Non
491 690 675 758 pueris
698 688 915 740 lasciva
937 691 1153 739 sonant.
1229 683 1374 749 Quis
1399 701 1616 737 cernere
1643 684 1787 737 curis

331 772 417 824 Te
440 788 679 825 vacuum
703 773 906 840 potuit,
927 772 1054 839 quis
1078 774 1199 824 tota
1219 773 1399 822 mente
1421 770 1729 833 remissum,

332 852 451 908 Aut
471 855 837 921 indulgentem
863 854 1123 921 dapibuS,
1146 854 1207 904 ni
1229 868 1405 905 causa
1422 852 1640 919 juberet

334 937 611 991 Laetitiae't
652 938 782 990 Non
807 930 1096 988 indecores
1123 935 1321 987 aeraria
1340 933 1582 984 lassant*
1787 952 1799 965 ·-
2049 929 2186 989 145-

335 1021 615 1089 Expensae
637 1038 650 1073 :
690 1035 866 1087 parvo
887 1033 996 1069 non
1015 1016 1271 1083 improba
1292 1015 1454 1066 litera
1474 1015 1618 1068 libro

338 1103 648 1157 Absentum
674 1103 950 1156 condonat
974 1117 1130 1170 opes.
1204 1099 1259 1152 A
1283 1099 1454 1161 milite
1479 1115 1685 1169 parcus

338 1290 480 1330 multos
503 1289 668 1329 nexibus
682 1291 938 1341 voluptatum,
954 1294 992 1329 te
1008 1302 1208 1341 nunquam·
1222 1288 1398 1339 irretiat,
1427 1287 1508 1328 etsi
1527 1291 1708 1329 tentaret.
1764 1287 1857 1328 Non
1875 1287 1918 1328 in
1935 1291 1983 1329 te
1998 1287 2167 1339 impudi-

337 1342 437 1383 citia
455 1344 627 1394 improba
646 1344 809 1382 excubat
829 1342 881 1382 ad
900 1347 1060 1393 stupra:
1100 1355 1176 1382 non
1194 1355 1305 1394 sopor
1326 1342 1494 1391 furatur
1511 1342 1746 1381 occasionem
1761 1340 1974 1382 laborandi.
2030 1343 2171 1392 Epulee

338 1400 419 1435 tuoe
445 1409 518 1435 non
536 1401 716 1439 resonant
742 1397 820 1435 ullo
851 1401 1032 1435 concentu
1067 1396 1179 1447 lyrae,
1211 1408 1286 1435 non
1317 1395 1543 1448 symphonia
1570 1396 1725 1445 impura
1749 1406 1967 1446 puerorum.
2024 1395 2173 1448 Ecquis

338 1450 467 1489 valeat
482 1450 613 1488 videre
626 1454 664 1489 te
677 1450 760 1488 sine
778 1450 894 1499 curis,
911 1449 1040 1500 ecquis
1059 1450 1278 1488 relaxatum
1306 1452 1387 1488 toto
1405 1449 1550 1498 animo,
1565 1453 1633 1487 aut
1658 1452 1857 1486 vacantem
1876 1447 2075 1494 conviviis,
2093 1447 2172 1486 nisi

340 1502 487 1541 occasio
529 1503 669 1552 gaudii
701 1503 876 1553 alicujus
907 1503 951 1541 id
977 1499 1170 1552 postulet?
1209 1501 1370 1541 Sumtus
1399 1502 1556 1550 indigni
1585 1507 1630 1540 te
1661 1512 1736 1540 non
1765 1499 1950 1549 fatigant
1977 1500 2172 1540 marium.

346 1554 438 1593 Non
456 1555 617 1606 epistola
629 1555 797 1606 pessima
813 1557 971 1594 darnnat
987 1555 1148 1594 divitias
1165 1554 1382 1604 absentum,
1409 1554 1599 1594 volumine
1618 1553 1777 1603 exiguo.
1831 1552 2016 1604 Eligeris
2027 1566 2049 1592 a
2069 1551 2172 1592 mili·

1113 1685 1408 1702 OOOO‘O'OOO‘O

345 1795 416 1836 ed.
436 1795 580 1836 Parm.
601 1802 646 1835 et
663 1796 806 1836 Vicet.
835 1795 1050 1836 circumluit
1073 1795 1100 1837 J
1106 1808 1177 1836 un.
1198 1808 1266 1848 pr.
1278 1796 1442 1836 Thuan.
1462 1795 1566 1836 Exc.
1586 1794 1762 1836 Gevart.
1799 1793 2033 1846 circumfluit
2049 1794 2173 1836 Voss.

346 1849 466 1889 Leid.
483 1861 570 1890 sec.
597 1850 834 1889 circumlinit
851 1850 915 1888 vel
935 1850 1184 1900 circumligat
1205 1850 1310 1889 Lov.
1342 1848 1564 1890 circumluit·
1580 1849 1648 1888 vel
1667 1849 1905 1888 circumlinit
1923 1848 2064 1888 Oxou.
2086 1861 2174 1889 sec..

344 1904 596 1942 circumvenit
635 1903 702 1941 vel
735 1902 979 1963 circumligat
1012 1903 1119 1942 Exc.
1158 1902 1460 1942 Schott.-—139
1498 1901 1605 1954 rapit
1641 1901 1744 1964 Jun3
1782 1914 1848 1952 pr.
1886 1901 2039 1940 Petav.
2075 1907 2174 1964 tert.

345 1968 420 2046 15:¹2⁰
422 1955 582 2057 ml·
596 1955 921 2047 &1523‘1333'3‘
923 1956 1049 2048 m
1062 1956 1370 2058 {ztss‘gss'ffizss
1369 1967 1397 2047 ,θ
1395 1967 1438 2051 ἑὲ
1457 1954 2178 2059 gffftt‘kffass‘zgassi&mitigit

347 2066 395 2099 et
414 2060 584 2110 plurimi
606 2060 694 2109 alii,
718 2060 822 2100 Exc.
843 2060 1022 2100 Gevart.
1043 2061 1223 2100 Lucens.
1246 2074 1332 2102 sec.
1353 2063 1455 2102 Var.
1477 2062 1562 2102 LL.
1579 2073 1603 2100 e
1622 2073 1754 2112 marg.
1774 2060 1919 2100 Parni.
1963 2072 2031 2100 nec
2053 2060 2178 2101 Leid.

347 2123 435 2152 sec.
463 2114 588 2152 Voss.
621 2114 783 2152 Mazar.
817 2114 923 2164 Exc.
958 2113 1136 2154 Gevart.
1175 2118 1326 2165 tempus
1344 2114 1440 2153 Pal.
1461 2114 1581 2153 Med.
1611 2126 1677 2165 pr.
1701 2114 1862 2153 Thuan.
1889 2113 2013 2153 somni
2031 2117 2180 2164 tempus

350 2166 588 2205 Pan—141
632 2166 859 2205 Fraudatur
890 2167 990 2206 Pat.
1024 2167 1239 2205 communia
1271 2167 1390 2207 Med.
1421 2179 1508 2206 sec.
1540 2165 1652 2207 Put.
1679 2167 1915 2207 Pac—142
1945 2166 2029 2206 Nec
2057 2166 2180 2206 Med.

355 2224 496 2269 quart.
537 2219 653 2269 pueri
687 2230 830 2258 omnes
862 2220 981 2258 Vatt.
1013 2218 1110 2259 Pal.
1139 2219 1265 2260 Farn.
1292 2220 1411 2259 Prie.
1449 2220 1568 2259 Rott.
1601 2220 1734 2260 Oisel.
1776 2219 1914 2271 pueris
1941 2218 2026 2259 duo
2060 2219 2180 2267 Med„

351 2271 509 2312 Petav.
528 2283 613 2311 sec.
633 2271 781 2311 Ambr.
800 2279 901 2312 tert.
922 2273 1028 2312 Exc.
1059 2273 1235 2312 Gevart.
1259 2272 1373 2324 pueri
1400 2273 1468 2312 vel
1483 2272 1619 2324 pueris
1636 2272 1754 2313 Med.
1774 2285 1836 2323 pr.
1864 2277 1974 2312 sonat
1993 2273 2093 2312 Vat.
2113 2285 2180 2324 pr.

349 2336 409 2363 m.
441 2336 507 2375 pr.
550 2324 643 2374 quid
671 2325 979 2364 Tholos.-—143
1020 2329 1133 2365 tanta
1168 2325 1287 2366 Med.
1318 2337 1405 2366 sec.
1437 2337 1494 2364 m.
1530 2328 1732 2377 pr.—l44
1771 2324 1851 2364 nisi
1885 2324 2005 2365 Med.
2039 2331 2180 2378 quart.

347 2376 513 2415 Moret.
547 2381 744 2428 pr.—-l45
773 2378 977 2417 Loetitiam
1010 2379 1270 2430 conjiciebat
1301 2379 1454 2418 Heins.
1482 2382 1663 2429 quassant
1696 2378 1788 2419 Pal.
1821 2382 1971 2418 cassant
1991 2379 2181 2420 Florent-

351 2430 477 2469 Voss.
496 2441 553 2468 m.
570 2442 633 2480 pr.
655 2429 776 2469 Med.
796 2431 898 2469 item
919 2429 1067 2471 Ambr.
1088 2438 1186 2471 tert.
1215 2432 1351 2471 laxant
1374 2443 1518 2471 omnes
1531 2432 1649 2471 Vatt.
1668 2431 1797 2471 Farn.
1817 2432 1937 2471 Rott.
1956 2430 2040 2471 duo
2063 2430 2182 2472 Med.

348 2483 513 2528 [thuan.
531 2482 630 2524 Jun.
651 2495 718 2533 pr.
735 2483 886 2523 Petav.
906 2495 971 2534 pr.
993 2484 1155 2525 Mazar.
1175 2483 1323 2524 Ambr.
1339 2496 1406 2535 pr.
1426 2485 1583 2524 Moret.
1604 2496 1690 2524 sec.
1705 2485 1809 2524 Exc.
1827 2485 2008 2524 anens.
2029 2495 2093 2535 pr.
2109 2484 2179 2525 ed.

350 2536 497 2575 Parm.
517 2541 563 2575 et
580 2536 722 2575 Vicet.
742 2535 844 2575 Var.
874 2537 957 2576 LL.
976 2535 1042 2577 ed.
1064 2537 1196 2576 Antv.
1239 2539 1385 2578 lassant
1404 2536 1473 2577 vel
1491 2541 1644 2576 cassant
1676 2537 1816 2576 Oxou.
1838 2549 1902 2588 pr.
1944 2538 2083 2577 laxant
2113 2537 2185 2578 vel

353 2590 500 2627 lassant
515 2589 616 2627 Vat.
638 2594 741 2629 tert.
782 2593 963 2640 quassant
982 2590 1049 2628 vel
1068 2590 1204 2629 laxant
1225 2590 1345 2629 Med.
1367 2601 1432 2640 pr.
1475 2591 1613 2629 laxant
1633 2590 1701 2629 vel
1718 2594 1869 2630 cassant
1891 2590 1995 2630 Exc.
2015 2588 2182 2632 Schott.

354 2642 491 2680 lai-ant
513 2642 581 2680 vel
600 2643 742 2680 lassant
762 2644 829 2681 vel
849 2647 1000 2682 cassant
1022 2642 1166 2683 Oxou.
1183 2647 1408 2683 sem—146
1438 2643 1621 2694 Expenso
1637 2642 1753 2684 Prie.
1777 2655 1898 2694 pravo
1916 2642 2077 2683 Moret.
2098 2655 2183 2686 sec.

354 2695 476 2733 etsie
494 2694 754 2745 conjiciebat
775 2695 1061 2735 Heium—14⁷
1091 2696 1292 2736 Insontum
1309 2696 1395 2747 leg.
1417 2695 1570 2736 Heius.
1609 2698 1834 2736 condemnat
1854 2695 1974 2737 Leid.
1991 2708 2056 2747 pr.
2096 2709 2184 2736 con-

354 2749 538 2798 dempnat
557 2747 677 2787 Med.
703 2749 802 2788 tert.
823 2748 890 2788 ed.
916 2749 1060 2788 vicet.
1094 2750 1279 2789 condonet
1310 2750 1434 2789 Voss.
1467 2761 1522 2789 m.
1552 2760 1617 2800 pr.
1661 2750 1849 2788 condonat
1882 2761 2028 2789 omnes
2060 2750 2183 2790 Vatt.

353 2799 451 2841 Pal.
468 2801 595 2841 Farn.
619 2801 734 2841 Rott.
755 2801 890 2842 Oisel.
908 2802 1013 2842 Exc.
1029 2801 1211 2843 Lucens.
1227 2814 1294 2854 pr.
1322 2804 1562 2843 commendat
1579 2802 1646 2842 vel
1662 2803 1852 2843 condonat
1871 2803 1940 2844 vel
1957 2804 2184 2843 condemnat

1178 2926 1221 2969 N
1229 2926 1362 2968 OTAE

413 3037 490 3075 142
519 3035 662 3076 Pueris
697 3034 862 3086 lasciva]
906 3034 1006 3075 Non
1040 3034 1236 3075 convivia
1358 3037 1436 3074 147
1467 3034 1690 3086 Conconne]
1731 3033 1818 3075 Alii
1847 3036 2090 3088 condemnat,
2103 3034 2132 3076 i.
2145 3047 2184 3077 e.

356 3100 434 3137 tua
450 3096 609 3136 lasciva
627 3103 727 3138 sunt
738 3102 866 3137 cantu
880 3109 1106 3149 puerorum
1125 3109 1235 3150 sym·
1303 3097 1466 3138 addicit
1482 3096 1597 3138 fisco.

348 3159 675 3213 plioniacorum.
726 3159 985 3200 Theodosius
1002 3161 1145 3202 edicto
1165 3172 1237 3201 ex·
1359 3159 1532 3211 Parcus]
1577 3160 1844 3202 Parsimonia
1860 3161 1905 3201 in
1924 3161 2095 3213 milites,
2114 3162 2189 3215 qni

357 3224 469 3277 pulit
488 3236 542 3264 ex
561 3223 767 3264 conviviis
787 3236 939 3277 operas
957 3231 1196 3266 cantorum.
1307 3235 1410 3263 auro
1422 3221 1603 3275 inhiant,
1619 3223 1762 3264 multis
1776 3223 2016 3276 perniciosa
2029 3223 2125 3275 fnit,
2137 3230 2187 3266 et

415 3291 494 3329 146
523 3289 655 3330 Parvo
673 3288 792 3341 libro]
828 3289 1023 3343 Epistola
1054 3294 1136 3342 est,
1163 3301 1240 3330 seu
1305 3285 1531 3328 stilichoni
1561 3297 1648 3327 non
1668 3291 1826 3337 nocet;
1865 3286 2040 3339 eligitur
2059 3289 2187 3339 enim,

358 3350 606 3395 mandatum
640 3363 773 3408 parvo
806 3352 1020 3395 volumine
1065 3356 1242 3396 conten·
1306 3349 1391 3391 etsi
1427 3361 1580 3402 parcus
1622 3348 1680 3391 sit
1710 3354 1907 3402 tempore
1934 3350 2053 3405 belli,
2083 3349 2186 3407 qula

361 3419 466 3456 tum.
1307 3417 1504 3469 tempore
1520 3411 1635 3468 pacis
1654 3410 1738 3455 fuit
1752 3412 1954 3457 liberalis.
