2300 3906
290 188 399 242 616

868 201 965 241 ct..
1001 197 1358 240 CLAUDIANI
1401 199 1571 240 xxn.

294 320 570 384 MoribuS‚
596 324 652 373 et
675 322 880 388 quanto
902 318 1098 370 sraenet
1119 316 1441 369 metuendus
1467 333 1671 381 amore,

297 404 427 469 Quo
453 406 676 458 tandem
702 406 882 457 flexus
907 404 1128 456 trabeas
1155 408 1376 456 auctore
1400 407 1659 469 rogantes

297 489 563 552 Induerit‚
588 488 866 556 fastisque
884 504 1046 540 suum
1071 488 1405 539 concesserit
1428 502 1649 551 annum,

299 573 494 627 Mitior
518 575 751 642 incipiat
773 574 980 626 fidibus
995 575 1114 643 jam
1142 572 1315 624 Musa
1336 572 1608 624 remissis.

2096 571 2132 622 Q!

373 658 657 727 Principio
684 660 864 727 magni
890 664 1078 712 custos
1105 658 1409 711 Clementia
1432 657 1640 721 mundi,

303 742 450 807 Quae
473 743 511 797 J
515 745 638 797 ovis
658 745 885 796 incoluit
908 760 1123 809 zonam,
1150 761 1274 812 quae
1301 748 1572 811 temperat
1598 743 1827 795 aethram

305 826 554 895 Frigoris
579 833 635 881 et
658 829 894 882 fiammae
921 828 1183 892 mediam,
1217 844 1344 896 quae
1369 827 1615 880 maxima
1638 832 1777 879 natu

303 977 453 1015 nostra
475 975 667 1025 placidior
697 974 953 1023 aggrediatur
969 972 1059 1021 J'am
1091 983 1246 1010 canere
1280 971 1435 1009 cithara
1453 969 1655 1020 mitigata,
1673 970 1778 1021 quali
1794 969 1955 1021 virtute,
1974 974 2013 1010 et
2031 972 2138 1022 quan·

302 1029 489 1067 verendus
505 1027 632 1066 studio
650 1026 896 1065 moderetur
914 1025 1083 1066 habenas
1100 1023 1261 1074 Mundi,
1290 1035 1362 1075 quo
1391 1025 1546 1063 tandem
1564 1024 1752 1075 impulsus
1769 1036 1923 1064 suasore
1945 1026 2140 1065 ornaverit

306 1092 352 1119 se
370 1084 476 1119 veste
496 1080 712 1119 Consulari
727 1079 982 1130 supplicante,
1009 1082 1049 1117 et
1075 1078 1281 1117 indulserit
1302 1077 1493 1128 regimen
1523 1078 1618 1117 anni
1649 1078 1711 1116 sui
1732 1076 1871 1125 fastis.
1923 1078 1984 1118 Ae
2012 1078 2140 1130 primo

305 1132 479 1184 quidem
502 1133 719 1172 Clementia
737 1134 1007 1171 conservatrix
1028 1132 1172 1171 Mundi
1190 1131 1367 1170 immensi
1378 1144 1392 1177 ‚·
1419 1144 1504 1182 quae
1522 1131 1675 1170 habitat
1693 1132 1890 1180 regionem
1904 1132 2034 1182 Jovis,
2056 1144 2142 1183 quae

305 1187 530 1226 moderatur
547 1187 728 1226 oetherem
746 1186 915 1226 mixtum
933 1186 1059 1226 calore
1091 1190 1129 1225 et
1148 1184 1324 1236 frigore,
1351 1197 1438 1237 quae
1458 1190 1526 1225 est
1544 1185 1814 1236 antiquissima
1842 1185 1996 1236 origine
2028 1185 2143 1226 inter

1083 1311 1155 1327 ”ae
1161 1311 1384 1327 “‘O‘OOOO

310 1403 420 1454 Reg.
442 1401 611 1453 qualibet
624 1402 732 1454 Reg.
759 1414 874 1453 quam
890 1401 982 1441 libet
999 1401 1101 1444 Ju‘n.
1117 1414 1246 1454 pr.m.
1265 1413 1330 1454 pr.
1359 1400 1492 1442 urbem
1504 1401 1606 1442 Vat.
1619 1405 1721 1441 tert.
1738 1399 1856 1441 Pric.
1874 1398 2009 1440 Oisel.
2024 1397 2147 1440 Med.

311 1468 378 1508 pr.
396 1461 441 1496 et
460 1457 560 1496 Vat.
578 1468 644 1507 pr.
659 1469 715 1496 m.
732 1468 796 1507 pr.
825 1455 953 1495 orbem
973 1455 1092 1495 Leid.
1104 1467 1189 1495 sec.
1205 1468 1302 1496 cum
1317 1455 1469 1507 viginti
1482 1455 1647 1494 duobus
1664 1455 1852 1506 scriptiS‚
1864 1455 1970 1493 Exc.
1982 1453 2150 1493 Schott.

313 1510 494 1551 Lucens.
507 1521 572 1561 pr.
589 1509 657 1548 ed.
673 1510 816 1549 Vicet.
833 1513 877 1548 et
893 1510 1038 1548 Parm.
1066 1509 1200 1548 urbem
1215 1510 1284 1548 vel
1303 1508 1434 1548 orbem
1449 1509 1691 1550 Mamm—2
1718 1512 1846 1547 servet
1864 1507 1986 1547 Med.
2005 1511 2150 1558 quart.

313 1567 393 1602 -3
422 1567 553 1602 actore
570 1564 692 1602 Rott.
706 1563 896 1602 Florent.
914 1562 1038 1602 Leid.
1056 1574 1143 1602 sec.
1162 1563 1265 1602 Var.
1286 1563 1372 1602 LL.
1392 1573 1415 1601 e
1435 1573 1570 1613 marg.
1592 1562 1740 1600 Parm.
1768 1565 1923 1600 auctore
1943 1559 2065 1599 Leid.
2085 1571 2151 1611 pr.

317 1616 462 1656 Oxon.
487 1629 547 1666 pr.
569 1616 729 1655 Moret.
750 1616 966 1664 sec.,Vat.
994 1615 1130 1655 Livin.
1163 1615 1249 1654 duo
1280 1615 1402 1655 Med.
1435 1615 1517 1654 inc.
1550 1615 1835 1654 Heins.›Put.
1857 1615 1963 1665 Reg.
1985 1613 2151 1653 Mazar.

313 1675 402 1709 tres
423 1669 572 1709 Ambr.
591 1669 661 1709 ed.
682 1669 829 1709 Parm.
876 1673 1061 1718 rogantes
1078 1669 1220 1708 Oxon.
1249 1680 1312 1720 pr.
1333 1669 1418 1708 duo
1439 1668 1592 1709 Leidd.
1635 1669 1825 1708 vocandus
1843 1680 1900 1707 m.
1921 1679 1985 1719 pr.
2014 1670 2061 1706 et
2090 1678 2155 1705 ro-

311 1727 455 1772 gantes
482 1735 535 1761 m.
563 1735 651 1762 sec.
671 1722 774 1763 Jun.
808 1735 872 1774 pr.
916 1726 1100 1772 rogantes
1129 1722 1197 1761 vel
1225 1726 1404 1772 regentes
1425 1721 1567 1762 Oxon.
1588 1725 1754 1762 sem—4
1773 1721 1966 1772 festisque
1983 1720 2156 1760 Tholos.

306 1775 507 1826 factisque
526 1775 648 1815 Leid.
669 1788 734 1826 pr.
751 1788 808 1814 m.
830 1788 894 1826 pr.
940 1779 1179 1815 concesserat
1210 1774 1360 1816 Ambr.
1394 1787 1460 1828 pr.
1483 1776 1648 1815 Mazar.
1693 1775 1926 1815 consenserit
1945 1773 2068 1813 Leid.
2087 1785 2156 1824 pr.

315 1841 373 1869 m.
393 1834 540 1880 pr.-—-5
569 1829 730 1880 incipiet
749 1828 920 1869 Tholos.
942 1834 986 1868 et
1006 1841 1155 1868 manus
1190 1829 1320 1868 docta
1352 1829 1396 1869 in
1429 1841 1503 1868 ora
1533 1830 1600 1869 ed.
1633 1829 1778 1868 Vicet.
1823 1828 1991 1880 incipiat
2007 1838 2155 1867 omnes

315 1883 441 1922 Vatt.
461 1882 556 1921 Pal.
575 1883 704 1922 Farn.
728 1883 850 1922 Rott.
873 1883 1010 1922 Oisel.
1043 1882 1191 1933 incipia
1208 1882 1355 1922 sidibus
1369 1882 1486 1922 Pric.
1505 1894 1560 1921 m.
1577 1894 1644 1934 pr.
1688 1881 1853 1932 incipias
1869 1881 1991 1920 malit
2001 1880 2158 1920 Heius.

317 1936 433 1975 Diva
452 1936 569 1974 Med.
586 1939 768 1974 tert-6
797 1936 1045 1986 Principium
1063 1936 1235 1975 Tholos.
1280 1936 1417 1975 mnndi
1435 1949 1469 1975 c.
1493 1936 1554 1975 Cl.
1573 1935 1709 1985 magni
1729 1934 1847 1974 Med.
1869 1939 1972 1974 tert.
1993 1934 2156 1973 Fut.—

318 1992 344 2028 ⁷
372 1990 549 2039 incoluit,
566 2000 661 2027 zona
680 1988 801 2028 Leid.
822 2001 908 2028 sec.
927 1990 1050 2028 Voss.
1091 1989 1256 2028 incaluit
1270 1989 1440 2029 Tholos.
1478 1989 1641 2028 involvit
1660 1989 1766 2029 Exc.
1784 1987 1954 2028 Schott.
1976 1999 2031 2026 ex
2060 1998 2159 2026 con·

312 2042 504 2093 jactura.
549 2045 741 2092 temperat
771 2042 873 2082 Jun.
895 2054 956 2093 pr.
976 2041 1062 2080 duo
1081 2042 1224 2082 Oxon.
1243 2042 1327 2081 duo
1355 2041 1476 2082 Leid.
1523 2047 1711 2093 temperet
1730 2042 1851 2081 Med.
1873 2047 1975 2081 tert.
1994 2041 2158 2081 Thuan.

321 2095 447 2135 ‘ethra
462 2095 583 2135 Med.
601 2100 742 2148 quart.
764 2094 918 2136 Petav.
939 2107 1027 2136 sec.
1042 2096 1294 2135 Tholos.--8
1321 2096 1490 2136 mediam
1502 2096 1602 2135 Vat.
1618 2100 1761 2148 quart.
1781 2096 1865 2136 duo
1885 2095 2040 2134 Petav.
2056 2095 2159 2134 Vat.

1159 2219 1337 2261 NOTAE

384 2312 530 2352 Orbem
538 2311 707 2363 fraenet]
742 2313 887 2364 Regat
906 2312 1069 2353 Orbem
1086 2313 1212 2352 mori·
1278 2318 1407 2354 canat
1423 2314 1517 2366 lyra
1535 2312 1737 2361 remissa3
1766 2323 1835 2351 res
1854 2309 1964 2351 euim
1993 2309 2164 2350 bellicae

326 2374 424 2427 bus,
465 2386 540 2413 seu
573 2375 804 2415 virtutibus
847 2376 933 2414 suis
963 2375 1212 2416 moderetur
1279 2378 1447 2418 intento
1468 2384 1515 2418 et
1535 2377 1718 2418 terribili
1738 2376 1852 2417 tubae
1872 2386 1977 2415 sono
2004 2385 2166 2414 canun-

325 2436 515 2477 habenas
536 2437 681 2477 Orbis.
734 2438 875 2489 Supra
893 2439 1078 2478 diximus
1097 2440 1214 2479 Stili-

329 2501 509 2542 chonem
537 2500 855 2542 administrasse
887 2503 1147 2555 aliquamdiu
1165 2516 1212 2543 u-

327 2568 528 2617 trumque
545 2564 780 2617 Imperium
796 2565 991 2606 Orientis
1021 2572 1068 2607 et
1083 2566 1214 2607 Occi-

331 2627 490 2669 dentis.

385 2694 412 2729 2
448 2691 646 2744 Moribus]
688 2692 885 2732 Virtutes
914 2704 1062 2732 omnes
1098 2691 1218 2744 pacis

334 2753 543 2808 intellige.

386 2819 623 2860 Metuendus
639 2820 788 2872 amore]
815 2819 1011 2871 Populis,
1025 2823 1145 2859 metu
1165 2818 1219 2859 si-

335 2883 424 2922 mul
443 2888 489 2923 et
508 2895 651 2923 amore
670 2896 768 2923 eum
793 2883 1059 2924 verentibus.

392 2948 417 2984 3
448 2947 666 2998 Rogantes]
693 2947 827 2989 Quasi
846 2946 996 2987 trabea
1024 2958 1102 2986 seu
1128 2957 1221 2986 ves-

337 3008 395 3048 tis
415 3009 659 3050 Consularis
675 3015 839 3051 tantum
854 3011 994 3050 virum
1009 3009 1223 3061 ambierit,

338 3078 386 3113 et
403 3072 582 3113 Stilicho
610 3074 729 3113 velut
754 3074 913 3113 invitus
948 3073 1224 3114 Consulatum

342 3135 538 3187 subierit,
557 3141 606 3175 ut
618 3136 710 3188 jam
730 3135 927 3176 diximus.

357 3232 361 3239 .
394 3202 421 3239 4
449 3198 627 3249 Annum]
660 3198 839 3238 Stilicho
859 3197 1123 3239 concesserit
1141 3197 1224 3238 fas-

344 3261 416 3313 tis,
446 3266 495 3302 ut
525 3273 659 3302 annus
688 3273 796 3302 unus
814 3261 983 3302 nomine
1004 3274 1079 3302 suo
1097 3262 1227 3314 insig-

344 3326 524 3367 niretur.

401 3396 424 3431 5
456 3390 841 3443 Mitior....remissis]
874 3391 999 3432 Musa
1019 3391 1229 3443 placidior

1282 2447 1367 2482 tur.

1333 2508 1360 2545 6
1381 2505 1523 2545 Custos
1545 2503 1779 2554 Clementia]
1798 2502 1942 2554 Hujus
1960 2501 2073 2541 enim
2092 2499 2169 2541 be·

1281 2568 1437 2608 neficio
1470 2573 1559 2608 stat
1592 2566 1800 2617 Mundus,
1831 2564 2041 2618 siquidem
2073 2564 2168 2604 haec

1284 2631 1436 2683 efficit,
1446 2644 1501 2671 ne
1515 2644 1583 2672 res
1596 2630 1761 2682 ardore,
1777 2629 1954 2681 frigore,
1965 2625 2172 2668 violentia

1285 2694 1637 2747 pessumdentur.
1904 2691 1906 2693 ’

1339 2761 1364 2797 7
1392 2757 1507 2796 Jovis
1536 2757 1689 2808 zonam]
1740 2754 1981 2795 Clementia
2013 2752 2172 2794 dicitur

1285 2818 1480 2859 habitare
1510 2830 1662 2859 zonam
1694 2829 1769 2857 seu
1799 2817 2019 2869 regionem
2039 2815 2175 2867 Jovis,

1288 2885 1390 2938 quia
1407 2883 1597 2936 Jupiter,
1612 2895 1687 2924 seu
1705 2882 1873 2932 AEther,
1890 2886 1956 2921 est
1975 2891 2175 2932 suprema

1288 2960 1387 3001 pars
1416 2947 1541 2999 aeris,
1577 2960 1671 3000 quae
1706 2951 1877 2987 ceteras
1916 2955 2089 2984 servare
2128 2948 2174 2982 et

1289 3010 1505 3052 custodire
1520 3011 1756 3062 dicitur,'et
1774 3022 1859 3062 qua
1877 3021 1975 3049 cum
1993 3007 2098 3047 nihil
2117 3008 2177 3047 sit

1290 3074 1577 3127 tranquillius,
1603 3074 1702 3114 ideo
1721 3073 1844 3115 Jovis
1873 3071 1989 3113 sidus
2022 3083 2047 3111 a
2065 3068 2177 3110 Poe'·

1292 3138 1348 3178 tis
1368 3137 1621 3177 attribuitur
1641 3137 1910 3177 Clementiae.
1966 3135 2086 3175 Zona
2101 3145 2176 3173 au-

1292 3205 1380 3242 tem
1399 3199 1714 3254 dicittir,{quasi
1743 3200 1986 3253 cingulum:
2017 3194 2180 3249 ζοννύω,

1292 3263 1421 3315 cingo.

1348 3331 1374 3367 8
1403 3327 1585 3378 Frigori-s
1602 3331 1640 3366 et
1646 3325 1847 3380 flammoe]
1875 3324 1929 3365 Id
1946 3328 2028 3375 est,
2048 3323 2177 3363 aethe-

1294 3403 1386 3433 rem
1418 3390 1527 3431 mira
1560 3390 1874 3444 tranquillitate
1904 3394 1948 3430 et
1968 3386 2177 3441 temperie
