2300 3906
0 1571 7 1727 l

4 1736 9 1813 ἱ

6 1816 16 2122 ἶ

886 610 1172 673 XXIX.

590 895 764 971 CL.
811 897 1448 973 CLAUDIANI

127 1072 706 1230 [ΑΗΕ
865 1121 1929 1232 SERENAE.

802 1551 1256 1594 ARGUMENTUM.

168 1676 365 1717 Iuvnwr
398 1676 624 1730 Calliopen
656 1676 710 1718 ad
748 1678 981 1718 ornandam
1013 1679 1235 1731 Serenam,
1255 1689 1381 1731 quam
1399 1678 1575 1719 laudare
1608 1682 1783 1730 praestat
1816 1688 1941 1730 quam

116 1741 329 1784 Heroinas
349 1750 533 1785 veteres.
588 1745 812 1786 Laudatur
831 1751 974 1786 autem
994 1759 1020 1785 a
1039 1746 1285 1798 nobilitate,
1305 1757 1330 1785 a
1349 1744 1489 1798 patria
1506 1744 1729 1797 Hispania,
1746 1744 1800 1784 ab
1829 1749 1943 1793 ortu,

115 1808 387 1860 educatione,
418 1811 664 1863 adoptione,
693 1813 998 1854 benevolentia
1015 1813 1245 1854 Theodosii
1282 1814 1323 1853 in
1360 1812 1491 1862 illam,
1524 1811 1577 1852 ab
1606 1810 1695 1863 ejus
1714 1811 1759 1850 in
1794 1810 1940 1850 literas

117 1887 277 1926 amore,
295 1889 321 1915 a
340 1878 613 1919 matrimonio
632 1891 729 1920 cum
749 1880 1003 1931 Stilichone,
1023 1880 1078 1921 ab
1097 1893 1240 1921 amore
1260 1886 1305 1920 et
1318 1879 1404 1921 fide
1423 1878 1651 1931 conjugali,
1669 1890 1695 1917 a
1712 1876 1945 1930 prudentia

117 1940 294 1994 aliisque
313 1941 556 1982 virtutibus.

118 2185 261 2259 Dm
288 2207 442 2272 mihi,
471 2208 746 2278 Calliope,
772 2213 924 2262 tanto
949 2226 1045 2262 cur
1068 2213 1311 2278 tempore
1337 2209 1524 2262 differs

134 2340 145 2350 ··
173 2332 315 2385 Effare
346 2334 461 2387 mihi,
496 2347 522 2375 o
557 2334 746 2387 Calliope,
779 2346 900 2386 quare
931 2333 1198 2384 procrastinas
1226 2333 1376 2372 tamdiu
1411 2343 1592 2372 coronare
1608 2330 1778 2384 floribus
1800 2331 1947 2374 Pieriis
2000 2374 2005 2377 ,

890 2437 936 2452 00
940 2437 1060 2452 Ὀὐκ
1064 2437 1186 2452 “O“

172 2506 342 2545 Deerat
368 2505 449 2544 hoc
485 2516 656 2545 carmen
685 2505 730 2544 in
766 2506 870 2546 Lov.
900 2506 1076 2545 Tholos.
1109 2506 1209 2545 Pat.
1242 2504 1391 2545 Ambr.
1426 2517 1515 2546 sec.
1535 2506 1693 2546 Moret.
1723 2517 1808 2546 sec.
1837 2506 1944 2547 Exc.

121 2558 303 2608 Gevvart.
333 2558 498 2598 Schott.
519 2559 627 2598 Cod.
660 2559 807 2598 Rhem.
837 2559 901 2598 uti
932 2564 976 2598 et
1007 2558 1243 2598 desiderari
1262 2559 1432 2598 videtur
1461 2559 1502 2597 in
1522 2558 1815 2610 Leidensibus,
1841 2559 1945 2600 Jun.

118 2612 338 2651 Vossianis
354 2617 399 2651 et
419 2611 574 2651 Heins.
594 2612 699 2651 item
720 2611 861 2651 Oxon.
894 2624 959 2662 pr.
991 2624 1046 2650 ex
1065 2613 1154 2651 solo
1171 2612 1282 2651 enim
1313 2612 1454 2651 Oxon.
1483 2624 1568 2652 sec.
1587 2612 1690 2652 Var.
1709 2612 1794 2651 LL.
1815 2623 1947 2652 anno-

118 2669 226 2705 tatae
245 2663 379 2704 fuere.
434 2664 486 2703 In
507 2664 754 2704 Buslidiano
773 2664 1001 2716 legebatur
1018 2671 1117 2715 post
1135 2665 1292 2716 Eidyll.
1312 2675 1372 2704 DE
1387 2665 1634 2705 ΜΑωτΕΤΕ.
1688 2665 1742 2704 In
1760 2666 1946 2716 Demps‘-

120 2717 204 2759 t'eri
234 2719 342 2758 Mss.
380 2717 448 2756 hie
486 2718 615 2758 Liber
633 2717 800 2757 cuidam
824 2719 1035 2769 Magistro
1057 2718 1249 2769 Gyraldo
1280 2718 1556 2758 inscribitur:
1583 2718 1754 2758 insulse.
1773 2718 1859 2758 vid.
1889 2718 1945 2758 ad

121 2770 272 2811 Rosin.
294 2783 392 2822 pag.
412 2774 480 2811 96.
508 2772 552 2810 in
566 2772 666 2811 Vat.
685 2783 752 2822 pr.
771 2776 816 2811 et
834 2772 993 2811 Moret.
1011 2783 1076 2822 pr.
1097 2769 1348 2823 simpliciter
1367 2778 1474 2821 erat,
1492 2772 1639 2822 Incipit
1655 2772 1760 2811 Laus
1777 2771 1946 2811 Serenae.

30 2807 34 2873 ι,
120 2825 222 2865 Vet.
251 2825 359 2876 Gyr.
393 2824 595 2874 habebat,
632 2825 842 2864 Claudiani
876 2825 986 2864 Laus
1018 2824 1176 2864 Serenoe
1201 2825 1347 2864 Uxoris
1373 2825 1588 2865 stiliconis.
1619 2830 1663 2864 et
1695 2824 1750 2864 ad
1784 2825 1946 2864 calcem

121 2877 224 2941 libri
258 2883 368 2928 erat,
408 2878 457 2917 In
493 2879 651 2930 antiquo
688 2877 902 2929 exemplari
929 2877 1119 2929 scriptum
1156 2882 1256 2917 erat.
1295 2879 1339 2918 in
1371 2877 1459 2931 fine
1492 2880 1612 2918 deest.
1630 2879 1730 2929 quod
1758 2881 1816 2917 est
1845 2877 1948 2917 veri·

126 2931 317 3025 'minzio
347 2997 435 3026 mea
467 2984 610 3025 Oxou.
646 2996 729 3024 sec.
775 2982 844 3023 Sic
877 2982 1007 3023 Oisel.
1046 2983 1131 3023 duo
1150 2983 1268 3023 Med.
1286 2983 1390 3024 Cod.
1426 2983 1588 3025 Buslid.
1620 2996 1706 3024 mea
1723 2982 1808 3023 duo
1826 2983 1948 3023 Vatt.

948 3083 1123 3124 NOTAE

181 3168 205 3205 1
237 3165 429 3217 Calliope]
457 3166 625 3218 Regina
654 3165 876 3205 Musarum
896 3177 1004 3217 prae-
1072 3164 1179 3204 tibia
1196 3164 1362 3216 Regina
1378 3165 1551 3216 longum
1580 3163 1772 3215 Calliope
1789 3162 1949 3203 melos:

128 3226 271 3268 sidens
290 3229 467 3269 carmini
489 3229 695 3278 Hernico,
720 3228 780 3268 sic
801 3228 917 3269 dicta
949 3228 1004 3269 ob
1072 3227 1161 3267 Alii
1179 3228 1347 3280 legunt,
1364 3229 1460 3278 Dic,
1477 3240 1563 3267 mea
1584 3227 1773 3278 Calliope,
1798 3225 1843 3264 id
1866 3232 1948 3275 est,

126 3290 487 3345 pulchritudinem
503 3291 639 3332 vocis:
656 3289 819 3343 κάλλος,
832 3291 1005 3344 pulchri·
1071 3291 1173 3330 mihi
1206 3303 1331 3331 cara:
1358 3292 1422 3333 sic
1441 3290 1554 3332 dixit
1579 3289 1734 3342 virgil.
1768 3289 1782 3312 ‘
1802 3293 1948 3328 nostra

20 3331 45 3377 'v
129 3348 240 3403 tudo,
256 3358 302 3392 et
316 3351 508 3404 ὒψ,”ὄπὸς,
525 3367 616 3405 vox,
635 3351 759 3410 quodJ
781 3356 1005 3408 pulchram
1068 3354 1240 3397 Thalia:

26 3413 49 3459 ἒῖ
128 3413 287 3457 habeat
306 3428 472 3457 vocem.
529 3417 765 3461 Horatius:
787 3420 799 3442 ‘
820 3419 907 3461 Dic
925 3430 1005 3471 age

237 3482 391 3535 Delph.
412 3486 452 3524 et
475 3483 570 3526 Var.
586 3484 694 3528 Clas.
975 3483 1115 3545 Claud.
1749 3482 1775 3518 ³
1797 3478 1840 3519 H

453 3670 481 3690 Ι
