2300 3906
261 181 357 221 οι..
385 181 613 221 omno.
636 182 872 224 xxxiv.
902 185 981 223 DE
1011 185 1191 226 RAPT.
1222 185 1392 227 Paos.
1422 185 1540 230 ms.
1568 188 1632 228 ιι.
1658 189 1848 232 rums.
1891 175 1998 232 935

188 299 472 366 Lugebant
495 304 683 368 erepta
704 301 814 353 sibi
839 304 1038 356 solatia
1063 303 1360 374 Nymphae,

261 381 602 446 Quaerebant
625 384 814 437 dulces
838 385 1064 444 fiumina
1088 395 1289 442 moesta
1312 390 1531 444 modos,

189 465 358 519 Saeva
381 466 510 519 feris
534 472 729 520 natura
748 470 904 533 redit,
930 476 1288 541 metuensque
1313 473 1531 526 leonum
1967 474 2002 526 5

261 548 529 616 Implorat
552 551 775 603 citharae
802 569 977 606 vacca
998 554 1225 606 tacentis
1249 571 1431 622 opem.

190 631 350 684 Illius
374 637 429 685 et
453 632 575 685 duri
602 634 798 688 flevere
824 638 1042 690 silentia
1063 642 1299 702 monteS,

263 716 537 785 Sylvaque
564 718 875 771 Bistoniam
900 737 1054 788 saepe
1078 727 1270 773 secuta
1294 721 1506 791 chelyn.

192 799 304 852 Sed
328 806 627 870 postquam
655 802 903 856 Inachiis
930 803 1160 858 Alcides
1185 807 1390 858 missus
1416 806 1486 858 ab
1511 804 1678 874 Argis

262 883 504 937 Thracia
527 886 772 954 pacifero
799 889 1029 956 contigit
1053 905 1187 943 arva
1210 889 1374 958 pede,
1937 890 2007 942 10

193 1019 387 1071 Nympho:
395 1021 547 1072 flebant
565 1025 857 1065 consolationem
877 1031 1031 1080 raptam
1048 1027 1147 1073 sibi5
1161 1027 1284 1080 fluvii
1302 1025 1608 1078 tristes-fiebant,
1638 1030 1684 1065 et
1703 1024 2009 1065 desiderabant

189 1084 326 1112 suaves
342 1075 578 1114 cantilenas:
604 1081 744 1117 natura
764 1081 928 1118 crudelis
946 1081 1155 1120 resumitur
1174 1079 1314 1129 aseris
1328 1092 1344 1125 ,⁶
1370 1083 1409 1118 et
1425 1079 1534 1118 boves
1553 1079 1732 1118 timentes
1747 1079 1909 1126 leonem,
1939 1089 2010 1128 pe·

192 1130 282 1165 tunt
302 1127 494 1166 auxilium
522 1130 618 1179 Iyrae
649 1131 825 1171 tacentis.
882 1133 938 1171 Et
968 1137 1114 1172 montes
1128 1132 1284 1172 barbari
1306 1131 1501 1184 fleverunt
1518 1132 1714 1172 silentium
1746 1131 1856 1169 illius
1887 1130 2010 1181 lyrae,

192 1183 232 1217 et
265 1181 382 1230 sylvae
415 1181 612 1220 comitatos
641 1187 732 1222 sunt
762 1196 861 1234 soepe
892 1186 1017 1239 lyram
1041 1186 1261 1226 Thraciam.
1316 1184 1395 1224 Sed
1422 1189 1624 1236 postquam
1652 1183 1843 1223 Hercules
1872 1182 2010 1221 missus

193 1230 242 1270 ab
260 1233 387 1282 Argis
416 1233 604 1286 Inachiis,
633 1235 773 1286 attigit
791 1249 908 1287 agros
937 1237 1111 1277 Thracia·
1139 1238 1290 1289 placido
1305 1249 1458 1288 gressu,
1490 1241 1529 1276 et
1556 1236 1692 1278 evertit
1714 1235 1906 1276 stabulum
1924 1245 2010 1274 cru-

963 1337 1255 1354 OOOOOOOOOOO

195 1402 280 1443 dno
298 1403 423 1444 Voss.
442 1403 548 1444 Cod.
570 1405 803 1445 Bartholiu.
830 1406 1079 1457 disposuisset
1098 1406 1197 1447 Jun.
1217 1418 1280 1457 pr.
1308 1407 1401 1447 ebur
1422 1408 1612 1447 Floreat.
1630 1420 1687 1448 m.
1706 1420 1773 1459 pr.
1799 1408 1924 1448 Voss.
1946 1419 2013 1457 pr·

194 1469 289 1507 opus
307 1462 489 1508 quatuor
506 1458 628 1497 Vatt.
659 1463 704 1497 et
737 1458 777 1498 d.
797 1459 892 1497 Pal.
928 1459 1034 1498 Cod.
1067 1460 1388 1499 harumna—4
1416 1460 1620 1510 Lugebunt
1639 1462 1768 1499 dulces
1785 1460 1853 1499 ed.
1872 1460 2011 1498 Vicet-

198 1509 436 1554 Quoerebunt
466 1522 610 1549 omnes
629 1511 749 1549 Vatt.
784 1511 880 1549 Pal.
914 1512 1103 1550 Florent.
1135 1511 1282 1551 Heius.
1303 1512 1357 1550 H.
1379 1518 1423 1551 et
1443 1513 1522 1552 inc.
1543 1512 1678 1563 ejusd.
1712 1512 1812 1552 Put.
1847 1512 2012 1550 Bonon-

193 1563 361 1602 Tholos.
396 1561 541 1601 Ambr.
566 1568 666 1602 tert.
700 1563 783 1603 duo
802 1563 921 1602 Med.
955 1570 1042 1602 tres
1063 1563 1215 1602 Petav.
1248 1565 1356 1614 Reg.
1390 1565 1473 1603 duo
1492 1565 1617 1603 Voss.
1652 1565 1755 1604 Cod.
1775 1565 2013 1603 Bartholin.

197 1614 306 1654 Exc.
327 1614 482 1655 Petav.
503 1621 642 1667 quart.
678 1616 776 1655 Ald.
804 1617 906 1655 Var.
928 1617 1013 1656 LL.
1048 1628 1072 1654 e
1092 1628 1224 1667 marg.
1256 1616 1398 1656 Pan-m.
1445 1617 1654 1666 Lugebant
1683 1617 1749 1655 vel
1783 1616 2015 1661 Quaerebam

196 1668 383 1708 chartac.
418 1669 568 1708 Heius.
608 1669 776 1708 stamina
795 1681 871 1720 pro
895 1668 1067 1719 flumina
1086 1668 1238 1708 Petav.
1269 1674 1430 1709 sec.-—5
1460 1671 1604 1709 leonem
1635 1669 1742 1708 Cod.
1777 1668 2015 1708 Bartholin.

197 1733 293 1761 eum
313 1721 462 1771 viginti
484 1722 666 1772 quinque
687 1722 795 1772 aliis,
826 1721 925 1761 Ald.
959 1722 1028 1761 ed.
1050 1722 1193 1761 Parin.
1226 1727 1271 1761 et
1300 1723 1525 1762 vicen—6
1541 1723 1715 1770 ,iacentis
1746 1733 1822 1772 pro
1849 1723 2017 1761 tacentis

196 1774 348 1814 Petav.
369 1786 453 1813 sec.
480 1776 653 1814 tonantis
669 1775 851 1815 Pan—7
882 1774 1003 1813 Istius
1022 1775 1103 1814 inc.
1125 1775 1275 1813 Heius.
1307 1779 1343 1814 et
1362 1775 1445 1814 divi
1462 1775 1584 1814 Voss.
1605 1787 1671 1825 pr.
1707 1781 1742 1813 et
1760 1773 1850 1813 duri
1870 1785 2015 1814 omnes

196 1827 318 1867 Vatt.
347 1827 441 1866 Pal.
467 1827 589 1865 Voss.
609 1840 693 1867 sec.
726 1827 832 1868 Cod.
869 1828 1185 1867 Bartholin.—-8
1211 1828 1358 1879 chelym
1388 1829 1490 1867 Vat.
1530 1828 1666 1866 Livin.
1720 1827 1845 1866 chelin
1870 1837 2016 1866 omnes

197 1879 318 1919 Vatt.
337 1880 431 1919 Pal.
454 1880 641 1919 Florent.
661 1881 742 1919 duo
760 1881 879 1919 Med.
901 1881 1048 1920 Heius.
1070 1880 1126 1919 H.
1144 1886 1190 1919 et
1210 1881 1291 1920 inc.
1324 1879 1454 1931 ejusd.
1474 1881 1573 1920 Put.
1605 1881 1715 1930 Reg.
1748 1885 1834 1918 tres
1858 1878 2014 1919 Petav-

199 1932 305 1973 Exc.
324 1933 477 1971 petav,
499 1939 638 1984 quart.
657 1934 758 1972 Var.
778 1934 864 1974 LL.
884 1945 908 1971 e
929 1946 1061 1984 marg.
1081 1933 1223 1972 Parm.
1265 1935 1389 1984 lyram
1409 1933 1594 1972 chartac.
1613 1933 1762 1972 Heius.
1783 1931 1890 1972 Cod.
1911 1932 2014 1970 Bar-

199 1985 345 2025 tholin.
366 1985 513 2024 Ambr.
535 1991 636 2026 tert.
661 1985 760 2024 Ald.
781 1987 850 2024 ed.
873 1988 1014 2026 Parm.
1034 1991 1080 2024 et
1105 1986 1333 2025 vicen-9
1362 1987 1484 2035 Argis
1510 1987 1612 2025 Vat.
1644 1990 1743 2024 tert.
1780 1985 1872 2024 Pal.
1908 1983 2018 2033 agris

196 2038 300 2076 Vat.
322 2039 458 2089 quint.
476 2042 522 2076 et
542 2038 584 2078 d.
627 2039 731 2077 arvis
748 2039 917 2077 Tholos.
951 2040 1033 2078 inc.
1051 2038 1204 2077 Heius.
1232 2039 1339 2077 Exc.
1372 2038 1527 2078 Petav.
1548 2044 1689 2089 quart.
1735 2038 1815 2076 oris
1831 2037 1931 2076 Vat.
1950 2047 2017 2086 pr.

199 2088 348 2130 Ambr.
384 2095 482 2130 tert.
517 2090 625 2131 Cod.
659 2091 898 2129 Bai-thulin.
943 2091 1023 2129 oris
1042 2092 1110 2129 vel
1141 2091 1266 2139 Argis
1296 2091 1398 2130 vat.
1418 2102 1501 2130 sec.
1530 2091 1649 2129 Voss.
1670 2102 1754 2130 sec.
1798 2089 1922 2138 Argis
1949 2089 2018 2126 vel

199 2143 306 2183 ervis
333 2144 495 2184 Moret.
525 2147 704 2195 pin—10
735 2143 898 2197 pacfice
928 2143 1049 2183 Voss.
1087 2154 1150 2194 ρι’.
1205 2142 1378 2196 Ρασιζγὶοο
1414 2143 1482 2183 vel
1509 2141 1683 2194 pacifero
1715 2142 1842 2182 Voss.
1877 2152 2018 2181 sec.—

1024 2264 1206 2305 NOTAE

202 2341 354 2394 Virgil.
385 2341 398 2365 ⁴
416 2343 578 2384 Secura
595 2342 675 2385 sub
708 2344 796 2384 alta
827 2344 933 2384 Otia
949 2349 1082 2397 agunt
1147 2356 1222 2384 seu
1242 2344 1378 2395 lyram
1399 2341 1565 2394 Orphei
1585 2340 1768 2382 Bistonii
1786 2350 1859 2379 seu
1885 2338 2020 2378 Thra-

205 2404 352 2445 terra?
1147 2407 1231 2455 cis;
1260 2417 1357 2445 nam
1370 2404 1562 2444 Thraciae
1583 2414 1687 2454 gens
1701 2401 1916 2451 Bistones,
1933 2399 2022 2440 dic-

262 2466 462 2518 Orpheus]
489 2466 702 2519 Apollinis
742 2473 788 2508 et
819 2481 951 2508 musae
985 2469 1081 2510 Cal·
1147 2469 1183 2509 ti
1202 2480 1227 2508 a
1244 2468 1424 2507 Bistone
1443 2465 1597 2506 Martis
1616 2464 1719 2505 filio.

202 2529 344 2582 liopes
364 2529 490 2581 filius,
513 2530 556 2569 in
575 2530 761 2570 Thracia
778 2536 919 2582 natus,
952 2535 1082 2571 cautu
1187 2534 1214 2570 9
1242 2529 1415 2569 Inachiis
1431 2527 1575 2578 Argis]
1621 2526 1762 2579 Argos
1779 2535 1933 2564 nomen
1952 2528 2020 2562 est

203 2593 368 2632 musico
397 2593 791 2633 excellentissimus.
815 2632 818 2636 ,
1150 2591 1349 2632 undecim
1367 2591 1562 2639 urbium3
1590 2589 1666 2629 sed
1695 2587 1832 2640 Argos
1856 2584 2025 2625 Inachi-

262 2659 289 2697 4
330 2655 565 2699 Qaoerebant
583 2655 774 2707 flumina]
816 2654 907 2695 Alii
934 2655 1085 2707 legunt
1151 2666 1238 2706 um,
1256 2654 1309 2694 ab
1327 2653 1487 2694 Inacho
1506 2652 1641 2704 primo
1668 2650 1924 2701 Argivorum
1943 2648 2026 2687 Re-

205 2717 428 2768 Lugebant‚
465 2717 510 2756 id
547 2723 627 2770 est,
676 2719 818 2759 luctus
853 2717 1085 2758 communis
1154 2728 1222 2767 ge,
1239 2720 1305 2756 est
1323 2715 1426 2755 urbs
1441 2712 1742 2765 Peloponnesi,
1768 2711 1811 2750 in
1830 2721 1913 2761 qua
1930 2720 2026 2760 reg-

208 2786 302 2820 erat
324 2781 406 2820 toti
423 2781 602 2832 regioni.
1152 2778 1284 2817 nabat
1311 2776 1591 2828 Eurystheus,
1633 2773 1706 2826 qui
1736 2770 1839 2811 fatis
1870 2769 2026 2823 iniquis

262 2848 285 2882 5
305 2843 418 2882 Soeva
428 2842 552 2893 seris]
571 2842 626 2883 Id
644 2846 727 2893 est,
746 2841 851 2881 ferae
870 2848 1094 2882 resumunt¹
1151 2838 1427 2892 imperitabat
1446 2836 1641 2877 Herculi.

208 2909 407 2949 naturam
440 2917 608 2957 saevam,
639 2917 717 2955 seu
745 2905 966 2956 pristinam
985 2904 1086 2945 feri·
1205 2902 1381 2953 Alcides]
1432 2899 1643 2940 Hercules
1679 2896 1739 2936 sic
1775 2895 1935 2936 dicitur
1971 2892 2026 2933 ab

212 2973 364 3009 tatem.
1153 2977 1232 3006 avo
1248 2970 1428 3017 paterno
1444 2962 1578 3003 Alceo
1596 2974 1608 3011 ς
1630 2960 1700 3000 vel
1717 2957 1793 2998 ἀπὸ
1809 2959 1880 3005 τῆς
1890 2956 2027 3006 ἀλκῆς,

266 3032 426 3082 Natura
441 3031 563 3082 redit]
588 3030 780 3069 Tacente
798 3028 994 3080 Orphe03
1015 3029 1086 3081 qui
1155 3041 1251 3082 quae
1268 3028 1392 3067 virtus
1411 3031 1491 3077 est,
1509 3036 1584 3064 seu
1602 3023 1736 3074 robur,
1751 3033 1834 3075 quo
1855 3018 2028 3060 valebat

213 3091 429 3144 Orpheus,
447 3090 560 3144 quod
576 3094 726 3142 gentes
742 3089 944 3129 barbaras
960 3091 1088 3130 emol-
1154 3103 1241 3143 prae
1257 3089 1414 3131 ceteris
1435 3087 1661 3128 Hercules.

212 3155 366 3205 liisset,
398 3160 443 3194 et
474 3154 529 3193 ad
561 3154 722 3193 cultum
756 3152 988 3192 civiliorem
1007 3158 1089 3192 tra·
1210 3157 1262 3192 10
1291 3150 1495 3202 Pacifer-o]
1523 3148 1636 3189 Nam
1667 3143 1890 3192 Hercules,
1922 3139 2027 3181 orbe

214 3216 426 3265 duxisset,
458 3216 557 3256 inde
591 3215 704 3255 feras
724 3220 770 3255 et
803 3226 905 3254 saxa
932 3214 1087 3255 blando
1157 3213 1360 3254 monstris
1379 3215 1578 3266 purgato,
1595 3218 1745 3262 pacem
1773 3203 1926 3256 ubique
1944 3208 2028 3242 sta-

214 3279 390 3319 citharae
409 3291 512 3319 sono
532 3279 703 3319 trahere
722 3278 863 3318 dictus
883 3282 963 3318 est.
1159 3276 1328 3318 tuebat.

269 3345 296 3384 8
323 3342 549 3383 Bistoniam
565 3341 719 3393 chelyn]
748 3340 800 3380 Id
822 3344 903 3394 est,
918 3340 1090 3394 chelyn,
