2300 3906
537 221 602 258 ιΝ
644 221 686 259 1.
726 218 900 259 coNs.
938 218 1208 259 s'rimcn.
1250 217 1370 257 mn.
1412 217 1454 256 1.
1802 200 1908 260 57⁶7

88 340 328 403 Gaudia,
356 351 764 402 successusque
788 339 949 389 novis
974 338 1326 390 successibus
1349 339 1553 404 urgent.

87 423 365 476 Connubii
389 420 621 471 necdum
646 419 877 471 festivos
902 422 1054 487 regia
1079 428 1276 474 cantus

85 508 355 574 Sopiemt,
381 503 583 555 cecinit
608 504 733 554 fuso
761 503 1004 556 Gildone
1030 505 1358 572 triumphOS,

83 591 153 643 Et
178 589 372 643 calidis
397 586 622 638 thalami
647 588 913 638 successit
934 588 1122 640 laurea
1144 589 1306 639 sertis
1328 606 1341 638 ε
1879 589 1917 642 5

82 674 338 727 Sumeret
363 675 423 723 ut
448 671 654 738 pariter
678 669 944 737 Princeps
964 678 1268 738 nomenque
1292 671 1495 736 mariti,

81 758 441 824 Victorisque
467 750 656 807 decus,
732 754 932 821 Libyae
953 759 1085 821 post
1108 755 1306 822 praelia
1328 757 1531 807 crimen

83 839 331 896 Concidit
357 839 567 890 Eoum:
606 853 925 906 rursusque,
949 837 1174 890 Oriente
1201 839 1451 902 subact0‚

78 1040 355 1093 prosperitates
358 1040 684 1092 prosperitatibus
695 1041 923 1081 recentibus.
942 1042 1046 1082 Aula
1059 1043 1220 1083 vixdum
1232 1049 1505 1095 compresserat
1518 1050 1724 1086 concentus
1738 1047 1913 1094 solennes

80 1095 265 1145 conjug-ii,
283 1107 377 1134 cum
398 1096 571 1133 cantavit
588 1093 773 1132 victorias
790 1094 958 1133 Gildone
973 1097 1109 1145 deleto,
1128 1100 1167 1134 et
1185 1097 1318 1135 laurus
1334 1099 1486 1149 excepit
1492 1099 1616 1150 fiores
1630 1103 1801 1151 tepentes
1818 1101 1910 1139 lecti

80 1148 301 1199 nuptialis,
319 1152 365 1186 ut
386 1148 606 1198 Imperator
624 1147 817 1198 acciperet
830 1147 947 1187 simul
963 1152 1002 1187 et
1021 1161 1158 1188 nomen
1177 1151 1324 1200 sponsi,
1337 1154 1375 1189 et
1387 1151 1566 1191 honorem
1584 1151 1756 1192 victoris.
1811 1154 1911 1193 Post

80 1200 291 1241 certamina
314 1200 461 1252 Libyoe,
480 1202 600 1240 scelus
628 1200 804 1240 Orientis
836 1201 1053 1241 extinctum
1076 1206 1151 1252 est,
1169 1206 1206 1241 et
1234 1203 1393 1254 iterum,
1416 1204 1580 1244 Oriente
1595 1210 1789 1257 superato,
1807 1208 1910 1245 Con-

844 1361 1140 1378 OOONOOOMO

80 1469 267 1510 exhibet.
312 1469 460 1522 Incipit
491 1469 611 1509 Liber
637 1469 683 1510 V.
724 1472 772 1510 de
805 1472 1019 1510 Consulatu
1047 1469 1264 1510 Stiliconis.
1294 1471 1415 1511 Rott.
1450 1475 1495 1510 et
1523 1470 1678 1511 Petav.
1699 1483 1785 1511 sec.
1807 1469 1910 1512 item

0 1543 5 1571 ι,
81 1523 190 1563 Exc.
224 1524 405 1563 Lucens.
437 1535 522 1563 sec.
552 1524 617 1562 De
638 1524 850 1563 Consulatu
881 1524 1086 1564 Stiliconis
1113 1525 1186 1564 hos
1218 1524 1348 1564 libros
1383 1524 1637 1565 inscribunt.
1671 1525 1714 1564 in
1733 1525 1910 1565 Schedis

0 1573 5 1652 ἱ
82 1576 198 1616 Gud.
217 1576 421 1626 scriptum
455 1576 696 1627 legebatur,
727 1577 793 1616 Aa
818 1577 887 1616 hoc
920 1582 958 1617 et
989 1590 1073 1629 quae
1105 1590 1155 1617 ex
1174 1577 1309 1617 ordine
1329 1578 1611 1627 Isingrinianoe
1631 1578 1835 1618 Editionis
1853 1591 1912 1618 se-

2 1653 6 1683 5
80 1633 253 1680 quantur
271 1629 479 1670 Po'e'matia
496 1629 660 1680 reliqua,
676 1631 871 1669 sciendum
890 1635 963 1680 est,
989 1633 1142 1670 notulas
1171 1631 1219 1670 ab
1235 1631 1314 1670 alia
1333 1633 1498 1682 quadam
1517 1635 1556 1671 et
1567 1634 1685 1683 paulo
1701 1632 1914 1672 recentiore

3 1688 5 1692 ’
81 1694 197 1722 manu
214 1683 402 1733 ascriptas
418 1695 513 1731 esse,
531 1687 569 1722 et
588 1683 714 1722 nescio
730 1696 781 1722 an
799 1684 918 1723 etiam
937 1697 987 1724 ex
1004 1685 1079 1724 alio
1099 1685 1255 1723 Codice.

3 1695 10 1826 ἱ
138 1739 159 1774 l
193 1736 437 1776 Conturbant
467 1737 535 1775 vel
571 1736 808 1775 Continuant
840 1737 960 1776 Med.
991 1741 1177 1777 tert.—2
1205 1749 1320 1776 novos
1346 1737 1440 1775 Pal.
1461 1738 1588 1777 Farn.
1608 1737 1771 1777 Thuan.
1790 1737 1912 1778 Med.

78 1800 144 1840 pr.
186 1793 330 1837 augent
363 1802 508 1828 omnes
540 1790 659 1828 Vatt.
694 1790 790 1828 Pal.
828 1791 967 1830 Farn.'
989 1790 1106 1830 Prie.
1142 1791 1261 1830 Rott.
1284 1790 1432 1830 ⁴Oisel.
1466 1791 1572 1829 Exc.
1604 1790 1727 1829 Laeti.
1767 1796 1911 1840 urgent

7 1827 13 1921 ἱ
80 1842 249 1881 'I'holos.
271 1842 420 1881 Ambr.
444 1855 509 1892 pr.
554 1846 699 1890 augent
725 1843 794 1880 vel
822 1847 962 1892 urgent
992 1843 1112 1883 Leid.
1132 1847 1280 1894 pr.—-3
1313 1842 1476 1882 Conubii
1495 1844 1602 1882 Exc.
1622 1843 1804 1882 Lucens.
1825 1855 1912 1884 sec.

41 1906 58 1911 ‘⁷
84 1895 268 1944 confingit
285 1907 428 1935 omnes
450 1896 548 1934 Vat.
570 1894 662 1933 Pal.
684 1894 809 1933 Fam.
838 1895 956 1934 Prie.
979 1897 1100 1935 Rott.
1121 1896 1258 1935 Oisel.
1282 1897 1385 1934 Exc.
1407 1895 1533 1935 Laeti.
1559 1897 1728 1934 nondum
1745 1897 1912 1936 Mazar.

9 1927 15 1998 k
81 1947 237 1988 Petav.
255 1960 319 1999 pr.
344 1947 461 1987 Med.
494 1953 540 1987 et
571 1948 732 1987 Moret.
753 1960 838 1987 sec.
865 1950 968 1987 Vat.
999 1954 1102 1988 tert.
1141 1950 1299 1987 necdum
1331 1949 1436 1987 Exc.
1467 1947 1592 1987 Laeti.
1623 1947 1795 1995 festinos
1814 1949 1912 1990 Pal.

0 2033 1 2043 ,
79 2000 183 2041 Put.
205 2001 312 2040 Exc.
334 2001 456 2051 Laeti,
484 2000 554 2040 ed.
586 2001 728 2040 Vicet.
764 2002 867 2040 Var.
901 2002 989 2041 LL.
1012 2001 1354 2051 emarg.Pa1-m.
1397 2001 1508 2050 regia
1542 2001 1625 2039 duo
1657 2001 1779 2041 Vatt.
1813 2001 1910 2041 Pal.

83 2053 216 2094 Oisel.
239 2055 391 2104 gaudia
408 2055 593 2094 sedecim
615 2054 702 2103 alii,
721 2055 829 2094 Exc.
849 2055 974 2105 Laeti,
991 2055 1059 2094 ed.
1080 2055 1225 2094 Parni.
1256 2059 1300 2093 et
1326 2054 1471 2094 Vicet.
1492 2054 1599 2093 Exc.
1619 2053 1785 2094 Schott.
1805 2055 1914 2096 Var.

14 2134 16 2138 .
83 2107 170 2148 LL.
191 2107 258 2148 ed.
279 2107 411 2148 Antv.
453 2107 563 2158 regia
595 2108 662 2147 vel
689 2108 837 2158 gaudia
868 2109 969 2147 Vat.
991 2109 1211 2160 quint.—4
1240 2107 1450 2158 Sopierant
1467 2107 1567 2146 Vat.
1587 2119 1671 2146 sec.
1691 2107 1789 2147 Pal.
1809 2107 1914 2148 Put.

84 2161 193 2213 Reg.
212 2161 375 2201 Mazar.
403 2161 503 2201 Pat.
535 2161 711 2201 Tholos.
742 2162 847 2200 Lov.
881 2162 1044 2201 Moret.
1082 2173 1171 2201 sec.
1203 2166 1291 2199 tres
1319 2161 1469 2200 Ambr.
1504 2160 1588 2199 inc.
1623 2159 1775 2199 Heius.
1801 2161 1912 2202 Exc.

81 2214 191 2254 Laeti
224 2221 270 2254 et
299 2214 561 2264 Schotti‚ed.
593 2215 737 2254 Parm.
768 2221 813 2254 et
844 2215 984 2254 Vicet.
1018 2215 1122 2255 item
1153 2215 1255 2254 Var.
1281 2214 1368 2254 LL.
1399 2213 1466 2254 ed.
1491 2213 1626 2253 Antv.
1645 2213 1742 2261 fuso
1774 2214 1915 2254 cecinit

69 2267 242 2308 ‹Mor-et.
263 2280 347 2309 sec.
375 2269 514 2307 cecidit
533 2269 616 2308 inc.
641 2268 789 2308 Heins.
818 2268 1032 2320 triumphos
1050 2269 1175 2308 Farn.
1196 2268 1314 2308 Prie.
1329 2267 1432 2308 Jun.
1451 2272 1498 2306 et
1518 2266 1639 2307 Leid.
1662 2279 1727 2318 pr.
1747 2268 1913 2308 Thuan.

83 2321 302 2373 triumphus
332 2321 573 2362 octodecim
612 2321 748 2361 Codd.
783 2322 885 2361 Exc.
918 2322 1029 2361 Laeti
1062 2327 1107 2361 et
1127 2323 1311 2361 Lucens.
1345 2333 1411 2371 pr.
1443 2321 1511 2359 ed.
1544 2321 1766 2360 Vicet.—5
1796 2320 1916 2360 calidi

85 2374 189 2415 Lov.
217 2375 335 2415 sertis
351 2376 418 2415 vel
435 2377 558 2415 sacris
577 2376 731 2415 Petav.
753 2378 902 2426 piu—6
929 2375 1109 2414 Sumeret
1125 2379 1164 2414 et
1182 2375 1353 2414 Tholos.
1383 2374 1574 2424 Princeps
1588 2373 1741 2423 pariter
1758 2372 1911 2412 Ambr.

22 2422 28 2502 ᾗ
64 2429 148 2480 Ῐιτ.
175 2429 365 2480 triumphi
383 2440 460 2480 pro
479 2429 616 2469 mariti
636 2429 756 2468 Med.
774 2432 956 2468 tert.—-—7
986 2429 1132 2467 crimen
1158 2429 1227 2466 vel
1246 2429 1391 2466 crinem
1409 2426 1530 2465 Meu.
1551 2429 1700 2476 pr.—8
1730 2425 1917 2465 Condidit

85 2481 208 2523 Leid.
228 2494 295 2534 pr.
313 2495 370 2522 m.
393 2495 458 2534 pr.
478 2483 579 2523 Vat.
600 2493 682 2522 see.
708 2493 844 2521 rursus
862 2482 966 2521 Vat.
999 2493 1065 2531 pr.
1103 2492 1311 2531 rursusque
1330 2484 1514 2532 quatuor
1543 2480 1664 2519 Vatt.
1683 2478 1778 2520 Pal.
1795 2479 1914 2518 Prie.

27 2572 33 2624 ἰ

67 2635 84 2639 ·’
914 2619 1089 2660 NOTAE

28 2629 36 2764 ς
138 2735 164 2772 2
199 2728 372 2780 Urgent]
412 2727 498 2767 Vix
511 2737 597 2767 una
622 2725 802 2766 victoria
819 2737 965 2777 repor-
1086 2731 1109 2766 5
1142 2725 1293 2766 Calidis
1318 2724 1453 2776 settis]
1502 2725 1637 2765 Sertis
1668 2724 1922 2765 recentibus

4 2814 39 2839 ,ς
86 2799 178 2835 tata
196 2799 276 2843 est,
295 2804 389 2832 cum
419 2791 501 2830 alia
525 2790 736 2840 succedit,
754 2789 964 2841 aliamque
1033 2803 1088 2829 ex
1125 2789 1239 2828 omni
1277 2787 1430 2829 florum
1469 2800 1641 2840 genere,
1679 2800 1734 2828 ex
1771 2791 1913 2839 myrto

35 2833 350 2903 innnocedendo
370 2859 510 2905 urget.
1032 2853 1192 2893 Veneri
1212 2864 1346 2902 sacra,
1362 2863 1444 2904 qua
1462 2851 1563 2891 novi
1591 2851 1717 2903 nupti
1735 2862 1913 2890 corona-

36 2909 42 2935 '
140 2922 166 2959 3
196 2917 408 2968 connubii]
445 2916 628 2957 Honorii
646 2920 692 2955 et
708 2915 863 2954 Mariae
883 2915 966 2955 Sti·
1029 2914 1202 2955 bantur.

86 2981 264 3038 lichenis
277 2980 405 3021 filiae:
451 2980 565 3033 quod
594 2979 835 3031 conjugium
856 2979 966 3018 celc—
1086 2981 1110 3017 7
1143 2977 1302 3018 Crimen
1339 2977 1483 3028 Eoum]
1538 2975 1770 3028 Eutropius
1803 2987 1914 3016 anno

40 3056 45 3078 ‘1
89 3045 258 3089 bratnm
291 3052 358 3085 est
393 3056 504 3084 anno
537 3046 630 3083 398.
685 3042 794 3081 Tum
835 3041 965 3081 Gildo
1034 3040 1232 3081 Gildonis
1263 3041 1427 3081 cladem
1456 3045 1665 3093 sequente
1698 3038 1915 3089 concidit;

0 3127 2 3138 >
41 3087 47 3155 ξ
89 3107 204 3148 fmus
223 3114 304 3148 est.
358 3108 591 3159 Eutropius
616 3119 727 3146 anno
759 3111 967 3158 sequente
1035 3104 1284 3155 Eutropius,
1314 3103 1387 3156 qui
1439 3103 1616 3142 crimine
1659 3102 1915 3154 populorum

43 3170 49 3222 ζ
89 3171 307 3221 concidit3
335 3177 382 3211 et
400 3183 510 3210 anno
542 3173 636 3210 400.
666 3169 840 3208 Stilicho
859 3169 969 3208 Con·
1036 3168 1228 3208 Orientis
1256 3168 1310 3207 ad
1343 3167 1500 3220 primos
1527 3167 1707 3206 honores
1736 3169 1916 3208 evectus

0 3233 4 3246 '
45 3235 50 3273 ἰ
92 3233 341 3274 oulcreatus
362 3240 442 3275 est.
1035 3229 1190 3270 fuerat.

47 3280 52 3362 ’ἲ
145 3299 173 3337 4
200 3297 372 3348 cecinit]
401 3297 513 3337 Aula
531 3296 758 3348 personuit
773 3294 968 3335 cantibus
1090 3297 1115 3333 8
1146 3292 1310 3333 Oriente
1325 3291 1500 3342 subacto]
1542 3290 1612 3330 Ob
1640 3287 1913 3340 Eutropium,

50 3372 54 3415 ¹,
94 3357 267 3407 nostris,
300 3358 399 3398 dum
449 3359 702 3401 canebamus
737 3357 967 3398 Gildonem
1033 3357 1107 3409 qui
1125 3357 1292 3409 ejectus
1311 3361 1420 3408 erat,
1436 3356 1563 3395 immo
1578 3357 1624 3393 et
1642 3351 1821 3392 occisus.

52 3419 56 3465 ,ἶ
95 3421 254 3463 victum
274 3420 318 3459 in
336 3421 485 3471 Libya.

53 3472 55 3485 “
202 3486 348 3541 Daph.
364 3491 404 3527 et
430 3487 526 3528 ναν.
547 3488 653 3529 clas.
945 3483 1086 3532 cuna.
1706 3481 1732 3517 2
1761 3477 1802 3517 0
