2300 3906
2 911 7 1010 ξ

4 1132 8 1180 z

715 204 795 242 DE
835 205 918 243 vr.
959 204 1132 245 cous.
1173 206 1405 247 Houon.
1861 195 1968 252 835

146 308 422 365 Temnunt
446 312 633 381 prisca
658 329 835 378 seneS,
863 319 993 370 etin
1017 318 1163 371 hunc
1190 320 1300 372 sibi
1324 335 1592 389 prospera
1615 319 1717 373 fati

146 395 451 448 Gratantur
477 398 710 450 durasse
738 399 908 452 diem:
948 403 1343 472 moderataque
1369 405 1597 457 laudant

142 477 436 545 Tempora,
463 480 615 545 quod
643 480 882 533 clemens
909 484 1084 546 aditu,
1113 486 1263 552 quod
1288 491 1531 553 pectore,
1557 488 1711 540 solus
1855 489 1963 540 550

152 560 430 613 Romanos
460 564 634 613 vetuit
659 580 872 617 currum
900 568 1216 634 praecedere
1244 569 1439 622 Patres
1462 588 1474 623 t

142 643 284 696 Cum
306 650 488 696 tamen
516 646 835 712 Eucherius,
862 651 954 702 cui
979 652 1162 717 regius
1183 651 1428 719 undique
1455 654 1699 720 sanguis,

140 726 324 795 Atque
349 726 600 794 Augusta
626 747 795 796 soror,
821 733 975 786 fratri
999 735 1271 802 praeberet
1290 738 1477 787 ovanti

142 810 343 862 Militis
371 813 723 879 obsequium:
762 816 843 868 sic
866 817 1022 870 illum
1044 817 1184 868 dura
1207 820 1459 885 parentis

142 893 389 946 Instituit
414 896 610 962 pietaS,
637 899 692 949 in
718 915 778 950 se
803 901 893 952 vel
916 901 1151 968 pignora
1175 902 1331 968 parci
1352 918 1366 967 3
1854 904 1963 956 555

143 975 366 1045 Quique
388 983 550 1045 neget
573 986 720 1047 nat0,
747 999 1034 1050 procerum
1059 985 1212 1052 quod
1237 989 1467 1052 praestet
1490 987 1700 1040 honori.

138 1132 404 1185 ‘Imperatoris
434 1134 598 1186 aequalis
622 1135 731 1175 sibi:
774 1149 881 1177 senes
904 1138 1110 1188 negligunt
1138 1138 1313 1190 antiqua,
1341 1143 1379 1179 et
1402 1141 1575 1189 gaudent
1590 1139 1684 1189 fata
1711 1142 1875 1180 secunda
1891 1141 1968 1181 sibi

139 1188 356 1237 contigisse
374 1200 509 1240 usque
526 1191 577 1227 ad
596 1190 695 1228 hunc
712 1190 830 1239 diem,
845 1194 883 1230 et
907 1192 1124 1241 praedicant
1141 1193 1319 1231 saeculum
1347 1193 1428 1231 hoc
1456 1194 1667 1243 placidum,
1684 1196 1783 1244 quod
1803 1194 1968 1235 scilicet

145 1239 363 1291 Princeps
387 1241 527 1289 facilis
552 1254 719 1292 accessu,
737 1245 836 1293 quod
867 1244 981 1283 mitis
1000 1244 1144 1294 animo,
1175 1245 1277 1283 solus
1305 1244 1503 1295 prohibui-t
1523 1245 1729 1285 Senatores
1757 1247 1967 1287 Romanos

142 1293 296 1333 anteire
314 1306 470 1333 currum
503 1307 638 1335 suum.
697 1298 796 1334 Cum
831 1300 961 1335 tamen
981 1297 1212 1347 Eucherius,
1230 1298 1297 1347 qui
1323 1298 1567 1348 undequaque
1585 1299 1796 1348 contingit
1811 1304 1969 1349 gentem

144 1346 355 1397 Regalem,
387 1347 451 1387 cui
480 1353 546 1387 est
572 1360 680 1387 soror
709 1349 967 1399 Imperatrix‚
993 1354 1201 1399 praestaret
1220 1349 1385 1401 officium
1412 1350 1552 1388 militis
1559 1350 1689 1398 fratri
1707 1351 1967 1402 triumphanti

143 1399 366 1439 Honorio:
398 1400 458 1439 ita
488 1402 618 1452 pietas
641 1413 773 1441 severa
795 1402 925 1452 patris
954 1401 1201 1441 Stilichonis
1232 1402 1420 1441 moderati
1453 1414 1548 1452 erga
1579 1415 1619 1441 se
1635 1407 1704 1442 aut
1724 1403 1835 1455 filios
1861 1415 1973 1454 suos,

140 1453 296 1492 edocuit
313 1452 424 1493 illum
436 1467 453 1502 ‚·
480 1454 739 1506 Stilichonis,
753 1455 820 1506 qui
846 1467 923 1494 non
940 1457 1123 1494 concedat
1136 1454 1244 1507 filio,
1265 1457 1364 1506 quod
1380 1457 1553 1496 concedit
1571 1456 1710 1505 gloriae
1729 1455 1970 1498 Primorum.

903 1571 1070 1587 “0100ae
1077 1571 1198 1586 ‘6060

138 1654 225 1690 tant
246 1650 347 1691 Vat.
367 1656 465 1691 tert.
480 1664 538 1692 m.
560 1664 625 1703 pr.
651 1652 808 1692 Temnis
827 1651 975 1692 Ambr.
1005 1664 1092 1691 sec.
1112 1663 1153 1690 se
1167 1663 1351 1703 prospera
1367 1651 1464 1692 Pal.
1477 1651 1573 1700 fata
1590 1652 1690 1693 Vat.
1710 1665 1774 1703 pr.
1796 1658 1841 1693 et
1862 1657 1964 1692 tert.

139 1703 275 1744 Oisel.
299 1704 399 1750 Vat.
420 1705 655 1754 Livin.fati
675 1705 799 1745 Leid.
829 1718 894 1757 pr.
924 1717 1020 1744 cum
1051 1705 1228 1755 triginta
1246 1705 1358 1754 aliis,
1389 1705 1459 1745 ed.
1479 1705 1622 1745 Parm.
1644 1710 1689 1745 et
1707 1706 1848 1746 Vicet.
1873 1704 1971 1746 Am.

138 1756 456 1797 Exc..1.ucens.
478 1770 539 1809 pr.
559 1765 603 1798 et
622 1759 806 1809 Schotti,
835 1757 906 1797 ubi
927 1758 1170 1799 Gronovius
1190 1763 1326 1807 notat,
1347 1757 1407 1797 sic
1428 1770 1595 1810 quoque
1616 1758 1801 1798 Fabrum
1820 1759 1965 1809 legere

135 1810 182 1849 in
198 1811 642 1851 Semestribus.-—550
670 1813 822 1851 demens
840 1811 963 1850 Med.
982 1823 1068 1851 sec.
1097 1811 1233 1850 habitu
1251 1808 1353 1850 Vat.
1372 1822 1458 1851 sec.
1478 1812 1569 1862 quia
1589 1811 1713 1850 Farn.
1734 1813 1809 1851 duo
1827 1811 1967 1852 oisel.

135 1867 307 1914 tempore
323 1863 430 1902 Exc.
452 1864 579 1905 Laeti.
597 1866 698 1915 quod
710 1868 867 1915 pectore
883 1864 1002 1903 Leid.
1021 1876 1087 1915 pr.
1103 1876 1199 1903 cum
1217 1863 1372 1913 viginti
1389 1864 1521 1903 tribus
1537 1864 1646 1914 aliis,
1664 1865 1772 1904 Exc.
1787 1864 1965 1904 Gevart.

127 1915 325 1955 Lucem.
362 1928 427 1966 pr.
462 1917 618 1956 Sched.
641 1917 756 1957 Gud.
776 1918 878 1957 Var.
900 1918 986 1956 LL.
1007 1929 1031 1955 e
1050 1929 1186 1967 marg.
1218 1917 1364 1955 Parni.
1385 1922 1430 1956 et
1449 1917 1518 1956 ed.
1549 1917 1680 1957 Antv.
1710 1922 1878 1967 tempore
1896 1918 1966 1956 vel

131 1972 289 2020 pectore
309 1969 504 2008 Florent.
522 1982 594 2020 quo
615 1973 783 2020 tempore
800 1971 902 2009 solus
920 1969 1061 2010 Oxou.
1088 1982 1153 2020 pr.
1171 1971 1249 2008 solo
1280 1969 1386 2008 Lov.
1407 1971 1505 2020 quod
1518 1974 1671 2020 pectore
1687 1971 1789 2008 solus
1806 1970 1872 2009 vel
1891 1982 1965 2020 quo

134 2026 304 2073 tempore
325 2022 446 2061 Leid.
480 2032 567 2062 sec.
587 2022 791 2061 Heinsius
812 2023 1095 2073 ascripserat:
1127 2022 1139 2043 ⁴
1156 2022 1275 2072 solus]
1293 2021 1441 2061 dehac
1468 2034 1573 2061 voce
1592 2022 1679 2061 vid.
1700 2022 1883 2062 Casaub.
1912 2021 1967 2061 ad

137 2073 254 2114 nist.
285 2073 397 2126 Aug.
427 2088 470 2126 p.
489 2075 706 2115 48.’--551
736 2076 873 2114 metuit
908 2087 985 2126 pso
1013 2075 1135 2114 vetuit
1155 2074 1321 2113 Bonon.
1351 2074 1491 2113 meruit
1518 2075 1674 2114 Petav.
1704 2081 1804 2114 tert.
1831 2086 1967 2113 currus

135 2127 240 2168 Lov.
259 2128 404 2168 circum
439 2140 516 2180 pro
534 2141 690 2168 currum
713 2130 874 2167 Bonon.
906 2127 1064 2166 Petav.
1099 2132 1202 2166 tert.
1234 2126 1361 2165 currit
1394 2127 1689 2166 Mamm—552
1716 2127 1874 2176 regibus
1889 2139 1966 2178 pro

134 2180 830 2275 35{{“³1.‘1³v³1⁵1?¹ffi⁵0⁵i:‹53¹'⁸⁶1‘{'ff222”
848 2182 1052 2286 ‘'Q-5322
1083 2179 1369 2272 2235?ssss
1398 2192 1486 2272 ⁸13³ssss
1517 2181 1966 2273 ”sszssss‘ssffffie‘ssossss

136 2285 343 2327 Heinsius
362 2288 430 2326 hic
452 2299 572 2340 seqq.
594 2293 846 2327 notaverat:
876 2290 887 2310 ‘
907 2246 1160 2326 meriro‘iioc
1179 2285 1338 2325 laudat.
1377 2285 1484 2325 Erat
1501 2285 1612 2325 enim
1628 2285 1767 2335 moris,
1783 2291 1830 2325 ut
1842 2285 1968 2326 liberi

136 2340 263 2380 simul
282 2353 408 2381 curru
429 2341 676 2392 triumphali
694 2341 966 2379 veherentur.
987 2339 1075 2378 vid.
1097 2338 1280 2378 Casaub.
1301 2338 1354 2376 ad
1371 2338 1488 2378 Hist.
1509 2338 1619 2388 Aug.
1640 2350 1681 2388 p.
1695 2341 1762 2376 6⁷.
1782 2337 1815 2376 f.
1837 2337 1966 2389 Capi-

137 2393 260 2433 toliu.
296 2407 337 2444 p.
369 2397 436 2433 29.
465 2395 493 2434 l.
526 2397 591 2434 12.
613 2406 738 2446 quem
773 2393 941 2432 omnino
972 2392 1082 2431 vide.
1112 2396 1177 2430 est
1207 2391 1320 2429 enim
1350 2391 1467 2430 locus
1486 2390 1843 2441 corruptissimus.
1875 2389 1963 2431 vid.

135 2447 319 2486 Casaub.
343 2459 385 2497 p.
405 2450 471 2486 7⁰.
491 2448 661 2487 Salmas.
682 2459 725 2497 p.
747 2445 826 2485 88!
852 2446 909 2484 sic
935 2445 1033 2483 illud
1056 2445 1173 2483 Rott.
1192 2443 1253 2482 illi
1272 2444 1567 2482 Mamm—555
1598 2443 1796 2482 Instruxit
1819 2442 1964 2483 Ambr.

136 2511 204 2551 pr.
227 2499 398 2538 Instruit
430 2504 466 2538 et
487 2500 588 2538 Put.
618 2500 784 2549 pignora
804 2499 910 2549 Reg.
938 2497 1105 2549 pignore
1136 2496 1219 2535 duo
1249 2496 1369 2534 Vatt.
1402 2497 1553 2535 Petav.
1581 2508 1646 2546 pr.
1677 2497 1775 2534 Pur.
1807 2496 1962 2536 Petav.

132 2564 254 2606 parca
273 2552 391 2591 Med.
413 2555 691 2602 quarti—556
725 2553 911 2601 Quodque
941 2553 1056 2599 neget
1084 2549 1201 2588 Med.
1221 2553 1358 2599 quart.
1390 2552 1508 2598 negat
1540 2549 1648 2599 Reg.
1675 2550 1775 2599 quod
1802 2552 1962 2599 proestet

122 2605 246 2648 sExc.
265 2605 390 2646 Laeti.
407 2605 472 2656 qui
491 2605 558 2645 ed.
580 2605 719 2644 Vicet.
731 2607 898 2656 praestat
914 2603 1015 2642 Vat.
1033 2614 1099 2653 pr.
1120 2602 1215 2641 Pal.
1237 2602 1370 2641 Oisel.
1389 2602 1577 2642 Floreut.
1598 2613 1652 2640 m.
1673 2614 1736 2653 pr.
1755 2601 1874 2641 Med.
1895 2614 1962 2653 pr.

956 2722 1137 2765 NOTAE

191 2815 271 2852 548
299 2813 491 2853 Temnunt
508 2812 656 2865 prisca]
684 2813 797 2853 Dum
816 2816 1017 2864 spectant
1135 2813 1214 2851 553
1235 2810 1416 2860 Augusta
1433 2808 1560 2859 soror]
1588 2808 1730 2848 Maria
1747 2819 1855 2848 uxor
1873 2807 1964 2848 Ho-

136 2881 397 2928 praesentem
419 2877 629 2917 laetitiam.
1082 2874 1208 2925 nerii,
1225 2886 1342 2913 soror
1362 2873 1574 2920 Eucherii,
1594 2870 1679 2910 filia
1701 2872 1965 2912 Stilichonis.

196 2939 502 2990 Prosperasatz‘]
521 2940 573 2979 Id
591 2945 672 2990 est,
689 2951 899 2991 prospera
912 2938 1017 2979 fata.
1137 2941 1214 2975 555
1245 2936 1294 2974 1n
1311 2948 1351 2975 se
1366 2937 1427 2975 vel
1440 2935 1608 2986 pignora
1622 2934 1754 2985 parci]
1782 2933 1962 2973 Stilicho

137 3001 310 3041 Phrasis
336 3002 507 3042 Graeea.
756 2995 758 2997 ’
1086 3010 1254 3050 semper
1282 2997 1362 3037 fuit
1386 3008 1538 3048 parcus
1568 3002 1612 3035 et
1641 2995 1886 3035 moderatus
1918 2994 1964 3034 in

190 3067 268 3102 551
313 3063 556 3114 Proecedere]
598 3062 905 3103 Praecedentes
936 3063 1018 3102 Im·
1085 3074 1131 3101 se
1152 3067 1198 3101 et
1216 3060 1472 3100 Eucherium
1500 3058 1633 3098 filium
1662 3059 1846 3107 unicum,
1866 3068 1963 3096 cum

138 3132 360 3176 peratores
383 3127 592 3178 jubebant
611 3127 859 3178 Senatores,
877 3138 1018 3166 servo·
1086 3124 1139 3163 de
1160 3123 1390 3163 honoribus
1410 3126 1620 3172 ageretur.
1648 3121 1843 3160 Zosimus
1863 3119 1963 3159 scri·

140 3200 232 3228 rum
251 3190 400 3237 instar,
431 3190 594 3230 anteire
624 3202 773 3229 currus
794 3202 907 3228 suos.
965 3189 1018 3227 Id
1086 3186 1150 3226 bit
1189 3185 1462 3225 Stilichonem
1497 3182 1628 3223 fuisse
1670 3182 1963 3222 moderatione

118 3250 254 3301 .quod
272 3263 356 3291 non
377 3250 478 3291 fecit
510 3252 744 3302 Honorius,
771 3253 899 3291 immo
919 3263 1016 3291 con·
1085 3250 1311 3301 insignem,
1328 3247 1434 3287 adeo
1452 3254 1496 3286 ut
1519 3260 1612 3286 cum
1633 3246 1763 3285 filium
1783 3243 1961 3282 haberet

140 3313 244 3352 siliis
262 3314 504 3354 Stilichonis
531 3327 725 3366 magnam
755 3327 923 3367 semper
954 3326 1018 3354 re·
1085 3312 1275 3363 unicum,
1306 3323 1400 3351 eum
1430 3316 1597 3351 tantum
1626 3308 1679 3348 ad
1708 3307 1961 3357 dignitatem

142 3375 380 3415 verentium
397 3375 812 3429 Senatuivpraestitit.
1084 3373 1259 3415 Tribuni
1289 3385 1340 3414 ac
1371 3372 1540 3415 Notarii
1571 3368 1801 3417 extulerit3
1832 3376 1960 3419 quam
