2300 3906
299 171 407 238 840
841 186 934 225 cr..
975 183 1329 224 ccAumAm
1372 182 1614 222 xxvur.

297 306 475 361 Affuit
501 309 629 376 ipsa
653 307 771 373 suis
795 306 909 358 ales
935 305 1194 356 Victoria
1215 306 1453 373 templiS,

300 391 577 444 Romanae
604 392 780 442 tutela
805 394 947 455 togae
969 405 981 440 :
1022 404 1150 456 quae
1176 388 1349 441 divite
1373 405 1581 458 pompa

300 475 528 527 Patricii
551 473 854 526 reverenda
877 474 1029 525 fovet
1054 473 1298 525 sacraria
1319 480 1518 537 coetus,

301 558 725 626 Castrorumque
750 558 944 610 eadem
974 574 1161 611 comes
1189 558 1467 610 indefessa
1489 564 1728 622 tuorum,

301 643 469 694 Nunc
496 642 711 694 tandem
734 642 933 694 fruitur
957 642 1104 694 votis
1125 659 1139 707 3
1179 648 1344 708 atque
1368 658 1528 694 omne
1552 643 1789 696 futurum

298 726 383 778 Te
410 726 630 791 Romae,
651 743 890 794 seseque
917 727 1039 789 tibi,
1060 726 1327 793 promittit
1351 728 1405 778 in
1433 741 1634 779 aevum.

302 810 456 862 Hinc
482 815 535 862 te
553 812 672 879 jam
696 812 895 878 patriis
922 811 1133 862 laribus
1159 810 1253 862 via
1276 811 1494 862 nomine
1521 827 1649 863 vero

2020 559 2128 611 600

302 933 373 972 bus
389 935 552 983 togatis,
565 935 653 984 jam
674 934 822 973 militat
839 935 1010 986 auspicio
1029 937 1144 976 Auloe
1162 938 1373 987 paludatae.
1409 935 1586 976 Victoria
1603 934 1688 987 ipsa
1704 937 1813 975 alata
1831 939 1958 975 custos
1976 934 2131 985 imperii

301 988 471 1026 Romani
506 986 689 1035 interfuit
728 988 772 1026 in
808 990 963 1039 templis
988 990 1071 1029 suis
1082 1004 1098 1037 ,·
1143 1003 1230 1041 quae
1264 990 1456 1030 Victoria
1487 1002 1582 1029 cum
1608 994 1801 1041 apparatu
1831 991 2006 1039 opulento
2038 987 2133 1026 colit

297 1041 476 1079 sacellum
505 1042 763 1079 venerandum
793 1054 989 1081 consessus
1022 1043 1209 1094 Patricii,
1239 1048 1277 1083 et
1310 1046 1442 1083 eadem
1468 1044 1571 1083 socia
1597 1042 1911 1093 indefatigabilis
1937 1052 2132 1080 armorum

300 1097 468 1141 trwrum,
486 1106 585 1132 nunc
603 1095 760 1132 tandem
786 1097 943 1145 potitur
958 1096 1167 1136 desideriis
1200 1098 1301 1148 suis,
1321 1102 1362 1137 et
1383 1098 1589 1149 pollicetur
1606 1101 1660 1147 te,
1683 1110 1707 1136 o
1728 1097 1908 1146 Honori,
1928 1095 2078 1143 Romoe,
2093 1097 2133 1132 et

299 1158 338 1185 se
353 1146 428 1185 tibi
446 1147 488 1185 in
506 1159 653 1186 omne-m
668 1151 826 1188 <etatem
844 1154 1061 1202 venturam.
1105 1151 1216 1190 Hinc
1233 1152 1298 1191 via
1315 1164 1427 1191 sacra
1445 1151 1562 1190 dicta
1577 1152 1730 1190 nomine
1744 1149 1945 1201 vero,jam
1959 1150 2133 1198 reportat

1064 1243 1186 1258 OO‘OO
1190 1244 1284 1258 ‘N‘
1289 1244 1360 1259 ‘O‘

302 1293 395 1333 Pal.
413 1293 498 1334 duo
519 1295 637 1335 Med.
653 1296 754 1335 Vat.
773 1296 909 1336 Livin.
932 1302 1017 1336 vet.
1039 1297 1146 1349 Gyr.
1167 1299 1270 1337 Var.
1301 1299 1386 1339 LL.
1407 1298 1475 1336 ed.
1498 1297 1629 1337 Antv.
1648 1298 1742 1336 talis
1761 1301 1850 1335 tres
1867 1296 1987 1335 Vatt.
2007 1295 2136 1333 Farn-

303 1347 424 1387 Rott.
442 1347 698 1393 Oise1.,Jun.
731 1361 797 1400 pr.
818 1350 900 1389 duo
932 1350 1074 1390 Oxon.
1096 1351 1179 1390 duo
1214 1351 1364 1391 Leidd.
1395 1353 1490 1390 talis
1520 1352 1588 1390 vel
1621 1352 1699 1390 ales
1732 1350 1983 1390 Pria—598·
2007 1360 2137 1399 penna

300 1401 402 1441 Vat.
422 1413 488 1452 pr.
510 1403 605 1442 Pal.
628 1404 745 1442 Rott.
780 1404 941 1442 Bonon.
967 1403 1114 1444 Ambr.
1143 1416 1228 1444 sec.
1260 1405 1345 1444 duo
1374 1404 1525 1444 Leidd.
1559 1404 1655 1455 pina
1688 1402 1805 1442 Prie.
1840 1402 1976 1441 Oisel.
1993 1414 2135 1452 pompa

303 1453 386 1493 duo
407 1455 526 1494 Vatt.
548 1456 648 1495 Put.
682 1457 790 1506 Reg.
814 1457 975 1495 Mazar.
998 1458 1099 1496 Pat.
1131 1458 1217 1497 duo
1237 1456 1386 1496 Ambr.
1422 1458 1523 1498 Jun.
1558 1469 1623 1507 pr.
1657 1456 1743 1494 duo
1765 1455 1906 1494 Oxou.
1926 1456 2029 1494 Var.
2050 1455 2136 1494 LL.

303 1507 368 1546 ed.
387 1507 516 1547 Antv.
531 1511 651 1559 pinna
671 1508 756 1547 duo
780 1511 930 1548 Petav.
962 1511 1139 1549 Tholos.
1173 1512 1277 1549 Lov.
1311 1511 1471 1549 Moret.
1495 1521 1580 1548 sec.
1598 1510 1714 1559 plena
1731 1509 1836 1546 Var.
1856 1508 1943 1547 LL.
1964 1520 1987 1546 e
2004 1519 2137 1558 marg.

301 1558 445 1599 Parni.
481 1563 625 1601 Parma
659 1563 762 1600 Exc.
795 1563 977 1601 anens.
1013 1575 1099 1601 sec.
1132 1563 1245 1600 unde
1274 1564 1405 1613 palma
1427 1561 1701 1613 'conjiciebat
1721 1560 1926 1599 Heinsius
1947 1563 2138 1611 ascripto

301 1613 396 1651 loco
418 1614 569 1653 Claud.
588 1614 681 1653 Lib.
702 1614 745 1652 in
766 1626 817 1652 11.
837 1615 960 1654 (jons.
979 1614 1143 1655 Stilich.
1160 1619 1255 1654 205.
1304 1617 1315 1636 ‘
1335 1616 1375 1655 O
1400 1616 1543 1666 palma
1563 1614 1689 1653 viridi
1710 1615 1898 1664 gaudens
1913 1620 1958 1653 et
1980 1614 2139 1654 amicta

302 1666 505 1716 tropaeis.'
536 1667 608 1705 ubi
624 1667 722 1705 vide
741 1669 813 1706 has
830 1669 931 1707 Var.
964 1669 1050 1706 LL.
1068 1680 1195 1718 penna
1213 1669 1281 1707 vel
1311 1669 1436 1719 pinna
1461 1669 1628 1708 Thuan.
1646 1668 1769 1718 pinna
1788 1668 1857 1707 vel
1872 1680 2011 1719 pompa
2031 1668 2138 1708 Exc-

301 1718 467 1759 Schott.
484 1732 623 1770 parma
643 1721 709 1758 vel
735 1733 863 1771 penna
882 1721 991 1760 Exc.
1025 1721 1150 1761 Laeti.
1181 1734 1309 1772 penna
1340 1723 1406 1760 vel
1434 1719 1575 1774 porhpa
1607 1722 1800 1761 Florent.
1834 1721 1984 1761 Petav.
2019 1732 2138 1771 pr.—

302 1775 381 1811 599
410 1772 602 1811 Patrio-iis
621 1774 721 1812 Var.
746 1775 829 1813 LL.
851 1786 874 1812 e
892 1786 1027 1825 marg.
1049 1775 1193 1815 Parm.
1214 1777 1432 1814 veneranda
1455 1787 1530 1826 pro
1552 1777 1761 1815 reverenda
1780 1774 1880 1814 Put.
1900 1773 2050 1813 Ambr.
2071 1785 2137 1825 pr.

292 1824 379 1872 suit
408 1838 486 1876 pro
509 1825 621 1873 fovet
650 1827 749 1866 Vat.
784 1839 849 1877 pr.
882 1840 937 1867 m.
969 1840 1032 1878 pr.
1052 1827 1166 1876 soret
1200 1829 1302 1867 Var.
1335 1830 1424 1868 LL.
1456 1829 1526 1869 ed.
1558 1828 1826 1868 Antv.——601
1868 1829 1982 1866 Nunc
2009 1830 2139 1866 autem

303 1878 451 1918 Ambr.
470 1892 534 1930 pr.
555 1881 658 1918 votis
678 1892 822 1920 omnes
842 1882 963 1921 Vatt.
994 1881 1088 1920 Pal.
1111 1882 1239 1921 Farn.
1276 1882 1393 1921 Prie.
1416 1883 1570 1931 ,iunctis
1603 1894 1681 1933 pro
1714 1882 1815 1920 votis
1851 1882 1959 1932 Reg.
1981 1881 2136 1919 Petav.

301 1944 386 1972 sec.
413 1934 581 1972 Tholos.
612 1934 773 1974 Moret.
793 1945 879 1974 sec.
913 1934 1186 1975 desideratur
1214 1936 1282 1975 hic
1304 1948 1448 1975 versus
1483 1937 1525 1975 in
1557 1936 1794 1975 Pan—602
1824 1935 1960 1975 Romoe
1979 1934 2140 1975 Moret-

302 1997 369 2035 pr.
393 1984 489 2024 Ald.
509 1986 585 2025 sibi
606 1999 685 2038 pro
706 1986 779 2026 tibi
813 1988 971 2027 Moret.
994 2001 1057 2040 pr.
1075 1989 1290 2040 praemittit
1323 1990 1426 2029 Put.
1454 1990 1659 2040 promittit
1675 1989 1777 2030 Jun.
1800 2001 1866 2040 pr.
1891 1988 2035 2028 Ambr.
2056 1998 2141 2027 sec.

299 2039 498 2088 permittit
519 2040 620 2079 Vat.
643 2052 729 2080 sec.
748 2041 869 2080 Med.
901 2048 1042 2094 quart.
1060 2042 1145 2082 inc.
1176 2043 1325 2083 Heius.
1354 2043 1508 2083 Petav.
1527 2055 1611 2083 sec.
1632 2043 1793 2082 Moret.
1825 2054 1909 2082 sec.
1927 2041 2029 2080 Var.
2050 2041 2138 2081 LL.

305 2104 327 2129 e
349 2104 481 2144 marg.
513 2093 656 2134 Parm.
688 2094 886 2144 promittit
918 2096 989 2134 vel
1004 2095 1204 2144 permittit
1232 2096 1424 2136 Florent.
1456 2097 1499 2135 in
1525 2109 1607 2135 oevo
1627 2097 1768 2135 Oxou.
1797 2097 2018 2135 sem-603
2044 2094 2139 2134 Jam

1127 2201 1310 2243 NOTAE

301 2285 466 2336 legibus
486 2285 610 2326 Aulae
630 2287 874 2339 Paludatae,
891 2289 970 2328 hoc
990 2295 1070 2338 est,
1106 2289 1188 2328 Im·

301 2349 514 2401 peratoris
533 2350 750 2400 Paludati,
784 2363 860 2390 seu
891 2351 1014 2391 bellis
1032 2350 1189 2391 facien·

304 2412 366 2451 dis
384 2424 428 2452 se
448 2414 713 2464 occupantis.
748 2413 905 2454 Militia
920 2418 1059 2465 togata
1072 2428 1188 2467 saepe

304 2474 462 2513 dicitur
481 2473 535 2514 de
556 2475 812 2515 Oratoribus
832 2476 876 2515 in
901 2476 1019 2516 libris
1051 2478 1187 2519 Juris-

305 2538 620 2577 consultorum:
665 2539 719 2578 de
769 2539 955 2580 Oratore
991 2540 1189 2593 Ovidius,

305 2604 316 2623 ‘
342 2602 472 2641 Arma
502 2608 646 2642 movet
675 2604 873 2655 linguae:'
910 2611 956 2645 et
989 2606 1188 2646 Valerius

303 2665 517 2705 Maximus
535 2666 590 2705 de
610 2666 762 2717 milite,
801 2668 813 2690 ‘
835 2667 1044 2719 depositis
1060 2669 1190 2709 armis

304 2733 477 2768 coactus
505 2733 573 2768 est
600 2728 641 2767 in
669 2728 762 2768 foro
794 2735 986 2781 togatam
1021 2731 1189 2782 ingredi

302 2792 498 2832 militiam
518 2792 543 2842 ;’
571 2798 616 2832 et
637 2793 719 2832 alio
739 2793 780 2832 in
803 2795 898 2833 loco
919 2794 973 2833 de
992 2795 1130 2835 Paulo
1144 2800 1189 2836 et

304 2854 462 2895 Pontio
495 2868 718 2896 causarum
739 2856 971 2908 actor-ihm,
990 2858 1062 2910 qui
1095 2859 1107 2881 ⁴
1126 2859 1187 2898 lu·

303 2918 488 2958 minibus
503 2920 637 2971 capti,
650 2920 801 2960 eadem
818 2921 1032 2961 industria
1046 2921 1187 2962 foren-

305 2981 368 3021 sia
386 2981 602 3034 stipendia
617 2984 788 3023 executi
807 2984 936 3024 sunt.’
994 2986 1129 3026 Immo
1144 2991 1189 3039 et

306 3045 426 3085 miles
458 3045 618 3086 dicitur
646 3046 700 3086 de
728 3046 1005 3099 Philosopho‚
1033 3051 1044 3072 ‘
1085 3049 1187 3090 Car-

304 3106 466 3148 neades
506 3108 744 3148 laboriosus
782 3115 828 3148 et
865 3109 1091 3150 diuturnus
1123 3123 1186 3150 sa-

305 3170 473 3222 pientia
488 3170 640 3211 miles!

362 3237 440 3274 59⁷
486 3234 581 3274 Ales
625 3234 818 3287 Victoria]
865 3236 1058 3277 Victoria
1089 3239 1189 3279 Dea

304 3296 622 3349 depingebatur
652 3297 767 3338 alata
796 3298 852 3338 ob
888 3300 1185 3342 celeritatem:

306 3361 401 3400 haec
432 3372 487 3401 ex
518 3360 771 3413 quibusdam
802 3360 1061 3405 Acherontis
1083 3364 1188 3415 rSty·

1255 2289 1404 2341 gisque
1424 2288 1536 2337 filia;
1567 2288 1640 2328 sed
1669 2288 1822 2327 melius
1856 2286 1965 2327 Coeli
1996 2287 2139 2338 proles

1255 2364 1309 2390 ex
1329 2352 1539 2391 Varrone.
1608 2350 1796 2402 Templis
1831 2350 2027 2403 ludisque
2067 2350 2139 2389 de-

1256 2419 1405 2454 corata
1422 2418 1500 2454 est.
1530 2412 1814 2453 Athenienses
1830 2413 1938 2453 hanc
1954 2413 2045 2452 sine
2063 2412 2141 2453 alis

1257 2478 1568 2530 depingebant,
1604 2491 1659 2518 ne
1710 2491 1895 2531 unquam
1931 2479 2138 2519 evolaret.

1259 2542 1377 2582 Hinc
1434 2548 1558 2594 patet
1610 2542 1819 2583 Victoriae
1864 2542 2139 2581 simulacrum

1259 2611 1334 2645 aut
1371 2618 1457 2645 non
1492 2605 1724 2655 sublatum,
1753 2610 1802 2644 ut
1836 2603 2047 2644 suadebat
2097 2605 2141 2644 S.

1257 2668 1521 2720 Ambrosius,
1546 2674 1621 2709 aut
1640 2668 1787 2709 statim
1807 2668 2059 2720 repositum.

1311 2735 1391 2771 598
1421 2732 1608 2771 Romam
1634 2731 1757 2782 togae]
1785 2731 1979 2772 Victoria
1999 2734 2141 2771 custos

1257 2796 1439 2837 Romani
1460 2797 1653 2849 Imperii,
1673 2798 1714 2836 in
1730 2809 1814 2850 quo
1834 2803 1938 2849 toga
1958 2802 2004 2838 et
2022 2797 2140 2847 leges

1255 2871 1426 2912 semper
1444 2859 1671 2900 dominatae
1691 2864 1802 2899 sunt.

1307 2927 1385 2963 601
1419 2923 1589 2964 Fruitur
1605 2923 1726 2974 votis]
1754 2922 1839 2963 Alii
1857 2920 2140 2974 leguntffrui-

1255 2991 1323 3027 tur
1345 2986 1524 3035 junctis.-
1586 2986 1781 3027 Victoria
1813 2985 1976 3025 fruitur
2009 2990 2054 3024 te
2092 2991 2139 3025 et

1256 3051 1392 3090 Roma
1411 3049 1668 3100 conjunctis.

1257 3145 1263 3150 .
1307 3115 1389 3151 6⁰2
1422 3112 1474 3151 Te
1503 3110 1658 3161 Ramae]
1697 3109 1890 3149 Victoria
1922 3109 2140 3161 promittit

1255 3179 1299 3214 te
1317 3175 1482 3224 anae,
1501 3185 1526 3212 o
1544 3173 1726 3224 Honori,
1740 3178 1784 3214 et
1799 3185 1844 3212 se
1860 3172 1937 3212 tibi
1955 3174 1996 3212 in
2012 3185 2138 3214 omne

1256 3249 1393 3277 aevum
1427 3234 1641 3276 futurum:
1691 3237 1768 3277 hoc
1801 3242 1883 3287 est,
1929 3242 1975 3277 et
2009 3242 2056 3277 tu
2090 3242 2139 3278 et

1255 3301 1393 3342 Roma
1410 3310 1579 3350 semper
1598 3299 1792 3350 vincetis,
1809 3298 2139 3350 triumphabitis.

1309 3365 1389 3402 603
1423 3361 1500 3404 Via
1517 3361 1649 3413 sacra]
1686 3361 1800 3402 Vere
1819 3362 1891 3403 via
1915 3367 1983 3415 est
2001 3373 2139 3415 sacra,
