2300 3906
326 171 435 225 906

330 303 523 370 Gignit
546 302 815 362 materieS,
842 302 946 350 hoc
973 302 1024 349 te
1052 297 1293 348 donante
1320 302 1553 360 creatur,

865 185 962 223 01..
996 179 1351 221 CLAUDIANI
1393 178 1639 218 xxxln.

2081 295 2152 346 60

334 386 685 451 Debeturque
711 382 843 445 tibi;
881 380 1158 447 certisque
1186 381 1510 447 ambagibus
1533 381 1641 433 aevi

337 469 556 522 Rursus
582 480 874 535 corporeos
899 466 1095 516 animae
1119 469 1392 515 mutantur
1415 463 1469 515 in
1495 469 1672 518 artus:

338 553 431 605 Ne
457 556 581 620 pete
606 550 852 601 firmatas
878 548 1034 615 pacis
1060 547 1355 599 dissolvere
1378 547 1541 613 leges,

339 635 496 699 Quas
518 633 788 695 dedimus,
813 633 1073 700 nevitque
1100 632 1255 683 colus
1276 648 1288 682 :
1327 647 1436 682 neu
1461 630 1672 684 foedera
1690 631 1916 684 fratrum

340 718 507 770 Civili
535 721 787 770 converte
810 718 963 769 tuba.

1040 715 1153 768 Cur
1176 716 1350 782 impia
1374 716 1525 768 tollis

2093 711 2165 764 65

342 801 551 870 Signa?
592 802 726 870 quid
749 803 974 853 incestis
997 803 1179 868 aperis
1203 800 1500 852 Titanibus
1527 816 1687 852 auras
1704 802 1728 851 ’Β

345 887 528 939 Posce
550 886 589 939 J
595 903 773 950 ovem,
800 886 1018 938 dabitur
1043 887 1270 955 conjux.
1309 885 1430 937 Vix
1453 885 1580 937 illa:
1619 884 1883 952 pepercit,

347 970 695 1039 Erubuitque
719 987 936 1039 preceS‚
965 971 1286 1038 animusque
1312 970 1579 1037 relanguit
1604 972 1779 1031 atrox,

348 1108 530 1156 materia,
556 1108 599 1147 id
619 1108 677 1160 fit
699 1112 764 1147 tuo
782 1108 980 1161 beneficio,
999 1112 1038 1147 et
1060 1106 1102 1146 id
1122 1107 1196 1147 tibi
1227 1107 1417 1154 «lebetum
1444 1111 1482 1146 et
1512 1110 1598 1157 post
1626 1109 1750 1145 certos
1769 1102 1956 1144 circuitus
1972 1112 2176 1149 annorum,

349 1162 491 1200 unimae
511 1162 723 1200 mittuntur
759 1162 901 1200 iterum
930 1161 973 1200 in
1009 1161 1179 1200 membra
1212 1173 1438 1211 corporum:
1483 1160 1578 1207 noli,
1608 1172 1634 1199 o
1668 1159 1802 1205 Pluto,
1833 1166 2079 1207 perrumpere
2100 1153 2178 1205 fir-

350 1226 433 1253 mas
460 1214 568 1265 pacis
595 1216 711 1264 leges,
729 1227 825 1265 quas
850 1215 1060 1254 statuimus
1079 1218 1211 1253 nentes
1239 1215 1341 1253 colo.-
1368 1225 1462 1252 neve
1481 1213 1612 1252 turbes
1641 1212 1736 1251 bello
1766 1211 1873 1249 civili
1891 1209 2042 1257 foedera
2061 1205 2179 1247 facta

351 1268 464 1306 inter
486 1280 558 1306 vos
580 1274 667 1306 tres
693 1268 859 1316 fratres.
917 1268 1049 1312 Quare
1078 1280 1205 1306 moves
1236 1267 1379 1307 vexilla
1395 1264 1563 1316 iniqua?
1621 1266 1753 1310 Quare
1767 1263 1907 1314 pandis
1924 1264 2057 1301 coelum
2071 1261 2182 1299 Tita-

352 1320 464 1359 nibus
477 1320 709 1370 sacrilegis?
767 1321 851 1360 Ora
864 1322 1017 1371 Jovem,
1032 1326 1075 1360 et
1094 1333 1193 1359 uxor
1211 1322 1437 1359 concedetur
1457 1320 1547 1358 tibi.
1604 1318 1805 1357 Lachesis
1826 1316 1896 1355 vix
1912 1315 2082 1354 dixerat
2101 1314 2182 1352 haec

355 1374 500 1424 verba,
514 1387 610 1414 cum
628 1375 724 1413 Plan
734 1386 757 1413 ο
769 1375 886 1413 desiit
900 1373 1061 1423 furere,
1075 1377 1114 1412 et
1128 1386 1212 1412 eum
1229 1373 1370 1424 puduit
1388 1373 1442 1411 ob
1459 1373 1567 1411 tales
1585 1383 1716 1423 preces
1730 1370 1904 1409 Parcae:
1926 1368 2018 1419 ejus
2033 1366 2185 1407 unimus

1124 1489 1216 1504 eote
1223 1481 1420 1504 eeeeeeee

356 1572 511 1611 Petav.
552 1583 618 1621 pr.
660 1570 846 1621 quidquid
888 1569 933 1608 in
976 1568 1066 1608 orbe
1091 1570 1191 1608 Vat.
1239 1570 1479 1621 quint.——60
1526 1569 1719 1609 mediante
1762 1579 1842 1619 pro
1888 1568 2056 1606 donante
2088 1565 2190 1606 Vat.

358 1627 529 1675 pr.—61
559 1623 781 1673 cunctisque
821 1621 1051 1671 anabagibus
1080 1623 1182 1662 Vat.
1218 1634 1282 1673 pr.
1315 1622 1422 1662 Cod.
1459 1622 1700 1661 Bartholin.
1731 1619 1884 1660 Ambr.
1914 1626 2012 1660 tert.
2044 1620 2193 1659 cunctis

360 1676 427 1716 ed.
464 1676 608 1715 Parm.
637 1682 682 1714 et
717 1675 858 1714 Vicet.
887 1675 1006 1714 certis
1021 1675 1123 1715 Vat.
1157 1675 1293 1727 quint.
1343 1676 1439 1715 Pal.
1469 1675 1551 1715 duo
1601 1674 1719 1714 Med.
1753 1674 1905 1714 Heius.
1935 1673 1994 1713 H.
2024 1678 2070 1712 et
2107 1672 2192 1713 inc.

360 1729 496 1781 ejusd.
539 1729 694 1768 Petav.
733 1741 797 1779 pr.
834 1729 953 1767 Voss.
993 1741 1057 1779 pr.
1093 1727 1235 1768 Oxon.
1271 1741 1355 1768 sec.
1400 1729 1484 1768 duo
1531 1729 1634 1770 Jun.
1681 1729 1788 1768 Exc.
1814 1727 1923 1767 Laeti
1957 1732 2004 1766 et
2037 1726 2193 1766 Petav.
2259 1751 2261 1753 ·

362 1786 614 1834 quart.-62
642 1782 854 1821 mittuntur
885 1788 973 1821 tres
990 1782 1111 1822 Vatt.
1154 1782 1250 1822 Pal.
1284 1783 1385 1822 Put.
1413 1783 1521 1833 Reg.
1555 1788 1640 1821 vet.
1669 1782 1775 1834 Gyr.
1796 1782 1894 1821 Vat.
1933 1779 2070 1820 Livin.
2104 1784 2191 1819 tres

362 1836 515 1875 PetaV.
563 1837 671 1876 Exc.
706 1835 861 1874 Petav.
910 1840 1050 1886 quart.
1098 1839 1301 1875 mutantur
1347 1836 1431 1875 duo
1470 1837 1594 1875 Vatt.
1628 1836 1733 1876 cod.
1765 1834 2003 1874 Bartholin.
2043 1831 2195 1872 Ambr.

368 1894 467 1929 tert.
488 1890 630 1930 Oxou.
653 1901 716 1939 pr.
743 1888 880 1928 chart.
901 1889 1049 1928 Heins.
1073 1887 1173 1928 ΑΜ.
1195 1889 1262 1929 ed.
1284 1889 1427 1928 Parm.
1447 1893 1493 1928 et
1510 1889 1652 1928 Vicet.
1669 1890 1774 1928 Exc.
1795 1888 1962 1927 Schott.
1981 1887 2022 1926 in
2044 1886 2198 1938 quibus

369 1943 615 1993 ascriptum,
644 1943 706 1981 ita
740 1954 907 1994 quoque
952 1954 1042 1981 esse
1075 1943 1119 1980 in
1146 1943 1224 1982 Ed.
1256 1943 1406 1982 Colon.
1440 1947 1643 1982 mutantur
1674 1943 1743 1982 vel
1767 1942 1980 1981 mittuntur
2012 1940 2198 1980 Florent.

367 1998 493 2035 Voss.
519 2008 604 2036 sec.
634 1999 740 2034 ortus
777 1995 862 2034 inc.
883 1995 1033 2036 Heius.
1054 1996 1242 2035 Florent.
1274 2009 1331 2035 m.
1362 2008 1428 2048 pr.
1449 1997 1551 2035 Var.
1588 1997 1672 2035 LL.
1709 2009 1732 2034 e
1760 2007 1890 2046 marg.
1917 1995 2061 2033 Parm.
2093 1996 2202 2032 artus

370 2049 474 2088 Put.
500 2049 608 2098 Reg.
637 2049 773 2087 chart.
797 2048 945 2087 Heius.
974 2049 1058 2087 duo
1077 2050 1179 2090 Jun.
1212 2048 1297 2088 duo
1309 2050 1432 2088 Voss.
1454 2049 1537 2089 duo
1571 2049 1712 2089 Oxou.
1731 2049 1894 2088 Bonon.
1918 2049 2025 2087 Exc.
2045 2045 2200 2086 Petav.

369 2107 513 2153 quart.
533 2103 601 2141 ed.
615 2102 759 2140 Parni.
773 2107 818 2140 et
833 2102 1084 2141 vicen—64
1097 2104 1275 2152 venitque
1293 2103 1359 2142 ed.
1370 2103 1510 2142 Vicet.
1526 2114 1574 2141 ne
1583 2102 1737 2150 foedera
1755 2102 1783 2143 J
1788 2114 1857 2140 un.
1876 2112 1962 2140 sec.
1984 2100 2067 2140 duo
2083 2100 2201 2139 Vatt.

373 2156 563 2194 Florent.
586 2167 653 2193 nec
671 2155 771 2193 vat.
799 2166 861 2203 pr.
885 2153 1041 2202 foedera
1060 2155 1164 2193 Var.
1185 2155 1272 2194 LL.
1305 2167 1329 2194 e
1348 2167 1482 2205 marg.
1511 2156 1655 2194 Parni.
1679 2155 1816 2206 proelia
1836 2166 1913 2205 pro
1931 2153 2087 2202 foedera
2103 2153 2202 2192 Vat.

373 2220 439 2259 pr.
478 2207 581 2248 Cod.
627 2207 867 2246 Bartholin.
913 2207 980 2245 ed.
1025 2207 1226 2246 Parrhas.
1256 2208 1399 2248 Parin.
1434 2214 1479 2247 et
1509 2209 1756 2247 vicet—65
1785 2207 1981 2247 committe
1997 2206 2093 2246 Pal.
2121 2206 2203 2245 duo

374 2260 491 2299 Med.
508 2261 657 2299 Heins.
679 2260 844 2299 H.—-66
870 2260 1030 2298 illicitas
1062 2273 1140 2311 pro
1172 2261 1331 2300 incestis
1351 2262 1451 2300 Vat.
1474 2273 1539 2311 pr.
1575 2261 1678 2301 Jun.
1710 2273 1795 2299 sec.
1818 2261 1960 2299 Oxou.
1999 2271 2083 2299 sec.
2121 2258 2204 2298 duo

378 2314 532 2352 Petav.
562 2315 663 2352 Vat.
699 2313 833 2352 Liviu.
867 2312 1023 2360 infestis
1041 2314 1149 2352 Exc.
1181 2313 1333 2353 Petav.
1374 2320 1515 2364 quart.
1547 2313 1707 2352 illicitas
1745 2313 1813 2352 vel
1843 2312 2002 2353 incestis
2035 2312 2205 2352 Tholos.

376 2366 488 2405 addis
531 2378 608 2418 pro
650 2367 781 2417 aperis
821 2366 919 2405 Vat.
967 2372 1067 2406 tert.
1111 2366 1238 2406 orbem
1281 2367 1580 2407 Florent.-6⁷
1609 2366 1675 2406 ille
1720 2366 1909 2419 quinque
1956 2366 2075 2406 Vatt.
2113 2365 2207 2406 Pal.

1207 2466 1390 2507 NOTAE

433 2552 486 2588 60
509 2546 695 2598 Creatur]
726 2547 776 2586 Id
796 2551 878 2597 est,
893 2546 959 2597 fit,
989 2547 1261 2598 producitur:

382 2624 467 2651 creo
498 2610 610 2650 enim
633 2610 788 2661 saepius
804 2610 845 2648 in
861 2610 941 2648 hac
958 2608 1267 2661 significatione

382 2678 624 2725 usurpatur.
669 2673 900 2723 Virgilius:
930 2678 941 2695 ‘
962 2673 1192 2724 Supposita
1211 2673 1266 2713 de

383 2743 521 2778 matre
541 2737 692 2775 nothos
712 2735 857 2775 furata
877 2736 1072 2775 creavit.'

439 2804 492 2841 62
522 2801 674 2839 Rursus
704 2798 923 2849 corpureos]
983 2799 1038 2838 Et
1074 2799 1166 2838 haec
1202 2804 1269 2839 est

387 2862 683 2914 μετεμψύχωσις
718 2861 1020 2913 Pythagorica,
1054 2874 1137 2914 qua
1171 2868 1270 2913 post

389 2932 531 2966 certas
569 2938 773 2964 annorum
816 2925 1128 2976 conversiones,
1171 2932 1272 2977 post

390 2994 553 3028 certum
587 2994 755 3037 tempus
787 3000 842 3026 ex
859 2988 1054 3039 Virgilio,
1083 2990 1094 3011 ‘
1115 2990 1272 3029 Rursus

392 3057 437 3091 et
454 3051 665 3101 incipiunt
684 3050 727 3088 in
746 3062 928 3101 corpora
949 3053 1059 3091 velle
1084 3053 1273 3092 reverti!

449 3117 500 3153 65
532 3112 652 3151 Civili
672 3112 783 3163 tuba]
839 3112 891 3151 Id
913 3120 995 3163 est,
1015 3115 1128 3155 bello
1146 3117 1276 3166 civili,

393 3177 554 3228 signum
580 3187 654 3225 pro
675 3187 719 3212 re
739 3175 920 3226 signata,
948 3178 1278 3231 Metonymiczi‘aes.

458 3238 605 3291 Impia]
639 3238 750 3277 Quia
781 3244 928 3277 contra
959 3239 1138 3281 fratrem
1164 3243 1279 3282 Deo-

394 3314 572 3355 rumque
593 3302 762 3349 Regem,
777 3301 844 3339 cui
865 3300 1049 3343 debetur
1077 3306 1229 3356 pietas.

453 3368 507 3405 66
535 3363 719 3415 Incestis]
747 3363 941 3404 Incestus
972 3378 1027 3405 ex
1046 3367 1195 3407 Servio
1215 3373 1281 3407 est

399 3440 677 3484 quaecumque
695 3427 872 3483 pollutio
887 3432 905 3469 ε’
919 3429 1032 3470 unde
1056 3430 1171 3483 apud
1184 3430 1281 3471 Vir-

1332 2548 1496 2599 gilium,
1531 2547 1544 2570 ‘
1563 2549 1801 2600 Totamque
1839 2548 2028 2587 incestat
2059 2544 2210 2586 funere

1332 2610 1540 2650 classem.'
1595 2610 1647 2650 Id
1682 2614 1763 2661 est,
1801 2609 1968 2662 polluit.
2025 2608 2212 2648 Isidorus

1330 2673 1537 2713 incestum
1555 2678 1697 2724 vocat,
1728 2673 1849 2725 quasi
1880 2673 2106 2723 incastum,
2137 2672 2214 2712 sic-

1335 2748 1418 2789 que
1437 2737 1590 2777 incesti
1607 2737 1798 2787 Titanes,
1815 2736 1859 2775 id
1881 2741 1962 2787 est,
1980 2747 2063 2775 non
2094 2735 2215 2785 casti,

1335 2806 1381 2840 et
1415 2801 1597 2852 impuri:
1628 2801 1701 2840 sed
1734 2806 1779 2840 et
1813 2801 2001 2840 incestus
2039 2803 2117 2849 est,
2142 2798 2215 2850 qui

1334 2862 1541 2914 flagitium
1586 2864 1631 2903 in
1663 2863 2024 2915 consanguineum
2055 2865 2129 2900 aut
2171 2860 2215 2899 in

1335 2928 1613 2968 Sacerdotem
1633 2926 1867 2976 admiserit,
1891 2930 1936 2964 et
1968 2934 2087 2963 sacra
2119 2934 2218 2962 con-

1338 2989 1572 3031 taminarit.
1625 2989 1753 3029 Unde
1784 2999 1869 3027 non
1900 2986 2052 3026 mirum
2085 2986 2120 3025 si
2147 2985 2221 3026 Ti·

1341 3058 1461 3093 tanes
1485 3052 1590 3092 dicti
1621 3056 1720 3090 sunt
1749 3049 1915 3096 incesti,
1945 3062 2040 3089 cum
2061 3050 2219 3089 bellum

1346 3115 1443 3154 Diis
1489 3113 1726 3162 intulerint,
1785 3123 2012 3164 sacrasque
2073 3124 2220 3152 eorum

1343 3179 1481 3229 sedes,
1498 3189 1593 3229 quae
1614 3175 1793 3216 totidem
1813 3182 1909 3214 suut
1940 3177 2115 3227 templa,
2134 3175 2221 3215 vio-

1345 3240 1485 3281 larint.
1521 3239 1591 3279 Ad
1611 3238 1653 3277 id
1671 3238 1820 3277 alludit
1839 3239 2056 3278 Tibullus:
2078 3240 2088 3258 ‘
2107 3239 2222 3278 Num
2251 3234 2253 3240 ⁴

1345 3304 1462 3344 feror
1489 3304 1678 3342 incestus
1699 3302 1817 3341 sedes
1838 3301 1994 3340 adiisse
2020 3302 2222 3351 Deorum,
2243 3310 2264 3329 ’-

1345 3367 1556 3418 Sertaque
1576 3366 1628 3404 de
1662 3365 1817 3404 sanctis
1836 3364 2060 3418 diripuisse
2077 3363 2184 3405 focis
2196 3361 2239 3403 θ’

1403 3433 1456 3470 68
1485 3429 1675 3483 Erubuit]
1700 3429 1935 3481 Eleganter
1958 3428 2074 3483 regit
2103 3437 2223 3470 aceu-
