2300 3906
589 190 656 230 IN
698 190 742 231 1.
781 189 954 231 coNS.
994 189 1259 230 STILIGH·
1299 189 1420 229 LIB.
1461 191 1500 227 Ι.
1842 182 1949 237 607

134 310 361 364 Evitare
385 308 545 363 dolos
560 311 584 360 ’ἱ
622 311 832 363 veteres
855 309 1069 362 firmare
1095 309 1368 373 cohorteS‚

134 395 441 465 Explorare
463 409 641 446 novas
661 394 685 442 Τ
725 393 979 461 duplices
1005 395 1300 462 disponere
1321 394 1553 457 classeS,
1661 461 1665 467 .

129 477 275 541 Quae
298 479 475 545 fruges
499 477 587 529 vel
612 476 756 528 bella
779 478 950 530 ferant
968 481 992 529 'i
1032 479 1283 546 aulaeque
1306 478 1621 540 tumultum,

129 562 205 613 Et
231 562 426 613 Romae
459 561 625 612 lenire
650 560 888 613 famem?
929 562 1083 626 Quot
1106 564 1253 615 nube·
1275 562 1491 629 soporis

130 645 404 697 Immunes
431 644 600 707 oculi,
627 661 726 710 per
751 650 832 697 tot
857 645 1159 698 discurrere
1180 649 1383 713 parteS‚
1839 643 1945 696 310

128 728 240 781 Tot
260 729 383 779 loca
407 726 736 790 sufficerent,
761 731 817 779 et
838 733 949 780 tam
972 729 1272 795 longinqua
1294 727 1466 779 tueri'?

126 809 336 877 Argum
360 812 510 863 fama
535 811 684 863 canit
710 817 940 865 centeno
964 813 1191 874 lumine,
1219 816 1435 863 centum

126 892 387 962 Corporis
416 896 669 948 excubiis
694 911 854 947 unam
880 912 1129 948 servasse
1158 895 1476 963 juvencam.
1529 961 1534 965 Ι

125 977 286 1030 Unde
311 982 394 1029 tot
417 978 602 1029 allatae
637 984 847 1045 segetes
871 980 894 1029 ’ἱ
935 977 1079 1041 Quae
1109 980 1267 1046 sylva
1293 980 1513 1031 carinas

124 1060 372 1114 Texuit?
410 1061 555 1112 unde
580 1061 731 1112 rudis
758 1066 914 1112 tanto
941 1062 1112 1112 tirone
1139 1063 1402 1130 juventus
1839 1065 1948 1118 315

122 1208 314 1250 catervas'
329 1210 524 1261 antiquas,
555 1210 777 1261 conquirere
804 1222 937 1259 novas,
955 1210 1146 1250 instruere
1164 1211 1301 1251 classes
1327 1213 1436 1262 duas,
1453 1225 1539 1263 quoe
1556 1215 1615 1252 vel
1632 1225 1681 1264 ap
1708 1217 1835 1253 artent
1855 1214 1950 1262 fru-

118 1267 306 1313 mentum,
326 1265 384 1302 vel
404 1268 627 1315 reportent
643 1262 817 1304 milites?
842 1263 1029 1312 mitigare
1055 1263 1189 1303 turbas
1206 1265 1334 1315 Aucae,
1342 1265 1493 1313 famem
1525 1266 1660 1305 Romae
1674 1295 1685 1306 .
1724 1266 1830 1310 Quot
1849 1268 1949 1309 oculi

126 1321 306 1368 expertes
321 1316 467 1356 nebulae
484 1317 608 1356 somni
622 1320 777 1367 possent
796 1316 985 1355 cursitare
997 1329 1070 1367 per
1094 1321 1154 1356 tot
1182 1318 1320 1370 officia,
1340 1322 1379 1356 et
1400 1330 1477 1369 per
1497 1322 1556 1357 tot
1577 1320 1675 1371 loca,
1690 1322 1728 1358 et
1743 1319 1946 1370 pervidere

119 1381 182 1408 res
209 1374 291 1409 tam
315 1369 516 1412 remotas?
556 1370 682 1410 Fama
712 1370 905 1420 proedicat
934 1369 1089 1419 Argum
1120 1371 1348 1421 praeditum
1376 1372 1494 1410 oculis
1519 1376 1685 1420 centum,
1716 1376 1755 1411 et
1772 1374 1950 1412 custodia

121 1426 280 1462 centena
315 1425 486 1475 corporis
521 1424 585 1462 sui
617 1423 868 1463 custodivisse
895 1435 1052 1462 vaccam
1070 1435 1201 1464 unam.
1264 1425 1375 1463 Unde
1403 1428 1462 1463 tot
1480 1425 1624 1476 fruges
1659 1426 1791 1464 allatae
1821 1427 1948 1465 sunt?

124 1475 224 1520 Quoe
254 1478 361 1528 sylva
386 1477 559 1516 intexuit
594 1481 679 1516 tam
713 1477 799 1516 cito
831 1474 980 1517 naves?
1027 1477 1136 1516 Unde
1153 1476 1340 1525 juventus
1370 1479 1578 1531 inexperta
1615 1491 1710 1518 cum
1740 1483 1799 1518 tot
1827 1479 1947 1519 novis

886 1567 1182 1583 OOOOOOOOOOOO

120 1643 212 1682 Pal.
232 1643 356 1682 Farn.
376 1643 492 1684 Prie.
522 1645 644 1684 Rott.
676 1644 810 1684 Oisel.
832 1645 938 1685 Exe.
973 1645 1099 1685 Laeti.
1126 1644 1314 1697 confidere
1333 1645 1588 1684 Prie—306
1616 1646 1674 1684 Et
1691 1645 1817 1686 vitare
1848 1645 1945 1687 Pal.

118 1696 282 1735 Thuan.
318 1696 419 1737 Jun.
458 1704 503 1736 et
537 1696 658 1736 Med.
695 1710 760 1748 pr.
794 1697 974 1746 formare
1011 1700 1275 1738 Paro—307
1304 1710 1422 1737 novos
1454 1699 1560 1739 LoV.
1601 1710 1788 1749 exponere
1822 1699 1943 1739 Med.

119 1753 398 1800 quart.-308
426 1763 508 1800 quae
528 1750 626 1790 bella
646 1751 805 1790 Moret.
826 1763 893 1802 pr.
934 1755 1003 1790 aut
1034 1751 1131 1790 bella
1152 1752 1272 1790 Leid.
1291 1763 1355 1802 pr.
1380 1756 1426 1790 et
1458 1751 1642 1790 maxima
1673 1763 1771 1803 pars
1805 1752 1943 1793 Codd.

119 1802 227 1841 Exc.
248 1803 373 1849 Laeti,
394 1803 573 1845 Lucens.
592 1816 657 1855 pr.
675 1809 720 1843 et
739 1805 841 1843 Var.
862 1805 946 1844 LL.
969 1816 992 1843 e
1012 1816 1144 1854 marg.
1163 1805 1307 1843 Parm.
1340 1803 1479 1852 ferunt
1498 1805 1662 1843 Thuan.
1682 1803 1817 1852 ferent
1838 1806 1943 1846 Exc.

120 1855 230 1894 Laeti
249 1860 293 1894 et
314 1855 382 1894 ed.
401 1856 545 1895 Vicet.
587 1860 729 1906 gerant
752 1855 871 1895 Med.
893 1861 1034 1908 quart.
1079 1856 1234 1904 auferre
1254 1859 1459 1895 tumultum
1478 1857 1579 1897 Put.
1599 1858 1835 1897 Pan—309
1861 1859 1947 1898 Aut

123 1907 256 1946 Romae
277 1908 378 1949 Jun.
399 1921 463 1959 pr.
495 1909 634 1948 Oxon.
654 1921 740 1948 sec.
788 1910 847 1947 Et
867 1911 934 1948 vel
963 1909 1047 1948 Aut
1083 1909 1194 1948 Prie.
1224 1921 1309 1960 quoe
1342 1909 1440 1948 nube
1460 1910 1568 1959 Reg.
1606 1912 1670 1959 qui
1703 1910 1838 1949 Oisel.
1861 1911 1945 1950 dno

117 1961 238 2000 Med.
260 1961 424 2001 Thnan.
455 1963 553 2012 quod
571 1962 670 2001 Vat.
693 1966 791 2002 tert.
819 1966 909 2011 quot
930 1963 997 2001 vel
1017 1962 1081 2012 qui
1100 1962 1201 2000 Vat.
1224 1962 1361 2014 quint.
1384 1963 1489 2001 Exc.
1510 1963 1636 2001 Laeti.
1681 1962 1780 2001 nube
1797 1964 1946 2013 soporis

117 2014 220 2054 Vat.
242 2014 379 2054 Livin.
398 2021 482 2055 vet.
517 2014 624 2066 Gyr.
665 2015 814 2065 saporis
832 2016 956 2054 Farn.
978 2014 1048 2055 ed.
1078 2016 1223 2054 Vicet.
1252 2014 1415 2053 nubibus
1433 2014 1519 2064 apti
1548 2015 1647 2054 Pat.
1691 2015 1802 2054 nubis
1819 2017 1947 2065 aperti

118 2067 239 2106 Med.
264 2073 364 2107 tert.
384 2067 465 2107 inc.
497 2068 652 2107 Heins.
672 2068 774 2107 Put.
801 2068 909 2118 Reg.
942 2067 1095 2107 Petav.
1127 2079 1213 2107 sec.
1233 2067 1317 2106 duo
1352 2067 1496 2106 Ambr.
1529 2067 1631 2108 Var.
1652 2068 1737 2106 LL.
1769 2079 1793 2106 e
1813 2080 1945 2119 marg.

118 2119 261 2159 Parm.
282 2121 386 2161 item
407 2120 477 2160 ed.
497 2120 627 2161 Antv.
656 2121 768 2160 nubis
785 2125 931 2171 opertae
967 2119 1112 2159 Ambr.
1137 2125 1237 2160 tert.
1266 2120 1363 2159 nube
1383 2120 1511 2171 aperti
1534 2121 1637 2159 Lov.
1659 2132 1714 2160 m.
1736 2133 1801 2172 pr.
1833 2122 1948 2160 nubis

118 2174 262 2224 apterti
282 2174 381 2215 Ald.
406 2173 522 2214 nubis
540 2175 668 2225 aperti
687 2175 756 2213 vel
782 2173 880 2213 nube
898 2175 1045 2224 soporis
1066 2174 1205 2214 Oxon.
1227 2177 1426 2225 pr.——310
1449 2173 1684 2213 Immuneres
1703 2174 1822 2214 Med.
1844 2179 1945 2215 tert.

119 2227 238 2266 oculis
256 2226 490 2278 Ambr.*pr.
528 2239 600 2279 per
619 2232 710 2278 quot
742 2227 860 2266 Pric.
883 2229 1001 2278 ·‹1uod
1035 2227 1138 2266 vat.
1176 2238 1237 2278 pr.
1268 2239 1324 2266 m.
1358 2239 1420 2278 pr.
1448 2226 1663 2267 discernere
1691 2227 1793 2267 Jun.
1827 2240 1948 2278 pr.—

116 2281 195 2319 311
233 2281 284 2319 Et
301 2282 383 2320 loca
402 2281 520 2320 Pric.
581 2281 685 2320 Tunc
703 2281 783 2319 loca
809 2281 931 2321 Fam.
974 2283 1031 2319 tot
1050 2280 1257 2331 longinqua
1278 2285 1364 2319 tres
1398 2280 1519 2319 Vatt.
1553 2281 1646 2320 Pal.
1677 2281 1802 2320 Fal-n.
1825 2282 1944 2320 Rott.

120 2332 224 2374 Exc.
249 2335 373 2375 Laeti.
400 2338 482 2373 tam
500 2334 710 2384 longinqua
729 2333 851 2373 Leid.
874 2346 939 2384 pr.
962 2339 1007 2372 et
1041 2333 1250 2372 tredecim
1272 2333 1436 2384 scripti,
1463 2333 1568 2372 Exc.
1589 2333 1768 2372 Gevart.
1801 2338 1845 2372 et
1865 2335 1944 2372 Lu-

119 2397 233 2426 cens.
271 2391 494 2427 sem—312
523 2386 678 2426 numine
711 2388 880 2425 cinctum
916 2386 1067 2426 Petav.
1106 2398 1193 2425 sec.
1238 2398 1394 2437 corpore
1428 2389 1581 2423 centum
1611 2386 1713 2423 Var.
1752 2386 1838 2424 LL.
1873 2386 1943 2425 ed.

118 2436 250 2479 Antv.
278 2440 402 2479 cincto
421 2439 539 2479 Med.
569 2452 656 2479 sec.
676 2452 733 2477 m.
754 2450 820 2489 pr.
850 2443 1002 2478 centum
1031 2439 1191 2477 Moret.
1227 2450 1293 2489 pr.
1313 2439 1415 2477 Vat.
1443 2437 1582 2476 Livin.
1611 2439 1781 2476 cinctum
1799 2449 1944 2477 omnes

118 2491 241 2531 Vatt.
270 2492 364 2531 Pal.
385 2493 511 2531 Farn.
538 2492 658 2530 Prie.
676 2493 798 2531 Rott.
821 2491 956 2530 Oisel.
986 2492 1091 2530 Exc.
1112 2490 1370 2531 Laeti.-—313
1390 2501 1542 2529 servare
1560 2490 1859 2529 Mamm—314
1875 2493 1943 2530 ad-

119 2546 212 2583 latae
232 2545 337 2594 Reg.
364 2544 487 2583 illatoe
506 2544 574 2582 ed.
605 2544 746 2583 vicet.
776 2545 891 2582 alatae
910 2545 1036 2582 Farn.
1073 2542 1215 2582 ablatoe
1247 2541 1397 2584 Ambr.
1427 2555 1494 2593 pr.
1521 2543 1620 2582 Vat.
1645 2543 1777 2595 quint.
1811 2544 1942 2582 auatoe

120 2597 311 2636 Florent.
333 2603 516 2649 quatuor
545 2597 665 2636 Med.
699 2597 801 2636 Put.
831 2597 991 2636 Thuan.
1025 2595 1188 2635 Mazar.
1221 2600 1309 2634 tres
1343 2596 1497 2636 PetaV.
1515 2595 1660 2645 fruges
1697 2596 1854 2635 Moret.
1876 2609 1942 2647 pr.

119 2653 268 2701 segetes
288 2651 352 2689 vel
364 2651 509 2699 fruges
529 2650 668 2688 Oxon.
691 2661 756 2699 pr.
784 2650 891 2688 salva
906 2648 1051 2687 carinae
1071 2649 1308 2687 Pan—315
1341 2649 1508 2688 Extruit
1525 2649 1646 2688 Rott.
1664 2649 1823 2689 Mazar.
1840 2650 1944 2688 Exc.

122 2703 228 2743 Cod.
255 2703 402 2743 Rhem.
433 2702 598 2743 Excidit
619 2703 781 2742 Moret.
815 2714 879 2753 pr.
909 2701 1038 2740 Exuit
1066 2701 1209 2741 Oxon.
1241 2712 1326 2741 sec.
1379 2702 1540 2741 Temerit
1563 2702 1658 2742 Pal.
1695 2702 1855 2742 Texerit
1877 2702 1943 2742 vel

949 2794 1123 2835 NOTAE

174 2880 253 2917 308
288 2878 359 2918 Vel
377 2877 471 2917 bella
488 2877 648 2928 ferant]
704 2877 867 2916 Classes
904 2888 998 2928 quae
1067 2887 1176 2915 none
1196 2880 1340 2915 custos
1369 2874 1489 2914 datus
1510 2879 1576 2915 est
1596 2874 1646 2913 Io
1676 2874 1824 2914 Inachi
1842 2873 1942 2915 filiae

123 2950 176 2979 ex
213 2940 360 2980 Africa
393 2946 630 2992 apportent
662 2939 923 2979 frumentum
955 2939 999 2978 in
1066 2938 1111 2976 in
1132 2939 1283 2977 bovem
1321 2943 1610 2977 commutatae.
1666 2936 1794 2975 Hunc
1828 2937 1944 2976 Mer-

124 3003 310 3055 Italiam,
347 3010 393 3043 et
426 3016 480 3043 ex
514 3003 644 3042 Italia
678 3006 910 3053 exportent
954 3001 998 3039 in
1067 3000 1207 3039 cui-ius
1240 2999 1415 3046 occidit,
1436 3007 1482 3038 at
1518 3000 1632 3040 Juno
1669 2999 1816 3038 oculos
1849 2999 1942 3049 ejus

124 3063 318 3105 Africam
355 3079 436 3106 non
473 3066 604 3118 bella,
644 3066 720 3105 sed
754 3065 910 3104 milites
943 3064 998 3104 ad
1065 3064 1250 3103 Pavonis
1280 3063 1514 3102 suicaudae
1549 3062 1744 3102 inseruit.
1801 3061 1943 3113 Argus

115 3125 236 3180 -bella
252 3127 462 3168 facienda.
1065 3132 1133 3166 est
1170 3127 1337 3177 sphaera
1371 3124 1597 3177 stellifera,
1616 3137 1742 3177 quam
1773 3126 1943 3164 Merena

117 3214 127 3221 -
177 3188 291 3228 Auloe
308 3191 533 3242 tumultum]
565 3189 803 3229 seditiones
823 3193 866 3229 et
881 3188 998 3228 dissi·
1065 3190 1150 3229 rius
1181 3201 1256 3228 seu
1274 3189 1346 3228 Sol
1379 3188 1609 3228 obscurare
1630 3193 1676 3227 et
1690 3187 1943 3238 extinguere

127 3248 198 3287 dia
228 3250 340 3290 inter
360 3251 534 3292 Arcadii
556 3253 822 3305 Honoriique
837 3258 998 3304 partes.
1066 3252 1251 3291 videtur,

180 3314 259 3351 312
274 3313 442 3365 Argum]
464 3316 548 3355 Hic
564 3316 672 3355 filius
686 3322 777 3356 erat
792 3316 966 3356 Actoris
984 3330 996 3364 ;
1124 3316 1292 3354 Centeno
1311 3315 1470 3365 lumine,
1486 3319 1637 3354 centum
1648 3310 1840 3360 excubiis]
1886 3309 1939 3348 Id

128 3376 245 3414 totus
267 3375 459 3421 scatebat
471 3378 603 3419 oculis
623 3392 635 3430 ;
655 3391 679 3418 a
697 3379 895 3430 zelotypa
925 3379 1001 3420 Ju-
1070 3384 1152 3432 est,
1166 3383 1338 3420 centum
1358 3379 1488 3420 oculis
1508 3375 1827 3417 excubantibus.
