2300 3906
721 200 802 240 DE
839 200 1036 241 annno
1075 200 1301 241 enrico
1340 201 1462 242 ma.
1885 194 1995 249 709

244 316 352 357 Post
368 318 576 358 Rhaetiam
598 318 727 370 petit,
743 322 999 357 commotam
1034 319 1192 371 placat,
1216 324 1436 373 terretque
1466 317 1753 360 Germaniam.
1809 320 1911 372 Ejus
1929 323 2002 364 ad»

188 389 318 423 ventu
337 384 596 424 reviviscunt
611 383 752 433 urben,
771 389 1000 423 accurrunt
1015 385 1232 436 legiones:
1253 394 1384 439 pavet
1401 386 1592 427 Alaricus
1609 399 1622 435 ;
1640 385 1850 439 quendam
1864 392 2003 430 tamen

188 447 337 499 fugere
357 450 601 488 suadentem
618 446 785 497 irridet,
811 447 1030 500 aciemque
1049 450 1235 492 instruit.
1289 454 1509 494 Stilichoni
1535 452 1722 493 hortanti
1750 457 1903 505 parent
1919 466 2004 495 om-

186 526 277 564 nes,
305 516 434 554 etiam
454 514 598 562 Alani,
619 525 697 564 pro
714 514 917 554 Romanis
936 515 1044 555 mori
1064 515 1312 566 gloriantes.
1366 508 1591 570 Pugnatur
1607 518 1790 558 acriter:
1820 518 2005 559 vincitur

184 579 386 620 Alaricus
419 581 470 620 ad
505 579 777 632 Pollentiam,
795 593 888 633 quae
911 593 994 622 non
1028 582 1165 622 minus
1192 583 1369 635 insignis
1397 590 1464 625 est
1493 585 1617 625 clade
1635 584 1858 636 Getarum,
1879 596 2004 639 qua-m

185 645 328 688 fuerat
346 652 446 686 ante
465 646 589 686 clade
610 646 891 690 Cimbrorum.

185 948 460 1023 ῙΝΤΑΟΤῙ
488 987 610 1022 cum
637 973 880 1025 claustra
899 973 1048 1038 freti,
1077 972 1410 1028 coeuntibus
1435 991 1625 1044 aequor

183 1052 473 1106 Armatam
497 1055 764 1122 scopuliS,
791 1057 981 1108 audax
1002 1058 1318 1126 irrumperet
1339 1057 1509 1126 Arg0‚

186 1136 387 1189 AEetan
414 1137 764 1207 Colchosque
791 1144 986 1207 petens
1008 1157 1022 1205 ;
1061 1143 1320 1208 propiore
1343 1144 1553 1210 periclo

186 1219 456 1275 Omnibus
482 1224 748 1287 attonitiS‚
775 1224 923 1276 solus
947 1228 1078 1292 post
1101 1226 1326 1278 numina
1347 1226 1563 1296 Tiphys

239 1375 338 1415 Cum
356 1374 468 1426 Argo
486 1375 608 1415 navis
637 1376 848 1428 impavida,
879 1377 964 1417 iens
981 1378 1032 1417 acl
1062 1378 1221 1418 AEetam
1238 1381 1278 1417 et
1299 1378 1532 1428 Coloniam,
1560 1377 1794 1429 infringeret
1819 1381 2007 1431 repagula

184 1429 305 1468 maris
332 1429 534 1482 inaccessi,
560 1434 605 1470 et
623 1429 738 1479 freta
773 1430 972 1470 horrentia
998 1430 1158 1485 rupibus
1188 1432 1529 1479 concurrentibus;
1557 1432 1703 1472 cunctis
1731 1431 2005 1485 obstupefactis

948 1550 1244 1566 eecce-‘eene‘

238 1642 258 1677 1
290 1650 375 1678 cum
391 1639 515 1677 lustra
532 1638 714 1678 Fue—2
742 1638 955 1679 Arctatum
973 1639 1153 1691 Raphel.
1174 1644 1324 1679 contra
1354 1639 1499 1678 libros.
1527 1641 1723 1690 irruperat
1739 1639 1857 1679 Pric.
1876 1652 1929 1680 m.
1944 1653 2007 1692 pr.

183 1691 346 1741 Mazar.
367 1693 475 1731 Exc.
505 1691 611 1733 Cod.
628 1692 776 1733 Rhem.
823 1694 953 1743 Argos
973 1693 1073 1732 Vat.

1094 1705 1161 1745 pr.
1181 1693 1278 1733 Pal.
1298 1693 1423 1732 Farn.
1442 1693 1561 1732 Med.
1577 1698 1717 1744 quart.
1750 1692 1834 1732 ine.
1856 1693 2006 1734 Heins.

182 1745 345 1785 Moret.
365 1757 432 1796 pr.
454 1744 596 1785 Oxou.
618 1757 704 1785 sec.
740 1745 808 1785 ed.
828 1746 971 1787 vicet.
1001 1747 1106 1787 Exc.
1136 1746 1244 1787 Cod.
1277 1747 1507 1786 Rhem.—3
1537 1747 1676 1786 AEeam
1694 1750 1782 1785 vet.
1804 1745 1911 1796 Gyr.
1933 1747 2007 1787 OE.-

182 1803 286 1838 team
304 1798 407 1838 Lov.
439 1798 580 1837 OEtam
606 1798 761 1838 Petav.
799 1811 864 1850 pr.
898 1799 1000 1840 Jun.
1038 1812 1105 1851 pr.
1136 1801 1258 1840 Leid.
1283 1812 1369 1839 sec.
1398 1799 1589 1839 Letheam
1610 1799 1750 1838 Oxon.
1770 1811 1836 1850 pr.
1858 1799 2009 1848 OEthen

184 1849 334 1892 Ambr.
356 1863 419 1901 pr.
440 1851 607 1890 OEtlmm
626 1851 710 1891 duo
731 1852 852 1894 Med.
873 1853 975 1892 Put.
1005 1854 1168 1893 Thoan.
1190 1853 1345 1892 Petav.
1378 1865 1462 1893 sec.
1499 1853 1604 1892 Exc.
1623 1853 1803 1893 Gevart.
1823 1853 2007 1893 Lucens.

182 1916 248 1956 pr.
277 1904 380 1943 Var.
412 1904 496 1943 LL.
529 1915 551 1941 e
572 1916 704 1955 marg.
723 1905 869 1945 Parm.
919 1907 1116 1946 Oceanum
1145 1906 1294 1946 Ambr.
1326 1918 1413 1945 sec.
1454 1906 1611 1944 AEteam
1631 1906 1753 1945 Leid.
1774 1917 1837 1956 pr.
1870 1907 2010 1945 OEtam

181 1958 252 1997 vel
275 1957 464 1996 OEtheum
482 1956 623 1997 Oxon.
642 1969 728 1996 sec.
746 1957 915 1998 Aetnam
935 1959 1068 1999 Gesn.
1084 1961 1248 2006 AEtnam
1264 1958 1317 2012 (f.
1333 1958 1524 2009 Aetnam)
1540 1959 1606 1998 ed.
1624 1960 1799 2009 Bipont.
1813 1959 2010 1997 AEoetham

181 2011 267 2063 leg.
283 2010 402 2050 Delr.
448 2012 587 2050 AEeam
605 2011 690 2061 legi
707 2023 830 2062 posse
864 2012 1074 2052 credebat
1103 2013 1256 2052 Barth.
1303 2012 1532 2062 Colchosque
1563 2015 1715 2063 petens.
1750 2023 1847 2050 cum
1874 2010 2009 2061 τελείᾳ

182 2065 347 2117 στιγμῇ,
382 2064 573 2105 Florent.
613 2064 733 2104 Med.
754 2069 923 2105 eece-4
954 2078 1112 2105 munera
1150 2065 1252 2106 Put.
1290 2066 1388 2106 Pat.
1410 2064 1550 2104 Oxon.
1570 2070 1716 2117 pr.—-5
1744 2066 1884 2104 damno
1900 2065 2011 2104 tenui

1014 2172 1192 2213 NOTAE

237 2272 259 2308 1
291 2265 460 2318 Intacti]
506 2266 659 2317 Maris,
676 2267 789 2320 quod
808 2268 924 2308 nulla
941 2269 1062 2308 navis

184 2331 323 2372 adhuc
344 2330 564 2381 tetigerat.
620 2330 789 2369 Primus
804 2331 916 2370 enim
927 2331 1063 2372 Jason

182 2393 430 2444 navigavit3
459 2393 529 2432 vel
548 2392 687 2443 potius
705 2392 852 2443 Sidon,
873 2393 990 2432 urbis
1000 2393 1063 2432 Si·

183 2454 304 2494 donis
333 2455 546 2501 conditor,
579 2459 626 2493 et
648 2455 803 2494 NoEmi
832 2466 1061 2507 pronepoS.

183 2517 273 2558 Alii
309 2518 603 2568 Phoenicibus,
629 2518 702 2557 alii
738 2518 953 2570 AEgyptiis
988 2520 1062 2558 tri·

184 2581 322 2621 buunt
342 2586 476 2620 artem
496 2581 739 2632 navigandi.

240 2644 426 2683 Claustra
441 2643 694 2695 irrumperet]
713 2642 994 2695 Infringeret,
1009 2642 1062 2682 ir-

182 2712 347 2757 rueret,
363 2708 483 2746 velut
512 2707 657 2746 obices
675 2712 721 2746 et
750 2707 955 2757 repagula
978 2718 1063 2745 ma-

183 2769 242 2809 ris
250 2769 384 2822 ‚quod
404 2770 592 2809 clausum
620 2770 828 2809 hactenus
848 2780 1063 2808 remanse-

184 2836 267 2872 rat.
323 2832 435 2871 Nam
468 2832 603 2883 prima
620 2832 789 2872 navium
816 2831 935 2884 Argo
948 2843 1063 2872 mare

182 2894 366 2934 intrasse
386 2894 555 2935 dicitur.
578 2924 581 2928 -

242 2957 480 2998 Coeuntibus
495 2959 677 3010 scopulis]
716 2959 888 2999 Fabulis
906 2958 1064 2999 Poeta-

186 3032 280 3060 rum
317 3021 561 3071 decantatae
604 3026 704 3060 sunt
743 3020 1066 3072 Symplegades,

187 3095 263 3123 seu
284 3097 412 3136 rupes
433 3085 643 3135 Cyaneae;
673 3084 738 3124 sic
750 3085 880 3124 dictae
896 3096 922 3123 a
940 3089 1065 3135 praet.

185 3147 298 3189 med.
337 3147 603 3199 συμπέπληγα
649 3149 767 3189 verbi
813 3148 1067 3200 συμπλὴττω,

186 3221 367 3252 &murro
375 3225 391 3259 ;
411 3225 485 3252 sen
497 3212 653 3253 ἀπὸτοῦ
664 3210 789 3263 κυνὸς,
801 3225 941 3264 acone,
957 3213 1068 3265 quod

191 3283 344 3314 canum
367 3275 503 3316 instar
532 3277 576 3315 in
607 3288 700 3315 sese
737 3276 900 3315 irruere
935 3283 1066 3328 atque

192 3347 448 3378 concurrere
481 3340 746 3380 dicerentur.
817 3340 901 3380 Hae
936 3349 1066 3391 rupes

192 3401 288 3439 sitae
326 3406 426 3443 nunt
459 3403 504 3443 in
552 3404 665 3444 ostio
699 3404 832 3448 Ponti
876 3404 1065 3445 Euxini:

191 3469 294 3505 nata
319 3462 467 3506 fabula
495 3469 578 3517 est,
590 3465 705 3521 quod
724 3477 779 3507 ex
808 3465 987 3511 adverso
1005 3466 1067 3512 in-

1130 2268 1342 2309 trantibus
1363 2267 1546 2319 geminae
1567 2278 1694 2318 rupes
1713 2271 2013 2319 cernerentur,

1130 2332 1347 2383 paululum
1366 2342 1468 2370 vero
1484 2328 1652 2369 deflexa
1670 2341 1795 2379 nave,
1817 2341 1901 2368 una
1917 2335 2011 2369 tan-

1129 2398 1220 2432 tum
1259 2396 1506 2443 appareret,
1549 2391 1694 2442 sicque
1730 2391 1866 2430 ambae
1913 2403 2010 2432 con·

1127 2455 1311 2495 currisse
1344 2458 1626 2505 putarentur3
1655 2453 1723 2492 vel
1742 2453 1856 2505 quod
1891 2454 2009 2493 navi-

1127 2516 1326 2568 gantibus
1360 2527 1446 2555 non
1475 2515 1609 2566 navis,
1627 2515 1701 2554 sed
1721 2526 1850 2567 rupes
1879 2521 1925 2557 et
1943 2529 2010 2557 ar·

1126 2578 1253 2618 bores
1272 2577 1435 2618 moveri
1455 2577 1696 2619 videantur.

1182 2645 1207 2680 2
1226 2640 1357 2691 Argo]
1388 2640 1523 2680 Navis
1539 2639 1901 2693 Argonautarum,
1913 2655 2007 2695 quae

1129 2703 1246 2744 varia
1288 2704 1481 2756 pericula
1523 2704 1656 2744 subiit
1674 2709 1719 2744 et
1756 2706 2009 2757 superavit:

1128 2767 1253 2818 hujus
1283 2765 1542 2818 fragmenta,
1575 2766 1816 2807 Domitiani
1846 2772 2009 2820 tempo-

1130 2830 1263 2880 ribus,
1285 2830 1407 2870 velut
1435 2829 1647 2882 religiosa,
1682 2830 1830 2870 Romoe
1866 2843 2009 2873 serva-

1131 2894 1307 2945 bantur,
1356 2900 1404 2933 ut
1453 2899 1603 2934 auctor
1654 2899 1721 2934 est
1763 2894 2006 2937 Martialis:

1128 2958 1141 2979 ‘
1159 2958 1357 2998 Sanctior
1376 2962 1442 2997 est
1458 2962 1548 2996 tota
1563 2969 1697 3008 parva
1714 2958 1874 2998 tabella
1890 2959 2011 3001 rate:

1186 3024 1210 3061 3
1240 3021 1405 3072 AEetan]
1435 3021 1599 3072 Regem
1637 3020 1854 3060 Colchidis
1877 3034 1887 3060 ε
1935 3022 2010 3062 alii

1132 3084 1295 3135 legunt,
1314 3085 1471 3133 AEeam,
1503 3096 1598 3135 quae
1619 3088 1684 3122 est
1701 3084 1794 3134 ipsa
1824 3083 2010 3133 Colchis,

1134 3148 1251 3199 regio
1282 3147 1448 3187 scilicet
1476 3147 1529 3187 ad
1565 3146 1753 3186 Pontum
1782 3146 2007 3204 Euxinum.

1190 3212 1377 3264 propiore
1390 3211 1556 3264 periclo]
1584 3211 1705 3259 Saxis
1725 3223 1818 3252 sese
1843 3211 1934 3263 jam
1953 3209 2007 3250 ad

1133 3276 1394 3316 collisionem
1413 3274 1725 3316 attollentibus.

1185 3344 1211 3380 4
1240 3341 1337 3380 Post
1354 3339 1534 3390 numina]
1570 3338 1698 3389 ⁸Post
1716 3337 1928 3377 Junonem
1959 3337 2007 3372 et

1131 3403 1390 3453 Minervam,
1426 3415 1523 3455 quae
1556 3400 1676 3441 navis
1716 3397 1858 3448 Argus
1893 3397 2004 3437 Deae

1134 3467 1338 3512 tutelares
1359 3469 1496 3511 erant.
