2300 3906
646 202 711 241 IN
755 202 820 241 11.
862 201 1037 241 CONS.
1079 200 1349 240 STHACH.
1392 201 1511 239 Lm.
1886 193 1994 246 69],

179 318 411 371 Ditabat
434 319 614 381 rutile,
639 319 904 386 quicquid
932 320 1094 373 Mida
1118 325 1379 391 tangeret,
1405 335 1572 372 auro:
1889 321 1995 374 230

180 402 411 463 Fabula,
438 418 536 453 seu
563 418 765 464 verum,
790 405 1034 469 canitur3
1072 409 1170 456 tua
1194 405 1358 471 copia
1382 403 1559 456 vincit

176 485 409 537 Fontem
437 485 647 547 Hermi,
674 488 988 554 tactumque
1016 485 1191 539 Midae
1213 504 1226 539 z
1251 488 1594 553 ,pluviasque
1616 483 1908 550 Tonantis,
1974 498 1977 501 ·

177 568 458 621 Obscurat
482 573 712 630 veteres,
740 570 1171 637 obscurabitque
1192 570 1408 621 futuras

174 651 287 704 Par
309 651 470 702 donis
496 651 769 719 armisque
792 669 1006 707 manus,
1078 654 1140 705 Si
1162 653 1396 704 solveret
1418 651 1578 717 ignis,

174 732 332 796 Quas
359 732 507 783 dedit
531 733 797 786 immanes
820 735 918 787 vili
943 752 1044 803 pro
1069 734 1330 802 pondere,
1351 749 1597 786 massas:
1889 735 1997 788 235

171 814 403 883 Argenti
429 820 658 883 potuere
683 818 838 869 lacus
864 822 919 871 et
942 818 1169 871 flumina
1191 818 1359 873 fundi..

127 957 133 961 ,
173 898 298 952 Nec
322 899 440 962 tibi,
470 915 596 966 quae
622 898 830 966 pariter
855 901 1029 969 sylvis
1056 901 1354 953 dominaris
1380 904 1439 951 et
1461 900 1646 963 astriS,

172 983 448 1048 Exiguam
476 981 754 1034 Stilichon
777 985 971 1048 movit,
994 985 1248 1048 Latonia,
1270 1000 1474 1037 curam.

169 1065 256 1118 Tu
282 1081 507 1133 quoque
531 1065 812 1117 nobilibus
837 1068 1161 1134 spectacula
1181 1072 1372 1119 nostra
1392 1067 1623 1119 laboras·-

171 1214 310 1254 Midas
339 1215 491 1254 laturus
516 1214 684 1255 inediam
715 1215 770 1254 ob
801 1215 1035 1257 desiderium
1067 1229 1242 1265 avarum,
1279 1214 1536 1266 locupletabat
1563 1228 1658 1255 auro
1691 1217 1859 1256 micante
1890 1218 1996 1268 quic·-

170 1268 263 1318 quid
279 1269 519 1320 contingeret
530 1281 544 1307 .·
569 1281 636 1308 seu
657 1266 799 1316 sabula
827 1269 901 1308 illa
926 1271 995 1319 sit,
1011 1282 1078 1309 seu
1095 1271 1261 1309 veritas.-
1290 1268 1530 1308 abundantia
1546 1272 1614 1308 tua
1631 1274 1787 1319 superat
1804 1271 1998 1319 originem

171 1321 330 1371 Hermi,
347 1325 384 1360 et
398 1325 615 1360 contactum
633 1321 775 1372 Midea,
794 1326 833 1360 et
850 1321 993 1362 imbres
1006 1322 1132 1363 Jovis.
1185 1323 1367 1362 Dextera
1397 1327 1471 1360 tua
1503 1321 1663 1372 oequalis
1692 1325 1731 1360 et
1752 1321 1996 1370 fortitudine

169 1376 210 1413 et
227 1373 463 1414 liberalitate
480 1374 682 1413 obumbrat
716 1373 862 1414 laudes
882 1376 1146 1427 antiquorum,
1175 1378 1218 1414 et'
1245 1373 1490 1414 obumbrabit
1518 1373 1666 1413 laudes
1697 1378 1891 1425 nepotum.
1947 1375 1997 1415 Si

157 1424 324 1477 flamma
342 1426 589 1478 liquefaceret
617 1428 731 1467 moles
763 1428 982 1478 immensas,
1009 1441 1102 1480 quas
1130 1427 1309 1468 Stilicho
1342 1427 1516 1476 donavit,
1542 1426 1652 1477 quasi
1671 1431 1794 1466 essent
1822 1428 1995 1477 pondera

169 1481 386 1529 temnenda,
404 1480 502 1519 hinc
519 1485 663 1530 stagna
693 1484 732 1519 et
752 1480 875 1531 fluvii
906 1482 1017 1521 aurei
1036 1485 1195 1533 possent
1220 1482 1392 1532 affluere.
1450 1480 1506 1518 Et
1537 1479 1703 1519 Stilicho
1733 1492 1808 1519 non
1836 1492 1998 1530 parvam

169 1531 358 1582 impendit
389 1546 522 1573 curam
552 1533 641 1585 tibi,
669 1545 694 1573 ο
722 1533 874 1585 Diana,
902 1547 988 1585 quoe
1005 1535 1173 1585 imperas
1190 1533 1311 1585 sylvis
1328 1545 1405 1572 una
1423 1536 1462 1572 et
1480 1533 1586 1573 coelo.
1645 1533 1703 1572 Tu
1735 1533 1854 1572 etiam
1885 1546 1997 1573 curas

933 1653 1232 1668 OOOOOO‘O‘NP

172 1729 280 1779 Reg.
303 1728 444 1769 Oxon.
464 1742 532 1781 pr.
547 1731 710 1770 Bonon.
728 1732 827 1772 Pat.
846 1731 999 1772 Petav.
1019 1736 1118 1771 tert.
1146 1731 1275 1771 amari
1292 1732 1418 1772 Fam.
1438 1731 1507 1772 ed.
1527 1732 1806 1773 vicet—230
1834 1732 2002 1773 Ditaret

170 1781 330 1821 Mazar.
349 1783 460 1821 und-e
472 1783 639 1823 Ditarat
650 1785 823 1835 legebat
840 1784 1058 1824 Heinsius.
1074 1784 1511 1836 DictabatMoret.-pr.
1522 1785 1655 1835 rigido
1669 1786 1735 1824 vel
1746 1786 1864 1825 rutilo
1874 1786 1994 1826 Med.

170 1839 271 1873 tert.
300 1835 432 1884 tangit
450 1839 489 1873 et
506 1848 600 1875 auro
618 1837 873 1877 Voss.-231
905 1850 973 1877 ceu
991 1837 1110 1879 Leid.
1131 1849 1216 1877 sec.
1248 1850 1347 1878 cnm
1371 1838 1679 1889 septemdecim
1710 1839 1804 1877 aliis
1824 1844 1869 1878 et
1889 1839 1996 1879 Exc.

170 1886 350 1927 Gevart.
391 1891 520 1926 vestra
537 1888 678 1928 cecinit
698 1890 795 1930 Pat.
839 1890 965 1930 vincet
982 1891 1083 1930 Vat.
1102 1902 1194 1930 sec.
1205 1891 1363 1931 Moret.
1392 1903 1460 1941 pr.
1510 1890 1608 1929 vicit
1628 1890 1746 1929 Leid.
1766 1902 1851 1930 sec.
1870 1897 1916 1930 et
1934 1892 1995 1930 vi·

170 1940 279 1991 giuti
298 1940 431 1979 Codd.
462 1941 568 1980 Exc.
589 1941 767 1982 Gevart.
787 1948 833 1982 et
851 1944 1033 1983 Lucens.
1056 1946 1255 1993 piu—232
1284 1943 1470 1982 Frontem
1490 1943 1643 1982 Petav.
1665 1954 1750 1982 sec.
1777 1944 1995 1994 plucioeque

167 1993 270 2032 Vat.
293 2005 355 2044 pr.
399 1994 624 2046 plumasque
640 1995 741 2035 Put.
785 1996 1027 2046 pluviamque
1055 1996 1157 2035 Vat.
1184 2000 1285 2035 tert.
1317 1996 1440 2035 Leid.
1470 2007 1535 2046 pr.
1557 1995 1697 2035 Oxou.
1719 2007 1782 2046 pr.
1802 1996 1995 2035 Florent.

167 2046 288 2086 Med.
310 2058 394 2086 sec.
414 2047 520 2097 Reg.
542 2047 704 2087 Mazar.
724 2049 830 2088 Exc.
852 2050 1031 2088 Lucens.
1053 2051 1250 2099 piu—233
1275 2048 1469 2087 Obscurus
1482 2060 1520 2087 v.
1535 2048 1822 2099 obscur-ubisque
1835 2049 1996 2089 Thuan.

166 2098 458 2150 obscuravitque
476 2100 667 2141 Florent.
688 2101 848 2141 Mam.
867 2101 1032 2150 futuras
1043 2102 1144 2140 Vat.
1165 2113 1252 2140 sec.
1265 2101 1425 2140 Thuan.
1437 2101 1540 2140 Var.
1559 2102 1644 2140 LL.
1664 2113 1688 2139 e
1704 2113 1834 2152 marg.
1848 2101 1998 2142 Parm.

158 2151 318 2205 futtffos
335 2158 518 2204 quatuor
535 2154 655 2194 Vatt.
676 2155 770 2194 Pal.
785 2155 911 2194 Fam.
934 2155 1050 2194 Prie.
1071 2155 1189 2193 Rott.
1219 2154 1382 2201 futuros
1399 2154 1468 2194 vel
1488 2153 1651 2202 suturas
1663 2154 1784 2194 Med.
1800 2160 1995 2206 quart.—

166 2208 300 2245 -234
327 2206 493 2245 volveret
509 2206 610 2247 Put.
655 2207 811 2247 solverit
830 2207 1066 2247 Pan—235
1097 2208 1211 2252 Quod
1244 2207 1382 2247 Oisel.
1411 2207 1496 2247 duo
1515 2207 1637 2247 Vatt.
1687 2207 1792 2251 Quot
1810 2207 1911 2248 Jun.
1930 2219 1993 2258 pr.

167 2257 372 2297 immensas
390 2259 507 2298 Med.
527 2271 615 2299 sec.
659 2273 729 2311 pro
747 2261 818 2300 vili
841 2262 934 2300 Pat.
959 2260 1194 2312 profundere
1210 2260 1373 2300 Thuan.
1412 2260 1482 2299 sub
1496 2262 1665 2310 pondere
1682 2261 1783 2299 Vat.
1802 2260 1995 2300 Livin.—-

165 2313 249 2360 ι236
274 2316 435 2362 patuere
452 2313 554 2353 Jun.
573 2317 775 2364 plu—23⁷
806 2315 897 2353 Non
930 2314 1033 2353 Put.
1078 2313 1301 2352 dominatur
1317 2314 1417 2352 Vat.
1436 2324 1521 2352 sec.
1541 2313 1706 2351 Thumi.
1738 2313 1897 2352 Moret.
1929 2325 1993 2363 pr.

168 2363 389 2404 dominatur
407 2369 445 2403 et
467 2365 612 2405 Oxon.
630 2377 718 2405 sec.
744 2366 1007 2405 dominabitur
1025 2366 1093 2405 vel
1110 2366 1334 2404 dominatur
1353 2369 1391 2404 et
1409 2365 1513 2405 Jun.
1544 2368 1746 2415 pr.—238
1773 2365 1892 2404 movit
1911 2364 1995 2404 Sti·

170 2417 242 2454 lico
259 2417 369 2468 Reg.
401 2418 579 2457 Tritonia
600 2419 857 2458 Fam—239
875 2418 1076 2458 mobilibus
1095 2417 1212 2457 Leid.
1232 2430 1316 2457 sec.
1337 2430 1390 2457 m.
1409 2429 1474 2468 pr.
1493 2417 1590 2457 Vat.
1609 2428 1698 2456 sec.
1718 2418 1839 2457 Rott.
1860 2417 1995 2457 Oisel.

173 2469 337 2508 Bonon.
372 2469 472 2510 Pat.
501 2471 604 2509 Lov.
639 2472 799 2510 Motet.
828 2483 892 2522 pr.
912 2471 995 2511 duo
1014 2471 1166 2511 Petav.
1184 2471 1290 2509 Var.
1311 2470 1404 2509 LL..
1431 2469 1499 2509 ed.
1529 2469 1661 2510 Antv.
1705 2474 1837 2510 vestra
1866 2470 1995 2510 Earn.

994 2617 1170 2661 NOTAE

222 2724 303 2763 230
333 2723 467 2775 Mida]
507 2724 592 2764 Seu
611 2724 771 2778 Midas,
789 2738 886 2767 cum
906 2726 1048 2767 reddi·

169 2780 306 2828 disset
324 2789 493 2828 Baccho
511 2789 699 2830 Silenum
729 2797 959 2842 rectorem,
978 2791 1048 2831 ob-

157 2850 300 2891 ·tinuit
333 2851 387 2890 ab
417 2851 497 2891 hoc
515 2853 643 2902 Deo,
667 2859 716 2893 ut
735 2854 936 2906 quicquid
958 2860 1049 2894 tan·

172 2920 308 2967 geret,
331 2927 479 2954 aurum
505 2914 657 2965 fieret3
685 2916 831 2969 sicque
861 2922 906 2956 et
937 2928 1048 2968 pane

172 2983 218 3016 et
236 2982 357 3029 potu,
378 2977 531 3028 quibus
552 2979 820 3030 vescebatur,
840 2979 881 3017 in
901 2991 1048 3018 aurum

173 3052 248 3080 suo
264 3046 384 3080 tactu
406 3040 594 3092 mutatis,
605 3041 792 3081 stultitia
806 3041 924 3080 avari
942 3041 1051 3080 desi·

173 3101 281 3142 dex-ii
311 3108 355 3142 et
387 3100 499 3141 fame
527 3102 650 3142 simul
669 3104 860 3156 torqueri
891 3103 1047 3154 coepit3

174 3164 249 3204 sed
276 3165 331 3205 ab
360 3165 508 3204 eodem
545 3166 716 3206 Baccho
746 3167 947 3206 liberatus
966 3172 1048 3216 est,

175 3231 399 3279 postquam
431 3233 561 3278 caput
593 3240 712 3269 suum
732 3229 902 3276 Pactoli
930 3228 1049 3282 aquis

178 3288 395 3328 immersit.

230 3351 310 3389 232
353 3350 593 3405 pluviasque
641 3353 845 3406 Tonantis]
899 3355 1052 3396 Jovem

1115 2736 1367 2766 conversum
1383 2724 1427 2765 in
1447 2724 1633 2777 pluviam
1654 2735 1842 2776 auream,
1858 2728 1902 2764 et
1920 2723 1993 2763 de·

1115 2789 1390 2838 scendentem
1404 2788 1457 2827 ad
1469 2787 1669 2836 Danaem
1700 2786 1812 2839 quod
1832 2798 1886 2826 ex
1904 2786 1995 2826 Ho-

1115 2852 1242 2903 ratio,
1260 2853 1272 2875 ‘
1292 2850 1455 2891 Aurum
1483 2862 1560 2902 per
1587 2849 1750 2889 medios
1775 2849 1837 2889 ire
1870 2849 2000 2888 satel-

1112 2917 1230 2965 lites,
1262 2917 1319 2955 Et
1350 2927 1626 2967 perrumpere
1657 2919 1772 2954 amat
1798 2925 1901 2953 saxa
1919 2925 1994 2965 po-

1115 2978 1274 3018 tentius
1294 2978 1390 3018 Ictu
1408 2976 1640 3027 fulmineo‚'
1660 2979 1740 3016 διο.

1168 3044 1244 3080 235
1282 3039 1362 3079 Vili
1376 3052 1449 3091 pro
1462 3038 1647 3091 pondere]
1684 3039 1818 3079 Dedit
1836 3050 1996 3078 massas

1117 3104 1225 3149 auri,
1244 3115 1326 3142 non
1347 3103 1484 3142 minus
1499 3102 1737 3142 liberaliter
1764 3114 1813 3142 ac
1828 3101 1863 3141 si
1880 3105 1996 3141 esset

1116 3166 1282 3218 pondus
1302 3166 1461 3206 vilioris
1481 3166 1625 3218 pretii.

1170 3232 1250 3268 238
1277 3227 1467 3280 Latonia]
1516 3227 1675 3280 Diana,
1700 3229 1875 3268 Latonae
1895 3224 1996 3276 fllia,

1118 3298 1218 3332 nata
1238 3293 1278 3331 in
1311 3291 1446 3332 insula
1478 3292 1592 3334 Delo
1624 3292 1667 3332 in
1700 3291 1801 3331 mari
1829 3288 1994 3340 AEgaeo,

1118 3354 1243 3395 hodie
1261 3353 1415 3394 Sasille.
