2300 3906
617 219 680 257 ru
726 219 765 257 1.
805 220 977 260 cous.
1019 219 1288 262 s'rlmcn.
1332 221 1451 261 [ΑΒ.
1492 222 1558 262 1-1.
1884 217 1991 270 651

182 336 478 388 Eucherius
500 336 755 389 flectebat
777 354 996 407 equum,
1017 340 1333 410 jaculisque
1360 344 1448 395 vel
1472 351 1602 396 arcu

179 420 369 473 Aurea
394 435 700 488 purpureos
727 421 980 475 tollentes
1007 441 1209 477 cornua
1234 442 1426 479 cervos

180 504 400 556 Aureus
425 506 543 570 ipse
567 502 706 555 ferit.
782 505 973 558 Venus
994 509 1083 560 hic
1105 510 1326 561 invecta
1350 511 1619 563 columbis

179 588 368 640 Tertia
391 587 558 652 regali
590 586 769 655 jungit
795 592 1069 644 connubia
1093 608 1261 656 nexu,
1440 604 1450 612 “
1897 597 2002 650 355

180 671 519 737 Pennatique
543 687 732 722 nurum
756 673 1241 742 circumstipantur
1259 674 1516 739 AmoreS,

180 752 527 818 Progenitam
553 751 840 819 AugustiS,
861 755 1345 825 Augustorumque
1372 774 1632 812 sororem.

179 835 483 889 Eucherius
508 837 719 904 trepido
737 839 854 907 jam
879 840 1131 891 flammea
1147 842 1397 893 sublevat
1425 858 1516 894 ore

178 919 447 987 VirginiS,
477 921 679 972 arridet
701 923 830 975 Iaeto
857 923 1214 977 Thermantia
1235 926 1406 979 fratri.

179 1003 332 1057 Nam
355 1005 550 1056 domus
574 1006 694 1057 haec
721 1011 950 1074 utroque
976 1010 1124 1076 petit,
1137 1009 1454 1061 diademata
1481 1026 1649 1062 sexu:
1885 1011 1992 1064 360

181 1088 540 1156 Reginasque
566 1090 730 1157 parit,
758 1089 1201 1160 Reginarumque
1227 1093 1474 1146 maritos

177 1223 323 1275 spumis
341 1224 513 1262 cruentis
529 1222 695 1261 habenas
713 1222 881 1272 Sericas,
901 1225 1033 1276 etipse
1052 1230 1212 1266 auratus
1217 1226 1321 1279 figit
1336 1227 1500 1276 sagittis
1514 1231 1583 1266 aut
1598 1240 1692 1267 arcu
1718 1241 1847 1268 cervos
1862 1227 2000 1280 pictos

179 1276 223 1315 in
237 1288 422 1328 purpura,
438 1276 632 1326 erigentes
647 1287 789 1315 cornua
810 1281 965 1316 aurata.
1022 1278 1074 1317 In
1093 1279 1164 1318 hac
1192 1286 1313 1318 veste
1347 1281 1469 1318 Venus
1487 1284 1594 1319 vecta
1612 1281 1793 1320 columbis
1809 1282 2004 1332 conjungit

176 1330 462 1370 matrimonium
479 1329 639 1368 tertium
659 1329 809 1368 vinculo
828 1330 1093 1380 imperatorio,
1107 1337 1146 1371 et
1166 1344 1315 1371 amores
1332 1333 1429 1371 alati
1448 1333 1724 1373 circumvolant
1744 1346 1891 1374 novam
1909 1347 2007 1385 nup-

177 1387 275 1433 tam,
306 1386 438 1422 natam
470 1394 525 1420 ex
558 1382 877 1433 Imperator-ibus,
903 1387 943 1423 et
970 1396 1137 1423 sororem
1167 1386 1464 1436 Imperatorum.
1526 1386 1739 1425 Eucherius
1753 1386 1842 1434 jam
1859 1388 2007 1426 attollit

176 1437 302 1476 veham
327 1437 465 1487 puelloe
495 1435 702 1475 Placidiae
732 1437 885 1475 timida»
912 1438 1046 1476 vultu:
1077 1438 1330 1477 Thermantia
1362 1451 1481 1478 soror
1498 1440 1697 1479 Eucherii
1718 1441 1867 1479 arridet
1875 1439 2007 1488 fratri

176 1489 380 1540 gaudenti.
438 1489 598 1528 Etenim
617 1489 699 1528 hoec
716 1490 850 1528 domus
866 1489 908 1528 in
923 1494 1084 1541 utroque
1111 1504 1208 1531 sexu
1235 1491 1360 1543 poscit
1388 1496 1556 1543 sceptra,
1574 1497 1612 1532 et
1636 1494 1815 1544 producit
1838 1494 2009 1545 Impera-

947 1592 1238 1607 000000000000

182 1661 401 1714 Leid.-pr.
430 1666 517 1702 tres
535 1663 655 1703 Vatt.
685 1663 811 1702 Fam.
832 1662 950 1702 Med.
970 1668 1072 1702 tert.
1120 1662 1358 1713 Sanguineis
1384 1663 1522 1703 Oxou.
1556 1675 1621 1714 pr.
1651 1664 1750 1703 Vat.
1782 1668 1881 1704 tert.
1912 1664 2006 1705 Pal.

180 1716 317 1756 Oisel.
341 1716 457 1755 Med.
477 1728 543 1767 pr.
565 1721 610 1755 et
625 1727 712 1755 sec.
730 1717 830 1756 Vat.
851 1717 989 1756 Livin.
1011 1717 1114 1766 Reg.
1143 1717 1303 1756 Thuan.
1333 1718 1495 1755 Mazar.
1517 1718 1623 1756 Exc.
1643 1717 1807 1757 Schott.
1852 1718 2007 1768 Purpu-

179 1782 246 1808 reo
262 1769 330 1808 vel
350 1769 592 1816 sanguineis
619 1770 719 1809 Vat.
741 1781 806 1820 pr.
829 1769 947 1809 Prie.
970 1770 1156 1809 Florent.
1182 1769 1305 1808 deest
1336 1775 1477 1809 autem
1497 1770 1563 1808 hic
1584 1781 1727 1809 versus
1747 1770 1898 1809 Petav.
1919 1782 2007 1810 sec.

179 1825 315 1861 -352
341 1833 477 1872 equam
496 1822 599 1860 Put.
637 1834 832 1872 purpureo
851 1822 880 1860 i.
901 1834 939 1860 e.
969 1834 1077 1870 arcu,
1111 1834 1164 1861 ex
1185 1822 1292 1861 libro
1313 1835 1363 1861 an
1386 1824 1538 1874 glossa,
1557 1823 1916 1862 incertum.—353
1935 1824 2010 1862 tol-

182 1875 321 1914 lentem
341 1875 444 1913 Lov.
463 1875 561 1913 Put.
582 1874 666 1913 inc.
690 1874 837 1914 Heius.
867 1876 968 1913 Var.
1004 1876 1088 1914 LL.
1115 1875 1183 1914 ed.
1215 1875 1485 1915 Antv.——354
1512 1877 1586 1914 huc
1604 1876 1764 1915 Moret.
1787 1887 1872 1915 sec.
1917 1876 2009 1915 hin‘c

181 1927 304 1968 Leid.
321 1938 388 1979 pr.
411 1927 512 1966 Vat.
533 1927 668 1977 quint.
691 1926 807 1965 Prie.
829 1927 934 1978 Rega
957 1927 1102 1967 Ambr.
1122 1940 1186 1978 pr.
1212 1928 1311 1967 hunc
1331 1928 1490 1967 Mazar.
1536 1929 1744 1978 columpnis
1762 1929 1921 1967 Moret.
1940 1941 2009 1979 pr.

183 1981 339 2022 PetaV.
360 1991 495 2020 sec.—
505 1982 582 2018 355
608 1980 749 2019 Tracia
768 1981 887 2019 Med.
912 1987 1011 2019 tert.
1041 1981 1158 2029 legali
1179 1982 1279 2020 Lov.
1300 1993 1354 2020 m.
1373 1993 1460 2020 sec.
1476 1981 1643 2019 Bonon.
1661 1981 1832 2020 Tholos.
1850 1981 2011 2021 Moret.

183 2046 271 2074 sec.
291 2034 376 2073 duo
396 2032 545 2072 Ambr.
589 2034 716 2082 regali
735 2034 802 2072 vel
821 2034 940 2083 legali
961 2033 1102 2072 Oxou.
1123 2045 1209 2073 sec.
1228 2034 1368 2082 junxit
1389 2033 1509 2072 Leid.
1531 2045 1618 2072 sec.
1640 2034 1743 2073 Low
1762 2035 1884 2072 Voss.
1903 2033 2009 2074 Jun.

177 2099 247 2138 pr.
271 2087 412 2128 Oxon.
441 2098 527 2126 sec.
558 2087 681 2125 ambo
701 2086 861 2126 Moret.
905 2087 1065 2125 conubia
1086 2086 1337 2126 Pria—356
1367 2087 1583 2137 Penatique
1601 2087 1756 2125 thorum
1774 2087 1881 2125 Lov.
1926 2086 2010 2124 tho·

182 2153 271 2180 rum
289 2140 409 2180 Leid.
429 2152 492 2191 pr.
514 2139 656 2179 Oxon.
677 2151 760 2178 sec.
782 2139 896 2179 Pric.
920 2140 1037 2179 Rott.
1058 2138 1177 2178 Med.
1199 2144 1300 2178 tert.
1330 2139 1413 2178 inc.
1448 2140 1598 2178 Heius.
1629 2139 1782 2178 Petav.
1810 2150 1893 2178 sec.
1925 2140 2010 2178 Bo-

183 2205 279 2234 non.
296 2193 462 2233 Tholos.
490 2198 579 2232 tres
607 2191 758 2232 Ambr.
779 2192 878 2232 Var.
901 2193 986 2232 LL.
1007 2205 1030 2232 e
1046 2204 1179 2244 marg.
1200 2193 1345 2232 Parm.
1366 2191 1521 2232 Sched.
1544 2192 1658 2232 Gud.
1704 2192 1861 2231 chorum
1883 2191 2004 2231 Leid.

183 2258 269 2288 sec.
288 2259 343 2286 m.
365 2258 429 2298 pr.
449 2247 572 2286 Voss.
595 2258 649 2285 m.
669 2258 732 2297 pr.
754 2246 912 2285 Moret.
933 2258 1018 2285 sec.
1040 2247 1147 2285 Exc.
1169 2245 1348 2285 Gevart.
1390 2247 1515 2284 virum
1537 2246 1634 2284 Pat.
1675 2257 1818 2284 nurum
1836 2245 1906 2285 vel
1926 2246 2010 2284 tho-

181 2312 268 2340 rum
288 2300 440 2340 Petav.
459 2304 561 2340 tert.
581 2299 701 2339 Med.
723 2305 862 2350 quart.
893 2299 1262 2350 circumspectantur
1281 2298 1399 2338 Med.
1415 2310 1502 2337 sec.
1549 2299 1710 2337 honores
1726 2299 1850 2337 Voss.
1869 2310 1926 2337 m.
1946 2310 2009 2350 pr.

183 2353 335 2393 Petav.
352 2365 437 2392 sec.
467 2364 615 2391 amores
633 2353 699 2391 vel
719 2353 879 2390 honores
895 2352 1275 2391 Oxon.sec.—357
1305 2351 1522 2400 Progenita
1540 2349 1691 2389 Ambr.
1719 2362 1782 2400 pr.
1802 2350 1874 2401 qui
1896 2351 2008 2390 hunc

182 2418 352 2446 versum
373 2405 504 2457 priori
526 2404 888 2456 praeponit.—358
917 2405 1046 2455 tepido
1065 2404 1187 2444 Leid.
1211 2416 1272 2454 pr.
1293 2403 1435 2442 Oxon.
1464 2415 1529 2454 pr.
1559 2404 1748 2442 Florent.
1777 2402 1895 2442 Med.
1923 2414 2009 2442 sec.

184 2459 293 2510 Reg.
312 2459 413 2497 Pat.
428 2458 532 2497 Var.
553 2458 639 2496 LL.
661 2457 730 2496 ed.
753 2456 884 2497 Antv.
906 2459 910 2464 “
930 2459 1080 2508 trepido
1101 2463 1185 2495 vet.
1210 2457 1316 2507 Gyr.
1336 2456 1436 2493 Vat.
1460 2455 1595 2493 Livin.
1615 2454 1710 2494 Pal.
1728 2454 1894 2494 Thuan.
1914 2456 2009 2494 Ma-

187 2523 271 2551 zar.
289 2511 371 2550 duo
393 2510 509 2549 Med.
530 2511 634 2549 Exc.
655 2510 835 2549 Lucens.
857 2522 922 2559 pr.
940 2517 1066 2561 atque
1087 2510 1149 2547 ita
1168 2509 1319 2547 Heins.
1349 2508 1487 2547 timido
1508 2513 1594 2546 tres
1605 2508 1725 2547 Vatt.
1743 2507 1871 2547 Fam.
1889 2508 2008 2547 Prie.

186 2565 307 2604 Rott.
337 2563 485 2602 tumido
503 2562 606 2602 Put.
621 2561 724 2602 Jnn.
745 2574 809 2611 pr.
838 2562 968 2612 tepido
986 2562 1055 2600 vel
1073 2561 1209 2599 timido
1225 2561 1323 2599 Vat.
1338 2572 1404 2611 pr.
1431 2562 1592 2599 sullevat
1608 2560 1725 2600 Med.
1746 2572 1814 2611 pr.
1839 2560 2011 2610 subligat

188 2616 450 2667 conjiciebat
472 2615 758 2654 Heius—359
785 2615 886 2653 lento
907 2613 1055 2653 Ambr.
1074 2625 1137 2664 pr.
1165 2618 1270 2653 retro
1288 2614 1389 2653 vat.
1410 2625 1472 2663 pr.
1493 2614 1600 2661 Reg.
1620 2614 1719 2652 Vat.
1740 2613 1881 2653 Livin.
1922 2615 2010 2653 loeto

186 2671 257 2710 vel
275 2673 376 2708 tetro
393 2669 496 2707 Vat.
518 2674 619 2707 tert.
653 2668 921 2707 Ther-imantia
938 2668 1128 2706 Florent.
1151 2667 1253 2705 Exc.
1273 2667 1532 2705 Laeti.—360
1558 2667 1737 2717 Namque
1755 2668 1888 2705 domus
1903 2671 2010 2705 utro-

186 2735 258 2774 que
274 2724 376 2762 Lov.
396 2721 436 2760 in
455 2734 538 2773 quo
558 2721 642 2759 dno
661 2720 702 2758 hi
724 2733 870 2759 versus
890 2720 1070 2771 margini
1100 2719 1276 2770 ascripti
1305 2724 1441 2758 erant.
1488 2720 1584 2758 Jam
1602 2720 1736 2758 domus
1754 2720 1880 2758 Farn.
1900 2720 2008 2759 Exc.

186 2777 367 2816 anens.
387 2786 469 2814 sec.
510 2775 552 2812 in
569 2778 731 2824 utroque
749 2773 852 2814 Put.
897 2785 1058 2824 veroque
1075 2773 1238 2811 Thuan.
1278 2784 1374 2811 sexu
1392 2773 1460 2811 vel
1481 2785 1583 2812 nexu
1602 2772 1720 2812 Med.
1752 2784 1819 2823 pr.
1859 2771 2011 2811 deerat

187 2829 256 2869 hic
278 2841 422 2868 versus
441 2829 484 2866 in
501 2826 620 2867 Med.
641 2832 742 2867 tert.
763 2831 808 2866 et
828 2827 909 2867 inc.
927 2826 1213 2866 Heins.—361
1242 2829 1395 2877 nepotes
1415 2825 1555 2865 Oxou.
1575 2827 1775 2877 pra—362
1798 2826 2012 2875 dextraque

1014 2923 1188 2965 NOTAE

241 3025 319 3062 354
347 3021 520 3072 Aureus]
548 3021 686 3060 Totus
707 3032 759 3060 ex
791 3031 893 3059 auro
926 3018 1067 3069 fictus,
1138 3017 1317 3057 Honorii
1351 3029 1445 3056 cum
1480 3016 1647 3056 Maria:
1680 3017 1853 3056 tertium
1888 3016 2013 3056 Clau-

190 3083 448 3125 efformatus.
1136 3081 1286 3120 dianus
1306 3080 1418 3119 forte
1439 3078 1630 3119 futurum
1659 3079 1797 3118 innuit
1816 3078 2012 3119 Eucherii

245 3147 456 3198 Columbis]
503 3145 718 3186 Columbae
768 3144 943 3184 trahunt
979 3155 1069 3183 cur·
1136 3157 1231 3184 cum
1264 3143 1459 3182 Placidia
1509 3148 1652 3181 sorore
1705 3141 1898 3193 Honorfi,
1943 3140 2010 3179 vel

180 3221 284 3250 -rum
320 3210 518 3256 Veneris,
554 3209 598 3248 id
645 3208 759 3261 quod
804 3207 950 3246 fictum
986 3211 1068 3256 est,
1136 3206 1310 3247 Arcadii
1331 3218 1426 3246 cum
1448 3205 1736 3245 Thermantia.

193 3273 305 3323 quod
322 3273 388 3313 hae
409 3285 510 3313 aves
530 3274 616 3312 sint
636 3274 812 3312 salaces.
1189 3275 1269 3311 359
1296 3269 1566 3320 Thermantia]
1595 3269 1721 3319 Haec,
1747 3268 1899 3308 Sorore
1918 3266 2011 3306 Ma-

204 3351 207 3354 ·
247 3335 327 3373 355
357 3335 510 3386 Tertia]
534 3336 726 3387 Primum
741 3333 985 3386 conjugium
1004 3338 1071 3373 est
1136 3334 1200 3373 ria
1218 3333 1435 3384 defuncta,
1449 3332 1592 3384 nupsit
1610 3328 1897 3383 Honorio‚qui
1916 3328 2010 3368 Ma-

194 3394 434 3437 Stilichonis
471 3409 567 3437 cum
605 3398 791 3438 Serena:
835 3397 1069 3437 secundum
1136 3396 1242 3436 riam
1257 3407 1342 3435 non
1363 3394 1578 3447 tetigerat.
1991 3397 1999 3403 ’
