<?xml version="1.0" encoding="UTF-8"?>
<!DOCTYPE html PUBLIC "-//W3C//DTD XHTML 1.0 Transitional//EN"
    "http://www.w3.org/TR/xhtml1/DTD/xhtml1-transitional.dtd">
<html xmlns="http://www.w3.org/1999/xhtml" xml:lang="en" lang="en">
 <head>
  <title>
</title>
<meta http-equiv="Content-Type" content="text/html;charset=utf-8" />
  <meta name='ocr-system' content='tesseract 3.04.00' />
  <meta name='ocr-capabilities' content='ocr_page ocr_carea ocr_par ocr_line ocrx_word'/>
</head>
<body>
  <div class='ocr_page' id='page_1' title='image "./operaomniaexedit02clauuoft/operaomniaexedit02clauuoft_0401.png"; bbox 0 0 2300 3906; ppageno 0'>
   <div class='ocr_carea' id='block_1_1' title="bbox 680 181 1991 234">
    <p class='ocr_par' dir='ltr' id='par_1_1' title="bbox 680 181 1991 234">
     <span class='ocr_line' id='line_1_1' title="bbox 680 181 1991 234; baseline 0.004 -5"><span class='ocrx_word' id='word_1_1' title='bbox 680 190 919 230; x_wconf 76' lang='lat' dir='ltr'><strong>RAP&#39;I&#39;US</strong></span> <span class='ocrx_word' id='word_1_2' title='bbox 962 191 1254 231; x_wconf 70' lang='lat' dir='ltr'>mossur.</span> <span class='ocrx_word' id='word_1_3' title='bbox 1298 192 1416 231; x_wconf 71' lang='lat' dir='ltr'>mu.</span> <span class='ocrx_word' id='word_1_4' title='bbox 1459 194 1497 233; x_wconf 90' lang='lat'>1.</span> <span class='ocrx_word' id='word_1_5' title='bbox 1885 181 1991 234; x_wconf 84' lang='grc'>903</span> 
     </span>
    </p>
   </div>
   <div class='ocr_carea' id='block_1_2' title="bbox 182 298 1998 704">
    <p class='ocr_par' dir='ltr' id='par_1_2' title="bbox 184 298 1643 371">
     <span class='ocr_line' id='line_1_2' title="bbox 184 298 1643 371; baseline 0.003 -21"><span class='ocrx_word' id='word_1_6' title='bbox 184 298 251 350; x_wconf 91' lang='lat' dir='ltr'>In</span> <span class='ocrx_word' id='word_1_7' title='bbox 274 304 485 352; x_wconf 89' lang='lat' dir='ltr'>turmas</span> <span class='ocrx_word' id='word_1_8' title='bbox 512 302 792 368; x_wconf 79' lang='lat' dir='ltr'>aciemque</span> <span class='ocrx_word' id='word_1_9' title='bbox 816 307 996 366; x_wconf 87' lang='lat' dir='ltr'>ruunt,</span> <span class='ocrx_word' id='word_1_10' title='bbox 1023 307 1315 371; x_wconf 83' lang='lat' dir='ltr'>contraque</span> <span class='ocrx_word' id='word_1_11' title='bbox 1338 304 1643 357; x_wconf 81' lang='lat' dir='ltr'><strong>Tonantem</strong></span> 
     </span>
    </p>

    <p class='ocr_par' dir='ltr' id='par_1_3' title="bbox 183 381 1541 456">
     <span class='ocr_line' id='line_1_3' title="bbox 183 381 1541 456; baseline 0.004 -22"><span class='ocrx_word' id='word_1_12' title='bbox 183 381 484 451; x_wconf 87' lang='lat' dir='ltr'>Conjurant</span> <span class='ocrx_word' id='word_1_13' title='bbox 511 383 722 436; x_wconf 80' lang='lat' dir='ltr'>Furiae:</span> <span class='ocrx_word' id='word_1_14' title='bbox 763 386 1058 455; x_wconf 83' lang='lat' dir='ltr'>crinitaque</span> <span class='ocrx_word' id='word_1_15' title='bbox 1084 388 1333 439; x_wconf 86' lang='lat' dir='ltr'>sontibus</span> <span class='ocrx_word' id='word_1_16' title='bbox 1357 387 1541 456; x_wconf 87' lang='lat' dir='ltr'>hydris</span> 
     </span>
    </p>

    <p class='ocr_par' dir='ltr' id='par_1_4' title="bbox 182 464 1998 621">
     <span class='ocr_line' id='line_1_4' title="bbox 182 464 1998 539; baseline 0.004 -24"><span class='ocrx_word' id='word_1_17' title='bbox 182 464 488 532; x_wconf 86' lang='lat' dir='ltr'>Tisiphone</span> <span class='ocrx_word' id='word_1_18' title='bbox 517 469 768 534; x_wconf 86' lang='lat' dir='ltr'>quatiens</span> <span class='ocrx_word' id='word_1_19' title='bbox 792 470 1030 523; x_wconf 89' lang='lat' dir='ltr'>infausto</span> <span class='ocrx_word' id='word_1_20' title='bbox 1055 472 1258 522; x_wconf 90' lang='lat' dir='ltr'>lumine</span> <span class='ocrx_word' id='word_1_21' title='bbox 1282 473 1472 539; x_wconf 89' lang='lat' dir='ltr'>pinum</span> <span class='ocrx_word' id='word_1_22' title='bbox 1929 472 1998 522; x_wconf 74' lang='lat'>40</span> 
     </span>
     <span class='ocr_line' id='line_1_5' title="bbox 187 546 1462 621; baseline 0.005 -23"><span class='ocrx_word' id='word_1_23' title='bbox 187 546 447 600; x_wconf 87' lang='lat' dir='ltr'>Armatos</span> <span class='ocrx_word' id='word_1_24' title='bbox 474 550 544 600; x_wconf 89' lang='lat' dir='ltr'>ad</span> <span class='ocrx_word' id='word_1_25' title='bbox 572 557 752 604; x_wconf 81' lang='lat' dir='ltr'>castra</span> <span class='ocrx_word' id='word_1_26' title='bbox 776 558 941 606; x_wconf 87' lang='lat' dir='ltr'>vocat</span> <span class='ocrx_word' id='word_1_27' title='bbox 964 554 1224 621; x_wconf 87' lang='lat' dir='ltr'>pallentia</span> <span class='ocrx_word' id='word_1_28' title='bbox 1248 553 1462 608; x_wconf 81' lang='lat' dir='ltr'>Manes.</span> 
     </span>
    </p>

    <p class='ocr_par' dir='ltr' id='par_1_5' title="bbox 188 629 1404 704">
     <span class='ocr_line' id='line_1_6' title="bbox 188 629 1404 704; baseline 0.006 -23"><span class='ocrx_word' id='word_1_29' title='bbox 188 629 363 682; x_wconf 85' lang='lat' dir='ltr'>Paene</span> <span class='ocrx_word' id='word_1_30' title='bbox 389 632 669 685; x_wconf 85' lang='lat' dir='ltr'>reluctatis</span> <span class='ocrx_word' id='word_1_31' title='bbox 693 636 890 687; x_wconf 89' lang='lat' dir='ltr'>iterum</span> <span class='ocrx_word' id='word_1_32' title='bbox 914 637 1213 704; x_wconf 86' lang='lat' dir='ltr'>pugnantia</span> <span class='ocrx_word' id='word_1_33' title='bbox 1237 637 1404 688; x_wconf 89' lang='lat' dir='ltr'>rebus</span> 
     </span>
    </p>
   </div>
   <div class='ocr_carea' id='block_1_3' title="bbox 192 712 1578 870">
    <p class='ocr_par' dir='ltr' id='par_1_6' title="bbox 192 712 1578 870">
     <span class='ocr_line' id='line_1_7' title="bbox 192 712 1578 792; baseline 0.006 -29"><span class='ocrx_word' id='word_1_34' title='bbox 192 712 501 792; x_wconf 81' lang='lat' dir='ltr'>Rupissent</span> <span class='ocrx_word' id='word_1_35' title='bbox 526 718 789 771; x_wconf 87' lang='lat' dir='ltr'>elementa</span> <span class='ocrx_word' id='word_1_36' title='bbox 814 720 995 783; x_wconf 86' lang='lat' dir='ltr'>fidem,</span> <span class='ocrx_word' id='word_1_37' title='bbox 1019 721 1340 788; x_wconf 82' lang='lat' dir='ltr'>penitusque</span> <span class='ocrx_word' id='word_1_38' title='bbox 1362 719 1578 772; x_wconf 89' lang='lat' dir='ltr'>revulso</span> 
     </span>
     <span class='ocr_line' id='line_1_8' title="bbox 202 795 1336 870; baseline 0.007 -22"><span class='ocrx_word' id='word_1_39' title='bbox 202 795 433 851; x_wconf 84' lang='lat' dir='ltr'>Carcere</span> <span class='ocrx_word' id='word_1_40' title='bbox 458 799 664 853; x_wconf 85' lang='lat' dir='ltr'>laxatis</span> <span class='ocrx_word' id='word_1_41' title='bbox 687 804 864 870; x_wconf 89' lang='lat' dir='ltr'>pubes</span> <span class='ocrx_word' id='word_1_42' title='bbox 889 804 1113 856; x_wconf 85' lang='lat' dir='ltr'>Titania</span> <span class='ocrx_word' id='word_1_43' title='bbox 1136 804 1336 856; x_wconf 87' lang='lat' dir='ltr'>vinclis</span> 
     </span>
    </p>
   </div>
   <div class='ocr_carea' id='block_1_4' title="bbox 191 918 2012 1135">
    <p class='ocr_par' dir='ltr' id='par_1_7' title="bbox 191 918 2012 1135">
     <span class='ocr_line' id='line_1_9' title="bbox 191 918 2008 979; baseline 0.003 -23"><span class='ocrx_word' id='word_1_44' title='bbox 191 921 313 979; x_wconf 66' lang='lat' dir='ltr'>nestas</span> <span class='ocrx_word' id='word_1_45' title='bbox 356 918 515 957; x_wconf 71' lang='lat' dir='ltr'>latebris</span> <span class='ocrx_word' id='word_1_46' title='bbox 564 921 816 973; x_wconf 85' lang='lat' dir='ltr'>Inferorum,</span> <span class='ocrx_word' id='word_1_47' title='bbox 861 926 995 965; x_wconf 73' lang='lat' dir='ltr'>coe&#39;unt</span> <span class='ocrx_word' id='word_1_48' title='bbox 1041 928 1246 966; x_wconf 77' lang='lat' dir='ltr'>turmatim</span> <span class='ocrx_word' id='word_1_49' title='bbox 1289 928 1340 965; x_wconf 85' lang='lat' dir='ltr'>ad</span> <span class='ocrx_word' id='word_1_50' title='bbox 1379 926 1642 977; x_wconf 84' lang='lat' dir='ltr'>pugnandum,</span> <span class='ocrx_word' id='word_1_51' title='bbox 1683 928 1723 963; x_wconf 86' lang='lat' dir='ltr'>et</span> <span class='ocrx_word' id='word_1_52' title='bbox 1757 923 1889 963; x_wconf 78' lang='lat' dir='ltr'>Furiae</span> <span class='ocrx_word' id='word_1_53' title='bbox 1923 935 2008 962; x_wconf 85' lang='lat' dir='ltr'>con-</span> 
     </span>
     <span class='ocr_line' id='line_1_10' title="bbox 191 974 2012 1032; baseline 0.005 -24"><span class='ocrx_word' id='word_1_54' title='bbox 191 974 343 1031; x_wconf 65' lang='lat' dir='ltr'>spuunt</span> <span class='ocrx_word' id='word_1_55' title='bbox 362 976 497 1032; x_wconf 62' lang='lat' dir='ltr'>contra</span> <span class='ocrx_word' id='word_1_56' title='bbox 515 974 676 1014; x_wconf 84' lang='lat' dir='ltr'>Jove-m.-</span> <span class='ocrx_word' id='word_1_57' title='bbox 696 980 732 1014; x_wconf 84' lang='lat' dir='ltr'>et</span> <span class='ocrx_word' id='word_1_58' title='bbox 751 977 954 1029; x_wconf 75' lang='lat' dir='ltr'>Tisiphone</span> <span class='ocrx_word' id='word_1_59' title='bbox 971 980 1128 1019; x_wconf 87' lang='lat' dir='ltr'>habens</span> <span class='ocrx_word' id='word_1_60' title='bbox 1146 992 1224 1031; x_wconf 86' lang='lat' dir='ltr'>pro</span> <span class='ocrx_word' id='word_1_61' title='bbox 1241 979 1410 1018; x_wconf 72' lang='lat' dir='ltr'>crinibus</span> <span class='ocrx_word' id='word_1_62' title='bbox 1424 982 1617 1029; x_wconf 72' lang='lat' dir='ltr'>serpentes</span> <span class='ocrx_word' id='word_1_63' title='bbox 1630 978 1780 1026; x_wconf 79' lang='lat' dir='ltr'>noxios,</span> <span class='ocrx_word' id='word_1_64' title='bbox 1796 976 2012 1016; x_wconf 67' lang='lat' dir='ltr'>concutiens</span> 
     </span>
     <span class='ocr_line' id='line_1_11' title="bbox 194 1025 2012 1087; baseline 0.003 -26"><span class='ocrx_word' id='word_1_65' title='bbox 194 1026 319 1062; x_wconf 68' lang='lat' dir='ltr'>torvas</span> <span class='ocrx_word' id='word_1_66' title='bbox 336 1026 456 1085; x_wconf 62' lang='lat' dir='ltr'>opum</span> <span class='ocrx_word' id='word_1_67' title='bbox 476 1025 629 1087; x_wconf 76' lang='lat' dir='ltr'>taedam</span> <span class='ocrx_word' id='word_1_68' title='bbox 649 1029 815 1079; x_wconf 81' lang='lat' dir='ltr'>pineam,</span> <span class='ocrx_word' id='word_1_69' title='bbox 842 1037 1052 1082; x_wconf 81' lang='lat' dir='ltr'>congregat</span> <span class='ocrx_word' id='word_1_70' title='bbox 1074 1034 1212 1071; x_wconf 72' lang='lat' dir='ltr'>Manes</span> <span class='ocrx_word' id='word_1_71' title='bbox 1230 1036 1399 1071; x_wconf 85' lang='lat' dir='ltr'>armatos</span> <span class='ocrx_word' id='word_1_72' title='bbox 1413 1033 1464 1070; x_wconf 84' lang='lat' dir='ltr'>ad</span> <span class='ocrx_word' id='word_1_73' title='bbox 1481 1035 1608 1071; x_wconf 77' lang='lat' dir='ltr'>castra</span> <span class='ocrx_word' id='word_1_74' title='bbox 1624 1030 1754 1080; x_wconf 81' lang='lat' dir='ltr'>nigra.</span> <span class='ocrx_word' id='word_1_75' title='bbox 1813 1030 2012 1068; x_wconf 72' lang='lat' dir='ltr'>Elementa</span> 
     </span>
     <span class='ocr_line' id='line_1_12' title="bbox 195 1079 2011 1135; baseline 0.006 -20"><span class='ocrx_word' id='word_1_76' title='bbox 195 1079 390 1116; x_wconf 78' lang='lat' dir='ltr'>certantza</span> <span class='ocrx_word' id='word_1_77' title='bbox 408 1090 542 1117; x_wconf 77' lang='lat' dir='ltr'>rursus</span> <span class='ocrx_word' id='word_1_78' title='bbox 572 1085 684 1119; x_wconf 85' lang='lat' dir='ltr'>mter</span> <span class='ocrx_word' id='word_1_79' title='bbox 703 1093 765 1132; x_wconf 87' lang='lat' dir='ltr'>se,</span> <span class='ocrx_word' id='word_1_80' title='bbox 797 1086 935 1122; x_wconf 84' lang='lat' dir='ltr'>mundo</span> <span class='ocrx_word' id='word_1_81' title='bbox 953 1085 1043 1132; x_wconf 86' lang='lat' dir='ltr'>sere</span> <span class='ocrx_word' id='word_1_82' title='bbox 1075 1087 1266 1135; x_wconf 82' lang='lat' dir='ltr'>convulso,</span> <span class='ocrx_word' id='word_1_83' title='bbox 1296 1085 1576 1124; x_wconf 77' lang='lat' dir='ltr'>destruxissent</span> <span class='ocrx_word' id='word_1_84' title='bbox 1595 1083 1742 1133; x_wconf 78' lang='lat' dir='ltr'>soedus,</span> <span class='ocrx_word' id='word_1_85' title='bbox 1772 1085 1810 1120; x_wconf 78' lang='lat' dir='ltr'>et</span> <span class='ocrx_word' id='word_1_86' title='bbox 1827 1083 2011 1131; x_wconf 59' lang='lat' dir='ltr'>juventu</span> 
     </span>
    </p>
   </div>
   <div class='ocr_carea' id='block_1_5' title="bbox 964 1188 1258 1204">
    <p class='ocr_par' dir='ltr' id='par_1_8' title="bbox 964 1188 1258 1204">
     <span class='ocr_line' id='line_1_13' title="bbox 964 1188 1258 1204; baseline 0.01 -3"><span class='ocrx_word' id='word_1_87' title='bbox 964 1188 1258 1204; x_wconf 58' lang='lat'>000000000000</span> 
     </span>
    </p>
   </div>
   <div class='ocr_carea' id='block_1_6' title="bbox 195 1258 2028 1785">
    <p class='ocr_par' dir='ltr' id='par_1_9' title="bbox 195 1258 2028 1785">
     <span class='ocr_line' id='line_1_14' title="bbox 197 1258 2018 1318; baseline 0.003 -24"><span class='ocrx_word' id='word_1_88' title='bbox 197 1259 306 1295; x_wconf 80' lang='grc'>-38</span> <span class='ocrx_word' id='word_1_89' title='bbox 333 1258 510 1318; x_wconf 71' lang='lat' dir='ltr'>aciesque</span> <span class='ocrx_word' id='word_1_90' title='bbox 540 1263 659 1298; x_wconf 79' lang='lat' dir='ltr'>ruunt</span> <span class='ocrx_word' id='word_1_91' title='bbox 691 1260 790 1299; x_wconf 88' lang='lat' dir='ltr'>Vat.</span> <span class='ocrx_word' id='word_1_92' title='bbox 826 1273 887 1311; x_wconf 89' lang='lat' dir='ltr'>pr.</span> <span class='ocrx_word' id='word_1_93' title='bbox 919 1266 964 1300; x_wconf 90' lang='lat' dir='ltr'>et</span> <span class='ocrx_word' id='word_1_94' title='bbox 995 1273 1078 1302; x_wconf 76' lang='lat' dir='ltr'>sec.</span> <span class='ocrx_word' id='word_1_95' title='bbox 1107 1262 1275 1306; x_wconf 78' lang='lat' dir='ltr'>Tholos.</span> <span class='ocrx_word' id='word_1_96' title='bbox 1303 1263 1404 1304; x_wconf 79' lang='lat' dir='ltr'>Jun,</span> <span class='ocrx_word' id='word_1_97' title='bbox 1438 1268 1483 1301; x_wconf 90' lang='lat' dir='ltr'>et</span> <span class='ocrx_word' id='word_1_98' title='bbox 1514 1264 1742 1302; x_wconf 79' lang='lat' dir='ltr'>Voss.—39</span> <span class='ocrx_word' id='word_1_99' title='bbox 1772 1262 2018 1310; x_wconf 76' lang='lat' dir='ltr'>Consurgunt</span> 
     </span>
     <span class='ocr_line' id='line_1_15' title="bbox 195 1309 2019 1370; baseline 0.002 -23"><span class='ocrx_word' id='word_1_100' title='bbox 195 1319 278 1359; x_wconf 62' lang='lat' dir='ltr'>,pro</span> <span class='ocrx_word' id='word_1_101' title='bbox 316 1309 531 1370; x_wconf 67' lang='lat' dir='ltr'>conjurant</span> <span class='ocrx_word' id='word_1_102' title='bbox 563 1310 704 1351; x_wconf 87' lang='lat' dir='ltr'>Oxou.</span> <span class='ocrx_word' id='word_1_103' title='bbox 740 1324 824 1352; x_wconf 89' lang='lat' dir='ltr'>sec.</span> <span class='ocrx_word' id='word_1_104' title='bbox 854 1314 1078 1364; x_wconf 80' lang='lat' dir='ltr'>crinataque</span> <span class='ocrx_word' id='word_1_105' title='bbox 1108 1315 1233 1353; x_wconf 81' lang='lat' dir='ltr'>Voss.</span> <span class='ocrx_word' id='word_1_106' title='bbox 1267 1327 1334 1366; x_wconf 83' lang='lat' dir='ltr'>pr.</span> <span class='ocrx_word' id='word_1_107' title='bbox 1362 1316 1549 1354; x_wconf 83' lang='lat' dir='ltr'>Florent.</span> <span class='ocrx_word' id='word_1_108' title='bbox 1582 1326 1636 1354; x_wconf 89' lang='lat' dir='ltr'>m.</span> <span class='ocrx_word' id='word_1_109' title='bbox 1678 1326 1761 1354; x_wconf 86' lang='lat' dir='ltr'>sec.</span> <span class='ocrx_word' id='word_1_110' title='bbox 1795 1318 1833 1352; x_wconf 82' lang='lat' dir='ltr'>et</span> <span class='ocrx_word' id='word_1_111' title='bbox 1869 1317 2019 1363; x_wconf 79' lang='lat' dir='ltr'>compta</span> 
     </span>
     <span class='ocr_line' id='line_1_16' title="bbox 200 1362 2018 1417; baseline 0.002 -17"><span class='ocrx_word' id='word_1_112' title='bbox 200 1362 426 1401; x_wconf 76' lang='lat' dir='ltr'>sonantzbus</span> <span class='ocrx_word' id='word_1_113' title='bbox 444 1363 550 1403; x_wconf 85' lang='lat' dir='ltr'>Exc.</span> <span class='ocrx_word' id='word_1_114' title='bbox 570 1363 730 1407; x_wconf 56' lang='lat' dir='ltr'>Petav„</span> <span class='ocrx_word' id='word_1_115' title='bbox 759 1372 895 1417; x_wconf 83' lang='lat' dir='ltr'>quart.</span> <span class='ocrx_word' id='word_1_116' title='bbox 926 1366 1070 1417; x_wconf 78' lang='lat' dir='ltr'>hydras</span> <span class='ocrx_word' id='word_1_117' title='bbox 1104 1367 1194 1405; x_wconf 87' lang='lat' dir='ltr'>Pal.</span> <span class='ocrx_word' id='word_1_118' title='bbox 1227 1366 1312 1406; x_wconf 89' lang='lat' dir='ltr'>duo</span> <span class='ocrx_word' id='word_1_119' title='bbox 1344 1367 1465 1406; x_wconf 85' lang='lat' dir='ltr'>Med.</span> <span class='ocrx_word' id='word_1_120' title='bbox 1487 1367 1637 1407; x_wconf 83' lang='lat' dir='ltr'>Heius.</span> <span class='ocrx_word' id='word_1_121' title='bbox 1658 1367 1823 1405; x_wconf 75' lang='lat' dir='ltr'>H.—4o</span> <span class='ocrx_word' id='word_1_122' title='bbox 1849 1365 2018 1414; x_wconf 78' lang='lat' dir='ltr'>infausto</span> 
     </span>
     <span class='ocr_line' id='line_1_17' title="bbox 204 1415 2022 1469; baseline 0.002 -16"><span class='ocrx_word' id='word_1_123' title='bbox 204 1415 392 1455; x_wconf 79' lang='lat' dir='ltr'>Florem.</span> <span class='ocrx_word' id='word_1_124' title='bbox 438 1415 521 1454; x_wconf 91' lang='lat' dir='ltr'>duo</span> <span class='ocrx_word' id='word_1_125' title='bbox 567 1417 684 1457; x_wconf 88' lang='lat' dir='ltr'>Med.</span> <span class='ocrx_word' id='word_1_126' title='bbox 731 1417 834 1458; x_wconf 90' lang='lat' dir='ltr'>Put.</span> <span class='ocrx_word' id='word_1_127' title='bbox 883 1419 990 1469; x_wconf 87' lang='lat' dir='ltr'>Reg.</span> <span class='ocrx_word' id='word_1_128' title='bbox 1039 1419 1202 1458; x_wconf 89' lang='lat' dir='ltr'>Bonon.</span> <span class='ocrx_word' id='word_1_129' title='bbox 1246 1419 1421 1459; x_wconf 90' lang='lat' dir='ltr'>Tholos.</span> <span class='ocrx_word' id='word_1_130' title='bbox 1470 1419 1616 1458; x_wconf 86' lang='lat' dir='ltr'>Ambr.</span> <span class='ocrx_word' id='word_1_131' title='bbox 1660 1424 1758 1457; x_wconf 88' lang='lat' dir='ltr'>tert.</span> <span class='ocrx_word' id='word_1_132' title='bbox 1801 1417 1884 1456; x_wconf 91' lang='lat' dir='ltr'>duo</span> <span class='ocrx_word' id='word_1_133' title='bbox 1922 1417 2022 1458; x_wconf 84' lang='lat' dir='ltr'>Jun.</span> 
     </span>
     <span class='ocr_line' id='line_1_18' title="bbox 206 1466 2026 1521; baseline 0.001 -15"><span class='ocrx_word' id='word_1_134' title='bbox 206 1466 291 1507; x_wconf 91' lang='lat' dir='ltr'>duo</span> <span class='ocrx_word' id='word_1_135' title='bbox 326 1469 450 1507; x_wconf 86' lang='lat' dir='ltr'>Voss.</span> <span class='ocrx_word' id='word_1_136' title='bbox 491 1469 641 1508; x_wconf 87' lang='lat' dir='ltr'>Heius.</span> <span class='ocrx_word' id='word_1_137' title='bbox 672 1470 730 1508; x_wconf 88' lang='lat' dir='ltr'>H.</span> <span class='ocrx_word' id='word_1_138' title='bbox 760 1477 805 1508; x_wconf 91' lang='lat' dir='ltr'>et</span> <span class='ocrx_word' id='word_1_139' title='bbox 851 1471 935 1510; x_wconf 86' lang='lat' dir='ltr'>inc.</span> <span class='ocrx_word' id='word_1_140' title='bbox 971 1471 1104 1521; x_wconf 84' lang='lat' dir='ltr'>ejusd.</span> <span class='ocrx_word' id='word_1_141' title='bbox 1144 1470 1227 1510; x_wconf 91' lang='lat' dir='ltr'>duo</span> <span class='ocrx_word' id='word_1_142' title='bbox 1262 1473 1402 1511; x_wconf 87' lang='lat' dir='ltr'>Oxou.</span> <span class='ocrx_word' id='word_1_143' title='bbox 1439 1478 1526 1511; x_wconf 87' lang='lat' dir='ltr'>tres</span> <span class='ocrx_word' id='word_1_144' title='bbox 1558 1472 1710 1511; x_wconf 89' lang='lat' dir='ltr'>Petav.</span> <span class='ocrx_word' id='word_1_145' title='bbox 1740 1472 1843 1509; x_wconf 85' lang='lat' dir='ltr'>Exc.</span> <span class='ocrx_word' id='word_1_146' title='bbox 1874 1470 2026 1508; x_wconf 76' lang='lat' dir='ltr'>PetaV.</span> 
     </span>
     <span class='ocr_line' id='line_1_19' title="bbox 205 1519 2026 1574; baseline 0.001 -16"><span class='ocrx_word' id='word_1_147' title='bbox 205 1525 344 1572; x_wconf 85' lang='lat' dir='ltr'>quart.</span> <span class='ocrx_word' id='word_1_148' title='bbox 359 1519 459 1560; x_wconf 84' lang='lat' dir='ltr'>Ald.</span> <span class='ocrx_word' id='word_1_149' title='bbox 479 1521 546 1560; x_wconf 87' lang='lat' dir='ltr'>ed.</span> <span class='ocrx_word' id='word_1_150' title='bbox 564 1521 708 1562; x_wconf 87' lang='lat' dir='ltr'>Parm.</span> <span class='ocrx_word' id='word_1_151' title='bbox 730 1528 775 1562; x_wconf 89' lang='lat' dir='ltr'>et</span> <span class='ocrx_word' id='word_1_152' title='bbox 789 1523 932 1562; x_wconf 87' lang='lat' dir='ltr'>Vicet.</span> <span class='ocrx_word' id='word_1_153' title='bbox 953 1523 1092 1569; x_wconf 73' lang='lat' dir='ltr'>infesto</span> <span class='ocrx_word' id='word_1_154' title='bbox 1111 1524 1271 1563; x_wconf 67' lang='lat' dir='ltr'>auh—41</span> <span class='ocrx_word' id='word_1_155' title='bbox 1288 1525 1384 1563; x_wconf 82' lang='lat' dir='ltr'>bella</span> <span class='ocrx_word' id='word_1_156' title='bbox 1399 1536 1477 1574; x_wconf 90' lang='lat' dir='ltr'>pro</span> <span class='ocrx_word' id='word_1_157' title='bbox 1496 1528 1623 1564; x_wconf 76' lang='lat' dir='ltr'>castra</span> <span class='ocrx_word' id='word_1_158' title='bbox 1638 1525 1717 1562; x_wconf 87' lang='lat' dir='ltr'>inc.</span> <span class='ocrx_word' id='word_1_159' title='bbox 1739 1523 1884 1562; x_wconf 86' lang='lat' dir='ltr'>Heius.</span> <span class='ocrx_word' id='word_1_160' title='bbox 1904 1525 2026 1560; x_wconf 81' lang='lat' dir='ltr'>movet</span> 
     </span>
     <span class='ocr_line' id='line_1_20' title="bbox 213 1572 2026 1616; baseline 0.001 -4"><span class='ocrx_word' id='word_1_161' title='bbox 213 1572 318 1612; x_wconf 78' lang='lat' dir='ltr'>eod.</span> <span class='ocrx_word' id='word_1_162' title='bbox 358 1574 594 1614; x_wconf 87' lang='lat' dir='ltr'>Bartholin.</span> <span class='ocrx_word' id='word_1_163' title='bbox 628 1574 779 1614; x_wconf 87' lang='lat' dir='ltr'>Ambr.</span> <span class='ocrx_word' id='word_1_164' title='bbox 813 1580 914 1614; x_wconf 85' lang='lat' dir='ltr'>tert.</span> <span class='ocrx_word' id='word_1_165' title='bbox 951 1577 1137 1615; x_wconf 84' lang='lat' dir='ltr'>chartac.</span> <span class='ocrx_word' id='word_1_166' title='bbox 1185 1575 1337 1615; x_wconf 86' lang='lat' dir='ltr'>Heius.</span> <span class='ocrx_word' id='word_1_167' title='bbox 1376 1576 1476 1615; x_wconf 90' lang='lat' dir='ltr'>Ald.</span> <span class='ocrx_word' id='word_1_168' title='bbox 1515 1577 1583 1616; x_wconf 90' lang='lat' dir='ltr'>ed.</span> <span class='ocrx_word' id='word_1_169' title='bbox 1619 1577 1761 1615; x_wconf 87' lang='lat' dir='ltr'>Parm.</span> <span class='ocrx_word' id='word_1_170' title='bbox 1805 1580 1851 1613; x_wconf 91' lang='lat' dir='ltr'>et</span> <span class='ocrx_word' id='word_1_171' title='bbox 1883 1575 2026 1614; x_wconf 88' lang='lat' dir='ltr'>Vicet.</span> 
     </span>
     <span class='ocr_line' id='line_1_21' title="bbox 204 1626 2026 1679; baseline 0 -15"><span class='ocrx_word' id='word_1_172' title='bbox 204 1629 341 1665; x_wconf 80' lang='lat' dir='ltr'>vocant</span> <span class='ocrx_word' id='word_1_173' title='bbox 394 1626 488 1667; x_wconf 87' lang='lat' dir='ltr'>Pal.</span> <span class='ocrx_word' id='word_1_174' title='bbox 534 1627 619 1666; x_wconf 89' lang='lat' dir='ltr'>duo</span> <span class='ocrx_word' id='word_1_175' title='bbox 662 1627 780 1667; x_wconf 88' lang='lat' dir='ltr'>Med.</span> <span class='ocrx_word' id='word_1_176' title='bbox 821 1628 970 1668; x_wconf 86' lang='lat' dir='ltr'>Heius.</span> <span class='ocrx_word' id='word_1_177' title='bbox 1023 1628 1081 1668; x_wconf 89' lang='lat' dir='ltr'>H.</span> <span class='ocrx_word' id='word_1_178' title='bbox 1117 1633 1161 1667; x_wconf 89' lang='lat' dir='ltr'>et</span> <span class='ocrx_word' id='word_1_179' title='bbox 1197 1629 1279 1669; x_wconf 88' lang='lat' dir='ltr'>inc.</span> <span class='ocrx_word' id='word_1_180' title='bbox 1313 1629 1466 1669; x_wconf 84' lang='lat' dir='ltr'>Heius.</span> <span class='ocrx_word' id='word_1_181' title='bbox 1525 1629 1711 1679; x_wconf 83' lang='lat' dir='ltr'>pollentia</span> <span class='ocrx_word' id='word_1_182' title='bbox 1753 1627 1854 1667; x_wconf 89' lang='lat' dir='ltr'>Jun.</span> <span class='ocrx_word' id='word_1_183' title='bbox 1886 1637 2026 1665; x_wconf 84' lang='lat' dir='ltr'>sec.—</span> 
     </span>
     <span class='ocr_line' id='line_1_22' title="bbox 205 1679 2028 1731; baseline -0.001 -13"><span class='ocrx_word' id='word_1_184' title='bbox 205 1681 257 1718; x_wconf 75' lang='lat'>42</span> <span class='ocrx_word' id='word_1_185' title='bbox 300 1680 533 1719; x_wconf 74' lang='lat' dir='ltr'>reluctantes</span> <span class='ocrx_word' id='word_1_186' title='bbox 577 1679 662 1719; x_wconf 92' lang='lat' dir='ltr'>duo</span> <span class='ocrx_word' id='word_1_187' title='bbox 706 1682 931 1721; x_wconf 55' lang='lat' dir='ltr'>vate—43</span> <span class='ocrx_word' id='word_1_188' title='bbox 978 1681 1189 1731; x_wconf 80' lang='lat' dir='ltr'>Rupissent</span> <span class='ocrx_word' id='word_1_189' title='bbox 1246 1682 1430 1721; x_wconf 86' lang='lat' dir='ltr'>elementa</span> <span class='ocrx_word' id='word_1_190' title='bbox 1480 1682 1541 1721; x_wconf 83' lang='lat' dir='ltr'>sic</span> <span class='ocrx_word' id='word_1_191' title='bbox 1602 1685 1715 1731; x_wconf 82' lang='lat' dir='ltr'>rupto</span> <span class='ocrx_word' id='word_1_192' title='bbox 1760 1680 2028 1718; x_wconf 76' lang='lat' dir='ltr'>elementorum</span> 
     </span>
     <span class='ocr_line' id='line_1_23' title="bbox 195 1731 2028 1785; baseline 0 -15"><span class='ocrx_word' id='word_1_193' title='bbox 195 1731 348 1779; x_wconf 66' lang='lat' dir='ltr'>saedere</span> <span class='ocrx_word' id='word_1_194' title='bbox 385 1733 496 1772; x_wconf 88' lang='lat' dir='ltr'>dixit</span> <span class='ocrx_word' id='word_1_195' title='bbox 521 1732 679 1774; x_wconf 88' lang='lat' dir='ltr'>Minut.</span> <span class='ocrx_word' id='word_1_196' title='bbox 711 1746 751 1785; x_wconf 88' lang='lat' dir='ltr'>p.</span> <span class='ocrx_word' id='word_1_197' title='bbox 791 1738 855 1775; x_wconf 87' lang='grc'>10.</span> <span class='ocrx_word' id='word_1_198' title='bbox 885 1734 962 1773; x_wconf 87' lang='lat' dir='ltr'>sub</span> <span class='ocrx_word' id='word_1_199' title='bbox 1000 1733 1072 1774; x_wconf 84' lang='lat' dir='ltr'>fin.</span> <span class='ocrx_word' id='word_1_200' title='bbox 1103 1733 1172 1774; x_wconf 87' lang='lat' dir='ltr'>ed.</span> <span class='ocrx_word' id='word_1_201' title='bbox 1213 1734 1334 1774; x_wconf 87' lang='lat' dir='ltr'>Leid.</span> <span class='ocrx_word' id='word_1_202' title='bbox 1379 1735 1422 1774; x_wconf 87' lang='lat' dir='ltr'>in</span> <span class='ocrx_word' id='word_1_203' title='bbox 1453 1738 1493 1774; x_wconf 89' lang='grc'>4.</span> <span class='ocrx_word' id='word_1_204' title='bbox 1532 1734 1675 1773; x_wconf 82' lang='lat' dir='ltr'>recluso</span> <span class='ocrx_word' id='word_1_205' title='bbox 1712 1733 1861 1772; x_wconf 88' lang='lat' dir='ltr'>Petav.</span> <span class='ocrx_word' id='word_1_206' title='bbox 1890 1743 2028 1771; x_wconf 88' lang='lat' dir='ltr'>sec.—</span> 
     </span>
    </p>
   </div>
   <div class='ocr_carea' id='block_1_7' title="bbox 1038 1830 1212 1871">
    <p class='ocr_par' dir='ltr' id='par_1_10' title="bbox 1038 1830 1212 1871">
     <span class='ocr_line' id='line_1_24' title="bbox 1038 1830 1212 1871; baseline 0 -1"><span class='ocrx_word' id='word_1_207' title='bbox 1038 1830 1212 1871; x_wconf 85' lang='lat' dir='ltr'>NOTAE</span> 
     </span>
    </p>
   </div>
   <div class='ocr_carea' id='block_1_8' title="bbox 196 1907 2037 2145">
    <p class='ocr_par' dir='ltr' id='par_1_11' title="bbox 212 1907 1482 1962">
     <span class='ocr_line' id='line_1_25' title="bbox 212 1907 1482 1962; baseline 0 -15"><span class='ocrx_word' id='word_1_208' title='bbox 212 1908 449 1959; x_wconf 79' lang='lat' dir='ltr'>agebantur</span> <span class='ocrx_word' id='word_1_209' title='bbox 470 1909 499 1948; x_wconf 90' lang='lat' dir='ltr'>ii</span> <span class='ocrx_word' id='word_1_210' title='bbox 528 1910 601 1962; x_wconf 90' lang='lat' dir='ltr'>qui</span> <span class='ocrx_word' id='word_1_211' title='bbox 621 1909 789 1949; x_wconf 86' lang='lat' dir='ltr'>fuerant</span> <span class='ocrx_word' id='word_1_212' title='bbox 809 1909 1094 1960; x_wconf 86' lang='lat' dir='ltr'>condemnati,</span> <span class='ocrx_word' id='word_1_213' title='bbox 1159 1907 1257 1948; x_wconf 86' lang='lat' dir='ltr'>dum</span> <span class='ocrx_word' id='word_1_214' title='bbox 1278 1909 1482 1948; x_wconf 87' lang='lat' dir='ltr'>incendit.</span> 
     </span>
    </p>

    <p class='ocr_par' dir='ltr' id='par_1_12' title="bbox 213 1966 2036 2085">
     <span class='ocr_line' id='line_1_26' title="bbox 213 1966 2033 2019; baseline -0.003 -9"><span class='ocrx_word' id='word_1_215' title='bbox 213 1977 258 2011; x_wconf 87' lang='lat' dir='ltr'>et</span> <span class='ocrx_word' id='word_1_216' title='bbox 278 1970 389 2011; x_wconf 87' lang='lat' dir='ltr'>forte</span> <span class='ocrx_word' id='word_1_217' title='bbox 409 1971 503 2011; x_wconf 90' lang='lat' dir='ltr'>ideo</span> <span class='ocrx_word' id='word_1_218' title='bbox 520 1973 574 2011; x_wconf 90' lang='lat' dir='ltr'>de</span> <span class='ocrx_word' id='word_1_219' title='bbox 592 1972 748 2012; x_wconf 87' lang='lat' dir='ltr'>Inferis</span> <span class='ocrx_word' id='word_1_220' title='bbox 764 1973 933 2012; x_wconf 88' lang='lat' dir='ltr'>dicitur.</span> <span class='ocrx_word' id='word_1_221' title='bbox 1214 1975 1267 2010; x_wconf 82' lang='lat'>42</span> <span class='ocrx_word' id='word_1_222' title='bbox 1299 1969 1537 2019; x_wconf 78' lang='lat' dir='ltr'>Reluctatis]</span> <span class='ocrx_word' id='word_1_223' title='bbox 1592 1969 1767 2008; x_wconf 86' lang='lat' dir='ltr'>Passive</span> <span class='ocrx_word' id='word_1_224' title='bbox 1805 1966 2033 2017; x_wconf 82' lang='lat' dir='ltr'>accipitur,</span> 
     </span>
     <span class='ocr_line' id='line_1_27' title="bbox 266 2028 2036 2085; baseline -0.003 -14"><span class='ocrx_word' id='word_1_225' title='bbox 266 2035 321 2071; x_wconf 81' lang='lat'>38</span> <span class='ocrx_word' id='word_1_226' title='bbox 353 2032 579 2085; x_wconf 86' lang='lat' dir='ltr'>Tonantem]</span> <span class='ocrx_word' id='word_1_227' title='bbox 608 2033 778 2082; x_wconf 87' lang='lat' dir='ltr'>Jovem,</span> <span class='ocrx_word' id='word_1_228' title='bbox 797 2032 916 2083; x_wconf 81' lang='lat' dir='ltr'>cujus</span> <span class='ocrx_word' id='word_1_229' title='bbox 937 2037 1003 2071; x_wconf 88' lang='lat' dir='ltr'>est</span> <span class='ocrx_word' id='word_1_230' title='bbox 1035 2037 1098 2071; x_wconf 87' lang='lat' dir='ltr'>to·</span> <span class='ocrx_word' id='word_1_231' title='bbox 1164 2044 1403 2085; x_wconf 86' lang='lat' dir='ltr'>quanquam</span> <span class='ocrx_word' id='word_1_232' title='bbox 1425 2032 1543 2070; x_wconf 86' lang='lat' dir='ltr'>venit</span> <span class='ocrx_word' id='word_1_233' title='bbox 1579 2043 1602 2070; x_wconf 87' lang='lat' dir='ltr'>a</span> <span class='ocrx_word' id='word_1_234' title='bbox 1639 2030 1783 2079; x_wconf 86' lang='lat' dir='ltr'>verbo,</span> <span class='ocrx_word' id='word_1_235' title='bbox 1822 2035 1867 2069; x_wconf 88' lang='lat' dir='ltr'>ut</span> <span class='ocrx_word' id='word_1_236' title='bbox 1902 2028 2036 2075; x_wconf 72' lang='lat' dir='ltr'>aiunt,</span> 
     </span>
    </p>

    <p class='ocr_par' dir='ltr' id='par_1_13' title="bbox 196 2089 2037 2145">
     <span class='ocr_line' id='line_1_28' title="bbox 196 2089 2037 2145; baseline -0.004 -12"><span class='ocrx_word' id='word_1_237' title='bbox 196 2101 319 2133; x_wconf 74' lang='lat' dir='ltr'>‘nare</span> <span class='ocrx_word' id='word_1_238' title='bbox 339 2098 384 2132; x_wconf 88' lang='lat' dir='ltr'>et</span> <span class='ocrx_word' id='word_1_239' title='bbox 406 2098 606 2145; x_wconf 87' lang='lat' dir='ltr'>torquere</span> <span class='ocrx_word' id='word_1_240' title='bbox 628 2095 831 2134; x_wconf 82' lang='lat' dir='ltr'>tonitrua.</span> <span class='ocrx_word' id='word_1_241' title='bbox 1166 2094 1407 2145; x_wconf 86' lang='lat' dir='ltr'>deponente</span> <span class='ocrx_word' id='word_1_242' title='bbox 1426 2107 1438 2142; x_wconf 86' lang='lat'>;</span> <span class='ocrx_word' id='word_1_243' title='bbox 1507 2098 1557 2131; x_wconf 87' lang='lat' dir='ltr'>ut</span> <span class='ocrx_word' id='word_1_244' title='bbox 1618 2091 1733 2142; x_wconf 88' lang='lat' dir='ltr'>apud</span> <span class='ocrx_word' id='word_1_245' title='bbox 1780 2089 2006 2140; x_wconf 85' lang='lat' dir='ltr'>Virgilium</span> <span class='ocrx_word' id='word_1_246' title='bbox 2026 2102 2037 2127; x_wconf 72' lang='grc' dir='ltr'><strong>ι</strong></span> 
     </span>
    </p>
   </div>
   <div class='ocr_carea' id='block_1_9' title="bbox 203 2155 1125 3463">
    <p class='ocr_par' dir='ltr' id='par_1_14' title="bbox 203 2155 1120 3021">
     <span class='ocr_line' id='line_1_29' title="bbox 271 2155 1104 2208; baseline -0.002 -12"><span class='ocrx_word' id='word_1_247' title='bbox 271 2158 324 2196; x_wconf 77' lang='grc'>39</span> <span class='ocrx_word' id='word_1_248' title='bbox 355 2156 586 2207; x_wconf 75' lang='lat' dir='ltr'>crinitaque</span> <span class='ocrx_word' id='word_1_249' title='bbox 621 2155 796 2196; x_wconf 76' lang='lat' dir='ltr'>sontibus</span> <span class='ocrx_word' id='word_1_250' title='bbox 827 2155 964 2208; x_wconf 78' lang='lat' dir='ltr'>hydris</span> <span class='ocrx_word' id='word_1_251' title='bbox 1002 2155 1104 2195; x_wconf 78' lang='lat' dir='ltr'>Tisi-</span> 
     </span>
     <span class='ocr_line' id='line_1_30' title="bbox 212 2216 1102 2271; baseline -0.002 -12"><span class='ocrx_word' id='word_1_252' title='bbox 212 2217 357 2271; x_wconf 81' lang='lat' dir='ltr'>phone]</span> <span class='ocrx_word' id='word_1_253' title='bbox 384 2216 504 2269; x_wconf 75' lang='grc' dir='ltr'><strong>Τίσις,</strong></span> <span class='ocrx_word' id='word_1_254' title='bbox 521 2220 634 2269; x_wconf 78' lang='lat' dir='ltr'>ultio,</span> <span class='ocrx_word' id='word_1_255' title='bbox 660 2225 706 2259; x_wconf 90' lang='lat' dir='ltr'>et</span> <span class='ocrx_word' id='word_1_256' title='bbox 724 2217 839 2269; x_wconf 85' lang='grc' dir='ltr'><em>φόνη,</em></span> <span class='ocrx_word' id='word_1_257' title='bbox 866 2224 939 2259; x_wconf 88' lang='lat' dir='ltr'>aut</span> <span class='ocrx_word' id='word_1_258' title='bbox 971 2216 1102 2269; x_wconf 82' lang='grc' dir='ltr'><strong><em>φόνος,</em></strong></span> 
     </span>
     <span class='ocr_line' id='line_1_31' title="bbox 203 2280 1103 2331; baseline -0.003 -11"><span class='ocrx_word' id='word_1_259' title='bbox 203 2283 362 2320; x_wconf 79' lang='lat' dir='ltr'>·coedes.·</span> <span class='ocrx_word' id='word_1_260' title='bbox 405 2281 496 2320; x_wconf 83' lang='lat' dir='ltr'>haec</span> <span class='ocrx_word' id='word_1_261' title='bbox 548 2281 634 2320; x_wconf 89' lang='lat' dir='ltr'>duo</span> <span class='ocrx_word' id='word_1_262' title='bbox 669 2281 802 2322; x_wconf 85' lang='lat' dir='ltr'>verba</span> <span class='ocrx_word' id='word_1_263' title='bbox 831 2280 1103 2331; x_wconf 86' lang='lat' dir='ltr'>Tisiphonem</span> 
     </span>
     <span class='ocr_line' id='line_1_32' title="bbox 220 2338 1104 2394; baseline -0.003 -11"><span class='ocrx_word' id='word_1_264' title='bbox 220 2338 532 2394; x_wconf 83' lang='lat' dir='ltr'>faciunt‚&#39;quae</span> <span class='ocrx_word' id='word_1_265' title='bbox 574 2343 700 2382; x_wconf 87' lang='lat' dir='ltr'>Furia</span> <span class='ocrx_word' id='word_1_266' title='bbox 738 2349 804 2382; x_wconf 87' lang='lat' dir='ltr'>est</span> <span class='ocrx_word' id='word_1_267' title='bbox 847 2342 1021 2382; x_wconf 85' lang='lat' dir='ltr'>ultionis</span> <span class='ocrx_word' id='word_1_268' title='bbox 1059 2347 1104 2381; x_wconf 88' lang='lat' dir='ltr'>et</span> 
     </span>
     <span class='ocr_line' id='line_1_33' title="bbox 225 2404 1106 2456; baseline -0.005 -10"><span class='ocrx_word' id='word_1_269' title='bbox 225 2405 355 2446; x_wconf 86' lang='lat' dir='ltr'>caedis</span> <span class='ocrx_word' id='word_1_270' title='bbox 370 2404 520 2445; x_wconf 85' lang='lat' dir='ltr'>avida:</span> <span class='ocrx_word' id='word_1_271' title='bbox 550 2417 629 2456; x_wconf 91' lang='lat' dir='ltr'>pro</span> <span class='ocrx_word' id='word_1_272' title='bbox 647 2405 836 2445; x_wconf 82' lang='lat' dir='ltr'>crinibus</span> <span class='ocrx_word' id='word_1_273' title='bbox 855 2404 987 2444; x_wconf 88' lang='lat' dir='ltr'>habet</span> <span class='ocrx_word' id='word_1_274' title='bbox 1005 2415 1106 2455; x_wconf 85' lang='lat' dir='ltr'>pen·</span> 
     </span>
     <span class='ocr_line' id='line_1_34' title="bbox 225 2467 1107 2518; baseline -0.003 -11"><span class='ocrx_word' id='word_1_275' title='bbox 225 2468 377 2508; x_wconf 84' lang='lat' dir='ltr'>dentes</span> <span class='ocrx_word' id='word_1_276' title='bbox 398 2479 450 2506; x_wconf 87' lang='lat' dir='ltr'>ex</span> <span class='ocrx_word' id='word_1_277' title='bbox 471 2467 612 2518; x_wconf 84' lang='lat' dir='ltr'>capite</span> <span class='ocrx_word' id='word_1_278' title='bbox 638 2471 857 2517; x_wconf 78' lang='lat' dir='ltr'>serpentes</span> <span class='ocrx_word' id='word_1_279' title='bbox 888 2471 1107 2517; x_wconf 85' lang='lat' dir='ltr'>nocentes,</span> 
     </span>
     <span class='ocr_line' id='line_1_35' title="bbox 227 2528 1106 2583; baseline -0.003 -14"><span class='ocrx_word' id='word_1_280' title='bbox 227 2530 379 2583; x_wconf 83' lang='lat' dir='ltr'>quibus</span> <span class='ocrx_word' id='word_1_281' title='bbox 398 2529 441 2568; x_wconf 89' lang='lat' dir='ltr'>in</span> <span class='ocrx_word' id='word_1_282' title='bbox 459 2529 651 2569; x_wconf 82' lang='lat' dir='ltr'>homines</span> <span class='ocrx_word' id='word_1_283' title='bbox 670 2528 881 2579; x_wconf 86' lang='lat' dir='ltr'>conjectis</span> <span class='ocrx_word' id='word_1_284' title='bbox 911 2540 981 2567; x_wconf 86' lang='lat' dir='ltr'>eos</span> <span class='ocrx_word' id='word_1_285' title='bbox 1008 2539 1106 2566; x_wconf 87' lang='lat' dir='ltr'>ene-</span> 
     </span>
     <span class='ocr_line' id='line_1_36' title="bbox 207 2591 1108 2641; baseline -0.003 -7"><span class='ocrx_word' id='word_1_286' title='bbox 207 2598 328 2641; x_wconf 60' lang='lat' dir='ltr'>cat:</span> <span class='ocrx_word' id='word_1_287' title='bbox 361 2592 422 2632; x_wconf 88' lang='lat' dir='ltr'>sic</span> <span class='ocrx_word' id='word_1_288' title='bbox 454 2593 536 2632; x_wconf 89' lang='lat' dir='ltr'>ista</span> <span class='ocrx_word' id='word_1_289' title='bbox 567 2591 800 2632; x_wconf 87' lang='lat' dir='ltr'>formosum</span> <span class='ocrx_word' id='word_1_290' title='bbox 820 2591 1108 2631; x_wconf 79' lang='lat' dir='ltr'>Cithaeronem</span> 
     </span>
     <span class='ocr_line' id='line_1_37' title="bbox 228 2654 1110 2706; baseline -0.003 -10"><span class='ocrx_word' id='word_1_291' title='bbox 228 2656 315 2696; x_wconf 85' lang='lat' dir='ltr'>suis</span> <span class='ocrx_word' id='word_1_292' title='bbox 334 2656 545 2695; x_wconf 86' lang='lat' dir='ltr'>amoribus</span> <span class='ocrx_word' id='word_1_293' title='bbox 573 2667 657 2695; x_wconf 90' lang='lat' dir='ltr'>non</span> <span class='ocrx_word' id='word_1_294' title='bbox 688 2654 1020 2706; x_wconf 84' lang='lat' dir='ltr'>respondentem</span> <span class='ocrx_word' id='word_1_295' title='bbox 1039 2667 1110 2693; x_wconf 82' lang='lat' dir='ltr'>ex-</span> 
     </span>
     <span class='ocr_line' id='line_1_38' title="bbox 230 2719 1112 2772; baseline 0 -13"><span class='ocrx_word' id='word_1_296' title='bbox 230 2720 407 2760; x_wconf 87' lang='lat' dir='ltr'>tinxisse</span> <span class='ocrx_word' id='word_1_297' title='bbox 433 2719 586 2761; x_wconf 82' lang='lat' dir='ltr'>fertur.</span> <span class='ocrx_word' id='word_1_298' title='bbox 629 2722 686 2761; x_wconf 88' lang='lat' dir='ltr'>Et</span> <span class='ocrx_word' id='word_1_299' title='bbox 716 2721 812 2761; x_wconf 89' lang='lat' dir='ltr'>ideo</span> <span class='ocrx_word' id='word_1_300' title='bbox 844 2724 971 2760; x_wconf 83' lang='lat' dir='ltr'>sontes</span> <span class='ocrx_word' id='word_1_301' title='bbox 997 2720 1112 2772; x_wconf 77' lang='lat' dir='ltr'>hydri</span> 
     </span>
     <span class='ocr_line' id='line_1_39' title="bbox 235 2782 1112 2834; baseline 0 -14"><span class='ocrx_word' id='word_1_302' title='bbox 235 2789 457 2833; x_wconf 85' lang='lat' dir='ltr'>vocantur,</span> <span class='ocrx_word' id='word_1_303' title='bbox 475 2782 574 2834; x_wconf 90' lang='lat' dir='ltr'>quia</span> <span class='ocrx_word' id='word_1_304' title='bbox 595 2782 811 2822; x_wconf 86' lang='lat' dir='ltr'>occidunt.</span> <span class='ocrx_word' id='word_1_305' title='bbox 860 2782 946 2822; x_wconf 90' lang='lat' dir='ltr'>Per</span> <span class='ocrx_word' id='word_1_306' title='bbox 965 2782 1112 2821; x_wconf 89' lang='lat' dir='ltr'>Furia-</span> 
     </span>
     <span class='ocr_line' id='line_1_40' title="bbox 235 2842 1113 2897; baseline -0.001 -13"><span class='ocrx_word' id='word_1_307' title='bbox 235 2856 328 2884; x_wconf 90' lang='lat' dir='ltr'>rum</span> <span class='ocrx_word' id='word_1_308' title='bbox 353 2849 573 2896; x_wconf 85' lang='lat' dir='ltr'>serpentes</span> <span class='ocrx_word' id='word_1_309' title='bbox 592 2845 887 2897; x_wconf 81' lang='lat' dir='ltr'>intelliguntur</span> <span class='ocrx_word' id='word_1_310' title='bbox 905 2844 1024 2896; x_wconf 86' lang='lat' dir='ltr'>pravi</span> <span class='ocrx_word' id='word_1_311' title='bbox 1054 2842 1113 2883; x_wconf 84' lang='lat' dir='ltr'>af-</span> 
     </span>
     <span class='ocr_line' id='line_1_41' title="bbox 234 2905 1112 2959; baseline 0 -13"><span class='ocrx_word' id='word_1_312' title='bbox 234 2905 390 2958; x_wconf 85' lang='lat' dir='ltr'>fectus,</span> <span class='ocrx_word' id='word_1_313' title='bbox 409 2908 481 2959; x_wconf 89' lang='lat' dir='ltr'>qui</span> <span class='ocrx_word' id='word_1_314' title='bbox 512 2913 610 2947; x_wconf 83' lang='lat' dir='ltr'>sunt</span> <span class='ocrx_word' id='word_1_315' title='bbox 642 2907 820 2947; x_wconf 86' lang='lat' dir='ltr'>totidem</span> <span class='ocrx_word' id='word_1_316' title='bbox 843 2912 999 2959; x_wconf 86' lang='lat' dir='ltr'>pestes,</span> <span class='ocrx_word' id='word_1_317' title='bbox 1018 2919 1112 2958; x_wconf 82' lang='lat' dir='ltr'>quae</span> 
     </span>
     <span class='ocr_line' id='line_1_42' title="bbox 224 2967 1120 3021; baseline -0.002 -12"><span class='ocrx_word' id='word_1_318' title='bbox 224 2967 450 3009; x_wconf 78' lang='lat' dir='ltr'>hominum</span> <span class='ocrx_word' id='word_1_319' title='bbox 469 2969 612 3020; x_wconf 87' lang='lat' dir='ltr'>corda,</span> <span class='ocrx_word' id='word_1_320' title='bbox 627 2975 874 3021; x_wconf 88' lang='lat' dir='ltr'>serpentum</span> <span class='ocrx_word' id='word_1_321' title='bbox 893 2970 1044 3020; x_wconf 88' lang='lat' dir='ltr'>instar,</span> <span class='ocrx_word' id='word_1_322' title='bbox 1059 2969 1120 3007; x_wconf 87' lang='lat' dir='ltr'>in-</span> 
     </span>
    </p>

    <p class='ocr_par' dir='ltr' id='par_1_15' title="bbox 245 3030 409 3072">
     <span class='ocr_line' id='line_1_43' title="bbox 245 3030 409 3072; baseline 0.012 -2"><span class='ocrx_word' id='word_1_323' title='bbox 245 3030 409 3072; x_wconf 88' lang='lat' dir='ltr'>ficiunt.</span> 
     </span>
    </p>

    <p class='ocr_par' dir='ltr' id='par_1_16' title="bbox 244 3095 1120 3213">
     <span class='ocr_line' id='line_1_44' title="bbox 295 3095 1120 3151; baseline -0.004 -12"><span class='ocrx_word' id='word_1_324' title='bbox 295 3102 348 3140; x_wconf 85' lang='lat'>40</span> <span class='ocrx_word' id='word_1_325' title='bbox 369 3099 531 3151; x_wconf 83' lang='lat' dir='ltr'>Pinum]</span> <span class='ocrx_word' id='word_1_326' title='bbox 551 3099 688 3139; x_wconf 86' lang='lat' dir='ltr'>Causa</span> <span class='ocrx_word' id='word_1_327' title='bbox 709 3099 875 3138; x_wconf 87' lang='lat' dir='ltr'>scilicet</span> <span class='ocrx_word' id='word_1_328' title='bbox 894 3110 971 3149; x_wconf 90' lang='lat' dir='ltr'>pro</span> <span class='ocrx_word' id='word_1_329' title='bbox 992 3095 1120 3137; x_wconf 81' lang='lat' dir='ltr'>effec-</span> 
     </span>
     <span class='ocr_line' id='line_1_45' title="bbox 244 3160 1030 3213; baseline -0.004 -11"><span class='ocrx_word' id='word_1_330' title='bbox 244 3167 309 3213; x_wconf 89' lang='lat' dir='ltr'>tu,</span> <span class='ocrx_word' id='word_1_331' title='bbox 328 3162 370 3201; x_wconf 91' lang='lat' dir='ltr'>id</span> <span class='ocrx_word' id='word_1_332' title='bbox 391 3170 472 3210; x_wconf 85' lang='lat' dir='ltr'>est,</span> <span class='ocrx_word' id='word_1_333' title='bbox 489 3162 644 3201; x_wconf 87' lang='lat' dir='ltr'>taedam</span> <span class='ocrx_word' id='word_1_334' title='bbox 664 3160 824 3201; x_wconf 84' lang='lat' dir='ltr'>factam</span> <span class='ocrx_word' id='word_1_335' title='bbox 842 3173 895 3199; x_wconf 83' lang='lat' dir='ltr'>ex</span> <span class='ocrx_word' id='word_1_336' title='bbox 916 3161 1030 3212; x_wconf 86' lang='lat' dir='ltr'>pinu.</span> 
     </span>
    </p>

    <p class='ocr_par' dir='ltr' id='par_1_17' title="bbox 247 3221 1124 3387">
     <span class='ocr_line' id='line_1_46' title="bbox 297 3221 1123 3275; baseline -0.004 -12"><span class='ocrx_word' id='word_1_337' title='bbox 297 3226 349 3263; x_wconf 73' lang='lat'>41</span> <span class='ocrx_word' id='word_1_338' title='bbox 378 3223 580 3274; x_wconf 77' lang='lat' dir='ltr'>Armatos]</span> <span class='ocrx_word' id='word_1_339' title='bbox 633 3224 809 3263; x_wconf 88' lang='lat' dir='ltr'>Pallore</span> <span class='ocrx_word' id='word_1_340' title='bbox 849 3221 1030 3275; x_wconf 90' lang='lat' dir='ltr'>quodam</span> <span class='ocrx_word' id='word_1_341' title='bbox 1074 3233 1123 3260; x_wconf 89' lang='lat' dir='ltr'>ac</span> 
     </span>
     <span class='ocr_line' id='line_1_47' title="bbox 247 3284 1124 3338; baseline -0.003 -13"><span class='ocrx_word' id='word_1_342' title='bbox 247 3288 426 3337; x_wconf 79' lang='lat' dir='ltr'>terrore,</span> <span class='ocrx_word' id='word_1_343' title='bbox 463 3287 582 3326; x_wconf 85' lang='lat' dir='ltr'>velut</span> <span class='ocrx_word' id='word_1_344' title='bbox 617 3285 746 3325; x_wconf 85' lang='lat' dir='ltr'>armis</span> <span class='ocrx_word' id='word_1_345' title='bbox 779 3284 1027 3338; x_wconf 85' lang='lat' dir='ltr'>quibusdam</span> <span class='ocrx_word' id='word_1_346' title='bbox 1063 3284 1124 3322; x_wconf 88' lang='lat' dir='ltr'>in-</span> 
     </span>
     <span class='ocr_line' id='line_1_48' title="bbox 247 3350 449 3387; baseline 0.005 -1"><span class='ocrx_word' id='word_1_347' title='bbox 247 3350 449 3387; x_wconf 74' lang='lat' dir='ltr'>structos.</span> 
     </span>
    </p>

    <p class='ocr_par' dir='ltr' id='par_1_18' title="bbox 306 3407 1125 3463">
     <span class='ocr_line' id='line_1_49' title="bbox 306 3407 1125 3463; baseline 0.002 -15"><span class='ocrx_word' id='word_1_348' title='bbox 306 3407 464 3460; x_wconf 77' lang='lat' dir='ltr'>Manes]</span> <span class='ocrx_word' id='word_1_349' title='bbox 490 3409 608 3450; x_wconf 82' lang='lat' dir='ltr'>Deos</span> <span class='ocrx_word' id='word_1_350' title='bbox 642 3407 812 3451; x_wconf 75' lang='lat' dir='ltr'>Inferna</span> <span class='ocrx_word' id='word_1_351' title='bbox 846 3409 913 3451; x_wconf 81' lang='lat' dir='ltr'>ad·</span> <span class='ocrx_word' id='word_1_352' title='bbox 937 3420 1125 3463; x_wconf 79' lang='lat' dir='ltr'>pugnan-</span> 
     </span>
    </p>
   </div>
   <div class='ocr_carea' id='block_1_10' title="bbox 1169 2151 2055 2882">
    <p class='ocr_par' dir='ltr' id='par_1_19' title="bbox 1169 2151 1934 2195">
     <span class='ocr_line' id='line_1_50' title="bbox 1169 2151 1934 2195; baseline -0.007 0"><span class='ocrx_word' id='word_1_353' title='bbox 1169 2156 1182 2177; x_wconf 90' lang='lat'>‘</span> <span class='ocrx_word' id='word_1_354' title='bbox 1204 2156 1331 2195; x_wconf 86' lang='lat' dir='ltr'>Nunc</span> <span class='ocrx_word' id='word_1_355' title='bbox 1349 2155 1484 2194; x_wconf 86' lang='lat' dir='ltr'>oblita</span> <span class='ocrx_word' id='word_1_356' title='bbox 1502 2154 1603 2192; x_wconf 86' lang='lat' dir='ltr'>mihi</span> <span class='ocrx_word' id='word_1_357' title='bbox 1631 2158 1694 2192; x_wconf 89' lang='lat' dir='ltr'>tot</span> <span class='ocrx_word' id='word_1_358' title='bbox 1723 2151 1934 2192; x_wconf 64' lang='lat' dir='ltr'>carmina!</span> 
     </span>
    </p>

    <p class='ocr_par' dir='ltr' id='par_1_20' title="bbox 1170 2214 2055 2882">
     <span class='ocr_line' id='line_1_51' title="bbox 1222 2214 2039 2268; baseline -0.006 -11"><span class='ocrx_word' id='word_1_359' title='bbox 1222 2221 1274 2257; x_wconf 76' lang='grc'>43</span> <span class='ocrx_word' id='word_1_360' title='bbox 1294 2218 1508 2268; x_wconf 80' lang='lat' dir='ltr'>Rupissent</span> <span class='ocrx_word' id='word_1_361' title='bbox 1526 2214 1862 2267; x_wconf 81' lang='lat' dir='ltr'>elementafidem]</span> <span class='ocrx_word' id='word_1_362' title='bbox 1889 2214 2039 2253; x_wconf 64' lang='lat' dir='ltr'>Poetae</span> 
     </span>
     <span class='ocr_line' id='line_1_52' title="bbox 1170 2277 2044 2328; baseline -0.006 -10"><span class='ocrx_word' id='word_1_363' title='bbox 1170 2280 1288 2318; x_wconf 88' lang='lat' dir='ltr'>aiunt</span> <span class='ocrx_word' id='word_1_364' title='bbox 1321 2280 1531 2319; x_wconf 88' lang='lat' dir='ltr'>elementa</span> <span class='ocrx_word' id='word_1_365' title='bbox 1563 2277 1698 2328; x_wconf 85' lang='lat' dir='ltr'>primo</span> <span class='ocrx_word' id='word_1_366' title='bbox 1733 2277 1851 2327; x_wconf 87' lang='lat' dir='ltr'>gravi</span> <span class='ocrx_word' id='word_1_367' title='bbox 1901 2286 2044 2326; x_wconf 86' lang='lat' dir='ltr'>pugna</span> 
     </span>
     <span class='ocr_line' id='line_1_53' title="bbox 1170 2337 2044 2388; baseline -0.007 -7"><span class='ocrx_word' id='word_1_368' title='bbox 1170 2342 1283 2381; x_wconf 89' lang='lat' dir='ltr'>inter</span> <span class='ocrx_word' id='word_1_369' title='bbox 1329 2353 1374 2380; x_wconf 86' lang='lat' dir='ltr'>se</span> <span class='ocrx_word' id='word_1_370' title='bbox 1421 2341 1650 2380; x_wconf 83' lang='lat' dir='ltr'>colluctata</span> <span class='ocrx_word' id='word_1_371' title='bbox 1693 2337 1838 2388; x_wconf 85' lang='lat' dir='ltr'>fuisse,</span> <span class='ocrx_word' id='word_1_372' title='bbox 1888 2337 2044 2377; x_wconf 89' lang='lat' dir='ltr'>deinde</span> 
     </span>
     <span class='ocr_line' id='line_1_54' title="bbox 1171 2402 2047 2455; baseline -0.005 -12"><span class='ocrx_word' id='word_1_373' title='bbox 1171 2404 1287 2443; x_wconf 89' lang='lat' dir='ltr'>velut</span> <span class='ocrx_word' id='word_1_374' title='bbox 1304 2415 1451 2455; x_wconf 88' lang='lat' dir='ltr'>pacem</span> <span class='ocrx_word' id='word_1_375' title='bbox 1469 2403 1530 2441; x_wconf 86' lang='lat' dir='ltr'>ita</span> <span class='ocrx_word' id='word_1_376' title='bbox 1544 2402 1843 2452; x_wconf 84' lang='lat' dir='ltr'>composuisse,</span> <span class='ocrx_word' id='word_1_377' title='bbox 1863 2406 1911 2440; x_wconf 90' lang='lat' dir='ltr'>ut</span> <span class='ocrx_word' id='word_1_378' title='bbox 1926 2412 2047 2451; x_wconf 85' lang='lat' dir='ltr'>spec-</span> 
     </span>
     <span class='ocr_line' id='line_1_55' title="bbox 1174 2461 2048 2512; baseline -0.006 -7"><span class='ocrx_word' id='word_1_379' title='bbox 1174 2471 1266 2505; x_wconf 89' lang='lat' dir='ltr'>tato</span> <span class='ocrx_word' id='word_1_380' title='bbox 1285 2464 1524 2504; x_wconf 80' lang='lat' dir='ltr'>admirabili</span> <span class='ocrx_word' id='word_1_381' title='bbox 1545 2475 1691 2503; x_wconf 90' lang='lat' dir='ltr'>eorum</span> <span class='ocrx_word' id='word_1_382' title='bbox 1706 2462 1869 2512; x_wconf 86' lang='lat' dir='ltr'>ordine,</span> <span class='ocrx_word' id='word_1_383' title='bbox 1888 2461 1942 2501; x_wconf 87' lang='lat' dir='ltr'>de</span> <span class='ocrx_word' id='word_1_384' title='bbox 1964 2474 2048 2500; x_wconf 88' lang='lat' dir='ltr'>ser-</span> 
     </span>
     <span class='ocr_line' id='line_1_56' title="bbox 1173 2524 2049 2577; baseline -0.006 -10"><span class='ocrx_word' id='word_1_385' title='bbox 1173 2526 1311 2567; x_wconf 85' lang='lat' dir='ltr'>vanda</span> <span class='ocrx_word' id='word_1_386' title='bbox 1330 2526 1536 2577; x_wconf 83' lang='lat' dir='ltr'>deinceps</span> <span class='ocrx_word' id='word_1_387' title='bbox 1565 2525 1793 2566; x_wconf 86' lang='lat' dir='ltr'>concordia</span> <span class='ocrx_word' id='word_1_388' title='bbox 1822 2524 1949 2563; x_wconf 85' lang='lat' dir='ltr'>fidem</span> <span class='ocrx_word' id='word_1_389' title='bbox 1978 2524 2049 2563; x_wconf 90' lang='lat' dir='ltr'>de-</span> 
     </span>
     <span class='ocr_line' id='line_1_57' title="bbox 1174 2587 2047 2640; baseline -0.005 -11"><span class='ocrx_word' id='word_1_390' title='bbox 1174 2589 1285 2629; x_wconf 84' lang='lat' dir='ltr'>disse</span> <span class='ocrx_word' id='word_1_391' title='bbox 1318 2589 1454 2629; x_wconf 86' lang='lat' dir='ltr'>videri</span> <span class='ocrx_word' id='word_1_392' title='bbox 1488 2594 1688 2640; x_wconf 87' lang='lat' dir='ltr'>possent:</span> <span class='ocrx_word' id='word_1_393' title='bbox 1720 2587 1831 2627; x_wconf 87' lang='lat' dir='ltr'>unde</span> <span class='ocrx_word' id='word_1_394' title='bbox 1861 2587 1896 2626; x_wconf 87' lang='lat' dir='ltr'>si</span> <span class='ocrx_word' id='word_1_395' title='bbox 1915 2587 2047 2626; x_wconf 84' lang='lat' dir='ltr'>Pluto</span> 
     </span>
     <span class='ocr_line' id='line_1_58' title="bbox 1175 2650 2050 2700; baseline -0.003 -9"><span class='ocrx_word' id='word_1_396' title='bbox 1175 2652 1332 2692; x_wconf 90' lang='lat' dir='ltr'>bellum</span> <span class='ocrx_word' id='word_1_397' title='bbox 1369 2651 1594 2691; x_wconf 85' lang='lat' dir='ltr'>indixisset</span> <span class='ocrx_word' id='word_1_398' title='bbox 1611 2651 1721 2699; x_wconf 89' lang='lat' dir='ltr'>Diis,</span> <span class='ocrx_word' id='word_1_399' title='bbox 1750 2656 1795 2690; x_wconf 91' lang='lat' dir='ltr'>et</span> <span class='ocrx_word' id='word_1_400' title='bbox 1822 2650 1958 2690; x_wconf 84' lang='lat' dir='ltr'>Chaos</span> <span class='ocrx_word' id='word_1_401' title='bbox 1987 2650 2050 2700; x_wconf 85' lang='lat' dir='ltr'>ip·</span> 
     </span>
     <span class='ocr_line' id='line_1_59' title="bbox 1178 2717 2052 2764; baseline -0.007 -9"><span class='ocrx_word' id='word_1_402' title='bbox 1178 2727 1268 2755; x_wconf 87' lang='lat' dir='ltr'>sum</span> <span class='ocrx_word' id='word_1_403' title='bbox 1290 2719 1498 2755; x_wconf 89' lang='lat' dir='ltr'>armatum</span> <span class='ocrx_word' id='word_1_404' title='bbox 1517 2719 1646 2764; x_wconf 84' lang='lat' dir='ltr'>esset,</span> <span class='ocrx_word' id='word_1_405' title='bbox 1673 2717 1764 2753; x_wconf 90' lang='lat' dir='ltr'>tota</span> <span class='ocrx_word' id='word_1_406' title='bbox 1782 2717 1934 2752; x_wconf 83' lang='lat' dir='ltr'>natura</span> <span class='ocrx_word' id='word_1_407' title='bbox 1954 2722 2052 2750; x_wconf 86' lang='lat' dir='ltr'>con-</span> 
     </span>
     <span class='ocr_line' id='line_1_60' title="bbox 1179 2772 2053 2829; baseline -0.008 -11"><span class='ocrx_word' id='word_1_408' title='bbox 1179 2778 1437 2828; x_wconf 87' lang='lat' dir='ltr'>tremuisset‚</span> <span class='ocrx_word' id='word_1_409' title='bbox 1468 2777 1643 2829; x_wconf 85' lang='lat' dir='ltr'>ipsaque</span> <span class='ocrx_word' id='word_1_410' title='bbox 1674 2776 1885 2815; x_wconf 84' lang='lat' dir='ltr'>elementa</span> <span class='ocrx_word' id='word_1_411' title='bbox 1916 2772 2053 2824; x_wconf 87' lang='lat' dir='ltr'>rupis-</span> 
     </span>
     <span class='ocr_line' id='line_1_61' title="bbox 1179 2837 2055 2882; baseline -0.007 -1"><span class='ocrx_word' id='word_1_412' title='bbox 1179 2847 1273 2882; x_wconf 88' lang='lat' dir='ltr'>sent</span> <span class='ocrx_word' id='word_1_413' title='bbox 1291 2841 1419 2880; x_wconf 85' lang='lat' dir='ltr'>fidem</span> <span class='ocrx_word' id='word_1_414' title='bbox 1439 2841 1582 2880; x_wconf 85' lang='lat' dir='ltr'>datam</span> <span class='ocrx_word' id='word_1_415' title='bbox 1599 2840 1652 2879; x_wconf 90' lang='lat' dir='ltr'>de</span> <span class='ocrx_word' id='word_1_416' title='bbox 1673 2837 1879 2878; x_wconf 84' lang='lat' dir='ltr'>servanda</span> <span class='ocrx_word' id='word_1_417' title='bbox 1896 2837 1970 2875; x_wconf 87' lang='lat' dir='ltr'>illa</span> <span class='ocrx_word' id='word_1_418' title='bbox 1984 2847 2055 2875; x_wconf 86' lang='lat' dir='ltr'>ve-</span> 
     </span>
    </p>
   </div>
   <div class='ocr_carea' id='block_1_11' title="bbox 1180 2904 2064 3391">
    <p class='ocr_par' dir='ltr' id='par_1_21' title="bbox 1180 2904 1534 2945">
     <span class='ocr_line' id='line_1_62' title="bbox 1180 2904 1534 2945; baseline -0.011 0"><span class='ocrx_word' id='word_1_419' title='bbox 1180 2910 1274 2945; x_wconf 87' lang='lat' dir='ltr'>tere</span> <span class='ocrx_word' id='word_1_420' title='bbox 1292 2904 1534 2944; x_wconf 88' lang='lat' dir='ltr'>concordia.</span> 
     </span>
    </p>

    <p class='ocr_par' dir='ltr' id='par_1_22' title="bbox 1186 2960 2058 3143">
     <span class='ocr_line' id='line_1_63' title="bbox 1242 2960 2057 3014; baseline -0.013 -8"><span class='ocrx_word' id='word_1_421' title='bbox 1242 2967 1408 3006; x_wconf 83' lang='lat' dir='ltr'>Revulso</span> <span class='ocrx_word' id='word_1_422' title='bbox 1444 2963 1615 3014; x_wconf 86' lang='lat' dir='ltr'>carcere]</span> <span class='ocrx_word' id='word_1_423' title='bbox 1653 2960 1843 3002; x_wconf 84' lang='lat' dir='ltr'>Effracto</span> <span class='ocrx_word' id='word_1_424' title='bbox 1868 2960 2057 3006; x_wconf 74' lang='lat' dir='ltr'>Tartaro,</span> 
     </span>
     <span class='ocr_line' id='line_1_64' title="bbox 1187 3021 2058 3081; baseline -0.011 -13"><span class='ocrx_word' id='word_1_425' title='bbox 1187 3029 1260 3081; x_wconf 89' lang='lat' dir='ltr'>qui</span> <span class='ocrx_word' id='word_1_426' title='bbox 1281 3029 1398 3067; x_wconf 85' lang='lat' dir='ltr'>velut</span> <span class='ocrx_word' id='word_1_427' title='bbox 1429 3038 1578 3066; x_wconf 88' lang='lat' dir='ltr'>carcer</span> <span class='ocrx_word' id='word_1_428' title='bbox 1599 3025 1772 3064; x_wconf 82' lang='lat' dir='ltr'>Titanas</span> <span class='ocrx_word' id='word_1_429' title='bbox 1800 3021 1984 3070; x_wconf 69' lang='lat' dir='ltr'>coel-cet,</span> <span class='ocrx_word' id='word_1_430' title='bbox 2013 3023 2058 3058; x_wconf 90' lang='lat' dir='ltr'>et</span> 
     </span>
     <span class='ocr_line' id='line_1_65' title="bbox 1186 3090 1700 3143; baseline -0.01 -13"><span class='ocrx_word' id='word_1_431' title='bbox 1186 3090 1366 3143; x_wconf 87' lang='lat' dir='ltr'>impedit</span> <span class='ocrx_word' id='word_1_432' title='bbox 1388 3101 1439 3128; x_wconf 92' lang='lat' dir='ltr'>ne</span> <span class='ocrx_word' id='word_1_433' title='bbox 1459 3091 1700 3139; x_wconf 86' lang='lat' dir='ltr'>erumpant.</span> 
     </span>
    </p>

    <p class='ocr_par' dir='ltr' id='par_1_23' title="bbox 1191 3143 2064 3391">
     <span class='ocr_line' id='line_1_66' title="bbox 1241 3143 2059 3200; baseline -0.017 -6"><span class='ocrx_word' id='word_1_434' title='bbox 1241 3158 1294 3195; x_wconf 85' lang='grc'>44</span> <span class='ocrx_word' id='word_1_435' title='bbox 1322 3152 1451 3192; x_wconf 82' lang='lat' dir='ltr'>Pubes</span> <span class='ocrx_word' id='word_1_436' title='bbox 1478 3149 1656 3200; x_wconf 80' lang='lat' dir='ltr'>Titania]</span> <span class='ocrx_word' id='word_1_437' title='bbox 1709 3146 1864 3195; x_wconf 84' lang='lat' dir='ltr'>Pubes,</span> <span class='ocrx_word' id='word_1_438' title='bbox 1896 3143 1940 3182; x_wconf 92' lang='lat' dir='ltr'>id</span> <span class='ocrx_word' id='word_1_439' title='bbox 1978 3146 2059 3191; x_wconf 83' lang='lat' dir='ltr'>est,</span> 
     </span>
     <span class='ocr_line' id='line_1_67' title="bbox 1191 3203 2062 3268; baseline -0.02 -11"><span class='ocrx_word' id='word_1_440' title='bbox 1191 3216 1318 3257; x_wconf 87' lang='lat' dir='ltr'>turba</span> <span class='ocrx_word' id='word_1_441' title='bbox 1338 3216 1556 3268; x_wconf 84' lang='lat' dir='ltr'>juvenum.</span> <span class='ocrx_word' id='word_1_442' title='bbox 1616 3212 1803 3257; x_wconf 85' lang='lat' dir='ltr'>Titanes,</span> <span class='ocrx_word' id='word_1_443' title='bbox 1832 3203 2062 3245; x_wconf 81' lang='lat' dir='ltr'>secundum</span> 
     </span>
     <span class='ocr_line' id='line_1_68' title="bbox 1194 3263 2064 3329; baseline -0.02 -9"><span class='ocrx_word' id='word_1_444' title='bbox 1194 3279 1447 3329; x_wconf 88' lang='lat' dir='ltr'>Diodorum,</span> <span class='ocrx_word' id='word_1_445' title='bbox 1485 3289 1538 3315; x_wconf 83' lang='lat' dir='ltr'>ex</span> <span class='ocrx_word' id='word_1_446' title='bbox 1576 3273 1692 3314; x_wconf 89' lang='lat' dir='ltr'>Coelo</span> <span class='ocrx_word' id='word_1_447' title='bbox 1741 3275 1785 3308; x_wconf 85' lang='lat' dir='ltr'>et</span> <span class='ocrx_word' id='word_1_448' title='bbox 1818 3268 1941 3307; x_wconf 85' lang='lat' dir='ltr'>Titea</span> <span class='ocrx_word' id='word_1_449' title='bbox 1974 3263 2064 3304; x_wconf 82' lang='lat' dir='ltr'>nati</span> 
     </span>
     <span class='ocr_line' id='line_1_69' title="bbox 1191 3328 2063 3391; baseline -0.021 -10"><span class='ocrx_word' id='word_1_450' title='bbox 1191 3347 1306 3391; x_wconf 85' lang='lat' dir='ltr'>sunt,</span> <span class='ocrx_word' id='word_1_451' title='bbox 1322 3345 1368 3380; x_wconf 91' lang='lat' dir='ltr'>et</span> <span class='ocrx_word' id='word_1_452' title='bbox 1386 3352 1411 3379; x_wconf 90' lang='lat' dir='ltr'>a</span> <span class='ocrx_word' id='word_1_453' title='bbox 1429 3334 1637 3378; x_wconf 85' lang='lat' dir='ltr'>communi</span> <span class='ocrx_word' id='word_1_454' title='bbox 1655 3337 1790 3371; x_wconf 84' lang='lat' dir='ltr'>matre</span> <span class='ocrx_word' id='word_1_455' title='bbox 1803 3328 1976 3367; x_wconf 78' lang='lat' dir='ltr'>Titanes</span> <span class='ocrx_word' id='word_1_456' title='bbox 1991 3337 2063 3377; x_wconf 83' lang='lat' dir='ltr'>ap-</span> 
     </span>
    </p>
   </div>
   <div class='ocr_carea' id='block_1_12' title="bbox 1191 3392 2070 3459">
    <p class='ocr_par' dir='ltr' id='par_1_24' title="bbox 1191 3392 2070 3459">
     <span class='ocr_line' id='line_1_70' title="bbox 1191 3392 2070 3459; baseline -0.023 -10"><span class='ocrx_word' id='word_1_457' title='bbox 1191 3406 1355 3459; x_wconf 78' lang='lat' dir='ltr'>pellati.</span> <span class='ocrx_word' id='word_1_458' title='bbox 1372 3403 1433 3447; x_wconf 89' lang='lat' dir='ltr'>Hi</span> <span class='ocrx_word' id='word_1_459' title='bbox 1442 3403 1669 3445; x_wconf 82' lang='lat' dir='ltr'>Saturnum</span> <span class='ocrx_word' id='word_1_460' title='bbox 1680 3396 1791 3438; x_wconf 88' lang='lat' dir='ltr'>bello</span> <span class='ocrx_word' id='word_1_461' title='bbox 1802 3392 2070 3441; x_wconf 74' lang='lat' dir='ltr'>infestatam,</span> 
     </span>
    </p>
   </div>
  </div>
 </body>
</html>
