2300 3906
595 173 654 211 IN
703 173 769 211 ιι.
811 173 985 212 coNS.
1023 172 1293 212 s‘rlmcn.
1338 171 1454 211 ma.
1828 159 1935 213 683

119 289 332 355 Matri8‚
360 305 471 342 non
498 291 754 356 dominae,
784 291 892 341 ritu
920 307 932 342 ε
973 291 1236 360 civesque
1262 291 1504 353 vocavit,

113 373 274 438 Quos
302 374 530 437 domuit,
557 389 817 440 nexuque
843 375 938 440 pio
963 376 1264 444 longinqua
1289 376 1543 428 revinxit.

117 457 306 527 Hujus
331 455 587 524 pacificis
615 455 880 507 debemus
904 458 1151 510 moribus
1178 474 1395 521 omneS,

116 542 283 606 Quod
310 541 478 593 veluti
504 540 700 608 patriis
727 542 1040 607 regionibus
1065 542 1233 593 utitur
1254 542 1461 608 hospes
1482 559 1496 594 t
1837 540 1943 592 155

115 624 282 688 Quod
307 624 491 676 sedem
514 629 724 676 mutare
745 625 906 678 licet:
945 625 1091 693 quod
1116 641 1330 677 cernere
1357 625 1572 676 Thulen

114 710 321 771 LusuS,
349 713 402 760 et
426 708 731 760 horrendos
758 709 1035 777 quondam
1059 713 1343 776 penetrare
1369 723 1655 760 recessus:

115 791 284 856 Quod
311 793 552 844 bibimus
580 794 794 861 passim
821 793 1172 856 Rhodanum,
1199 797 1455 862 potamus
1483 791 1771 844 Orontem:

116 875 285 940 Quod
312 880 493 930 cuncti
519 895 654 944 gens
682 895 789 931 una
816 894 1023 930 sumus.
1101 877 1224 931 Nec
1251 879 1509 929 terminus
1532 891 1775 946 unquam

116 961 388 1013 Romanae
415 961 642 1014 ditionis
666 964 795 1015 erit:
832 980 960 1015 nam
986 967 1170 1015 cetera
1194 978 1360 1030 regna
1833 959 1940 1013 160

115 1045 394 1096 Luxuries
419 1046 589 1109 vitiis,
616 1046 874 1114 odiisque
902 1047 1167 1114 superbia
1191 1047 1368 1099 vertit.

113 1128 208 1181 Sic
232 1130 378 1181 male
407 1130 670 1182 sublimes
694 1129 853 1197 fregi-t
878 1130 1190 1199 Spartanus
1213 1128 1498 1183 Athenas:

117 1211 305 1282 Atque
331 1213 476 1265 idem
498 1212 708 1266 Thebis
735 1213 959 1266 cecidit.
1038 1215 1134 1266 Sic
1163 1213 1370 1279 Medus
1397 1214 1599 1266 ademit

113 1389 327 1435 communi5
352 1393 391 1429 et
409 1390 618 1442 appellarit
637 1403 709 1430 eos
727 1391 844 1442 cives,
876 1404 970 1443 quos
982 1391 1154 1443 subegit,
1181 1394 1220 1431 et
1239 1389 1442 1440 colligavit
1458 1393 1609 1440 gentes
1624 1392 1791 1429 remotas
1807 1389 1947 1430 cinctis

93 1443 202 1494 ·piis.
259 1442 348 1482 Nos
367 1455 496 1484 omnes
512 1443 690 1485 debemus
711 1445 823 1494 hujus
851 1446 955 1485 curis
972 1446 1013 1485 in
1025 1457 1135 1498 pace,
1161 1446 1261 1496 quod
1278 1444 1433 1484 externi
1442 1442 1637 1492 fruuntur
1643 1442 1796 1496 finibus
1813 1443 1945 1483 omni-

116 1496 191 1535 bus
209 1499 392 1548 tanquam
410 1497 541 1549 patria
561 1510 663 1537 sua:
694 1500 795 1550 quod
814 1498 886 1547 fas
915 1503 973 1539 est
999 1503 1226 1551 permutare
1257 1497 1496 1537 domicilium
1511 1510 1524 1536 .-
1551 1499 1648 1548 quod
1669 1497 1782 1536 ludus
1800 1501 1866 1536 est
1885 1497 1944 1536 vi-

113 1550 205 1588 dere
236 1550 464 1599 telonarium,
502 1555 541 1590 et
573 1551 730 1601 ingredi
762 1552 934 1592 latebras
979 1553 1071 1592 olim
1097 1551 1315 1591 terribiles:
1344 1552 1443 1601 quod
1473 1552 1589 1600 vulgo
1617 1555 1796 1601 potamus
1813 1562 1945 1602 aquas

117 1602 313 1653 Rhodani,
336 1607 516 1654 potamus
534 1616 664 1656 aquas
690 1605 870 1655 Orontis,
897 1607 996 1657 quod
1014 1617 1143 1645 omnes
1159 1615 1290 1644 sumus
1303 1608 1469 1643 tantum
1481 1605 1644 1655 populus
1662 1615 1773 1643 unus.
1812 1605 1944 1655 Neque

114 1655 204 1695 anis
238 1668 406 1707 unquam
440 1657 519 1696 erit
547 1658 711 1709 Imperii
745 1659 942 1698 Romani.-
969 1659 1113 1699 etenim
1142 1658 1259 1697 luxus
1290 1655 1483 1696 defluens
1503 1656 1627 1706 vitiis,
1646 1661 1684 1695 et
1703 1655 1864 1695 ambitio
1884 1656 1946 1695 in-

115 1719 244 1748 censa
276 1709 378 1749 odiis
395 1710 674 1750 destruxerunt
692 1711 771 1750 alia
801 1712 977 1763 imperia.
1035 1713 1102 1751 Ita
1130 1710 1415 1751 Lacedoemouii
1445 1714 1667 1750 everterunt
1700 1710 1877 1749 Athenas
1904 1721 1946 1748 se

114 1760 321 1813 efferentes
356 1763 592 1814 improvide:
632 1768 671 1804 et
704 1765 823 1804 iidem
856 1764 1167 1806 Lacedaemonii
1202 1763 1298 1804 victi
1325 1768 1416 1803 sunt
1440 1776 1465 1803 a
1488 1762 1694 1803 Thebanis.
1751 1762 1817 1802 Ita
1832 1762 1945 1802 Medi

882 1858 1048 1874 «91010οό
1055 1858 1147 1873 ‘660
1154 1858 1176 1872 O

117 1934 183 1974 pr.
225 1920 373 1962 revixit
410 1921 530 1962 Leid.
566 1934 653 1962 sec.
697 1924 850 1963 revexit
886 1924 989 1965 Jun.
1026 1935 1090 1975 pr.
1131 1923 1284 1963 revexit
1320 1923 1387 1963 vel
1420 1922 1598 1962 revinxit
1633 1921 1778 1962 Oxon.
1804 1932 1947 1961 sec.—

119 1978 195 2016 154
227 1975 347 2025 Cuius
359 1975 523 2015 Mazar.
571 1976 713 2026 spatiis
729 1978 832 2018 Var.
854 1977 944 2018 LL.
963 1989 986 2015 e
1005 1988 1138 2027 marg.
1154 1977 1435 2015 Parm.—l56
1462 1976 1556 2015 tibet
1573 1974 1736 2015 Thuan.
1776 1977 1947 2014 cerneret

115 2030 246 2080 hylem
260 2030 362 2069 Vat.
384 2041 449 2080 pr.
497 2029 633 2069 Thiten
655 2036 742 2070 tres
761 2031 880 2070 Vatt.
903 2031 1053 2069 Petav.
1074 2042 1158 2069 sec.
1209 2030 1341 2081 Tylem
1361 2030 1470 2080 Reg.
1501 2029 1665 2068 Mazar.
1686 2027 1838 2066 Petav.
1860 2038 1947 2066 sec.

119 2082 277 2122 Thulen:
310 2083 503 2123 Florent.
538 2089 724 2135 quatuor
759 2084 879 2123 Med.
913 2084 995 2123 inc.
1036 2082 1188 2122 Heius.
1236 2082 1386 2122 Thilem
1423 2082 1526 2121 Lov.
1558 2082 1825 2121 Moret.sec.
1846 2080 1950 2120 Put.

116 2135 447 2176 Thuan.Petav.
470 2140 707 2177 tem—15⁷
736 2137 865 2177 Lusus
890 2138 992 2176 Vat.
1031 2147 1096 2188 pr.
1124 2136 1245 2176 Rott.
1282 2141 1366 2176 vet.
1396 2134 1503 2186 Gyr.
1539 2136 1646 2178 Exci
1672 2135 1852 2174 Lucens.
1881 2144 1948 2185 pr.

118 2188 272 2229 Rursus
307 2195 489 2243 quatuor
518 2191 640 2231 Vatt.
681 2191 772 2231 Pal.
805 2191 932 2231 Farn.
967 2189 1084 2229 Prie.
1120 2189 1254 2229 Oisei.
1291 2188 1451 2228 hostiles
1468 2187 1619 2229 Ambr.
1641 2200 1705 2239 pr.
1748 2186 1950 2227 tenebrare

117 2241 238 2282 Rott.
257 2242 453 2283 terebrare
469 2243 587 2284 Med.
602 2256 686 2284 sec.
719 2255 895 2284 recursus
912 2244 939 2285 J
945 2256 1013 2283 un.
1035 2254 1097 2292 pr.
1118 2243 1278 2283 Moret.
1298 2254 1384 2282 sec.
1402 2254 1457 2282 m.
1478 2254 1543 2293 pr.
1564 2253 1731 2281 recessus
1741 2241 1807 2279 vel
1821 2252 1951 2279 recur-

118 2308 180 2338 sus
197 2297 339 2337 Oxon.
358 2301 577 2337 sec.—158
607 2298 839 2337 Rhodanum
852 2296 999 2348 passim
1019 2296 1138 2336 Prie.
1189 2295 1339 2336 Phasin
1370 2296 1469 2335 vat.
1489 2295 1626 2346 quint.
1674 2293 1835 2332 Phasim
1854 2293 1951 2332 Mo·

117 2354 199 2390 ret.
232 2361 296 2401 pr.
332 2364 387 2389 m.
425 2354 629 2402 pr.-—159
659 2351 788 2396 Quam
817 2351 946 2390 cuncti
986 2351 1086 2389 Put.
1132 2361 1196 2388 res
1233 2348 1300 2388 ed.
1334 2348 1475 2387 vicet.
1517 2347 1605 2398 quis
1623 2347 1809 2385 terminus
1827 2344 1947 2384 Med.

119 2407 394 2453 quarn-160
422 2408 506 2443 erat
525 2403 646 2442 Leid.
668 2416 732 2454 pr.
750 2416 807 2442 m.
828 2406 1029 2454 pin—162
1057 2401 1234 2441 sublimis
1251 2401 1367 2440 Prie.
1412 2401 1531 2439 vertit
1558 2399 1642 2438 duo
1655 2399 1775 2437 Vatt.
1794 2398 1948 2437 Petav.

120 2466 184 2506 pr.
204 2460 250 2495 et
266 2455 414 2495 Ambr.
435 2459 638 2507 pr.-163
666 2456 790 2496 isdem
805 2457 994 2496 Florent.
1042 2454 1183 2495 Thebae
1201 2453 1322 2494 Med.
1343 2458 1482 2506 quart.
1525 2453 1592 2492 sed
1622 2452 1767 2492 Medus
1782 2450 1949 2491 Thalos

938 2560 1120 2602 NOTAE

118 2653 211 2692 nos,
240 2653 290 2681 ac
324 2641 450 2682 simul
485 2641 678 2682 devinxit
709 2642 822 2682 omni
857 2642 999 2683 studio
1068 2647 1278 2683 terrarum
1307 2645 1407 2681 sunt
1443 2639 1563 2680 velut
1601 2639 1784 2690 populus
1828 2625 1936 2678 unus

120 2704 295 2757 pietatis
332 2711 377 2744 et
413 2705 670 2746 clementiae.
728 2706 843 2746 Hinc
881 2707 1002 2746 Ruti·
1122 2706 1207 2746 Nec
1226 2703 1435 2755 terminus]
1480 2702 1686 2754 Virgilius
1720 2701 1774 2741 de
1805 2700 1948 2742 Jove:

119 2768 198 2808 lius
235 2768 290 2808 de
324 2769 484 2810 Roma:
517 2769 528 2791 ‘
550 2768 711 2808 Fecisti
733 2769 913 2819 patriam
939 2768 1001 2808 di·
1068 2768 1330 2819 ‘Imperium
1350 2767 1439 2806 sine
1467 2765 1552 2805 fine
1585 2763 1684 2804 dedi
1707 2762 1734 2803 :'
1756 2762 1805 2802 id
1834 2762 1948 2803 enim

118 2831 248 2872 versis
264 2832 464 2884 gentibus
486 2844 609 2871 unam
627 2845 639 2881 ;
672 2830 840 2872 Profuit
871 2831 1000 2884 injus·
1069 2831 1248 2873 Romani
1268 2830 1522 2882 praedictum
1542 2841 1635 2867 esse
1657 2826 1855 2878 aSihylla
1874 2838 1950 2878 pu·

121 2893 192 2946 tis,
209 2899 254 2935 te
273 2895 540 2944 dominante,
560 2894 686 2947 capi!
1069 2894 1236 2945 tabant,
1254 2893 1489 2945 Imperium
1519 2891 1686 2931 scilicet
1713 2889 1948 2930 Romanum

175 2960 252 2998 15⁷
281 2957 529 3010 Horrendus]
565 2958 764 2997 Isiandiae
797 2970 872 2997 seu
891 2957 1001 2998 Thu-
1069 2963 1279 2999 aeternum
1301 2956 1408 2996 fore.

121 3020 182 3061 les
202 3032 391 3062 recessus
417 3021 649 3062 horrendos
669 3021 723 3062 ob
745 3020 1002 3073 barbariem,
1124 3025 1199 3062 161
1230 3020 1442 3073 Luxuries]
1456 3019 1583 3059 Silius
1596 3018 1797 3058 Itaiicns:
1814 3017 1826 3038 ‘
1840 3015 1949 3056 Inde

39 3094 41 3100 ’
123 3094 248 3136 quam
265 3086 432 3136 expulit
454 3080 611 3125 Roma.'
1069 3085 1213 3139 aspice
1231 3086 1319 3126 late
1339 3083 1563 3123 Florentes
1582 3079 1790 3134 quondam
1824 3080 1950 3119 luxus

177 3150 255 3199 15.ss
285 3147 491 3198 Orontem]
520 3147 695 3188 Fluvius
728 3153 812 3198 est,
838 3148 910 3201 qui
943 3148 1002 3187 al·
1069 3160 1173 3200 quas
1214 3145 1395 3186 verterit
1426 3143 1580 3184 urbes.’
1633 3142 1785 3182 Varias
1809 3142 1948 3193 Impe-

123 3207 205 3248 luit
218 3207 546 3255 ,Antiochiamin
559 3210 803 3263 Syriazper
816 3210 1002 3251 huncin-
1070 3210 1227 3250 riorum
1255 3208 1533 3248 mutationes
1571 3211 1701 3259 atque
1738 3202 1949 3244 conversi·-

126 3270 272 3322 tellige
290 3272 564 3326 Coelesyriam
600 3273 868 3328 Syriamque,
895 3287 1000 3328 quas
1069 3285 1172 3312 ones
1194 3271 1454 3312 Claudianus
1473 3269 1702 3321 pen-unit.

46 3378 48 3385 s
127 3333 266 3374 alluits
1125 3339 1202 3376 168
1232 3333 1746 3384 ThebisceciditJSpartam
1758 3310 1950 3370 destruxi·

133 3412 141 3419 >
180 3401 261 3438 159
290 3396 449 3449 Cuncti]
494 3396 621 3441 Quod
663 3401 812 3454 populi
855 3410 1003 3442 omnes
1069 3403 1198 3440 erunt
1223 3396 1434 3449 Thebani,
1461 3394 1536 3436 sed
1570 3392 1750 3434 avaritia
1765 3396 1811 3430 et
1829 3387 1948 3429 vitiis
