2300 3906
574 216 864 262 serrum„
907 223 1173 265 PALLAD.
1215 225 1291 264 Εἰ·
1329 227 1552 269 CELER.
1859 214 1966 270 881

157 334 420 387 Praefecit
447 334 727 391 thalamis:
763 339 975 391 nullum
991 340 1245 408 junxisse
1271 344 1454 396 cubile

150 417 291 470 -Hoc
316 420 450 481 sine,
476 436 577 472 nec
600 421 806 487 primas
830 423 915 475 fas
936 428 1021 476 est
1044 427 1291 479 attollere
1317 428 1509 481 taedas.

157 500 510 568 Conspicitur
532 503 751 555 tandem
775 522 787 557 :
826 508 1049 575 platano
1072 525 1309 577 namque
1332 511 1422 563 ille
1443 512 1544 564 sub
1569 511 1686 566 alta

158 583 345 636 Fusus
371 586 669 652 inaequales
695 604 823 642 cera
848 592 1072 644 texebat
1097 608 1326 657 avenae,
1897 597 1970 651 35

159 667 568 736 Moenaliosque
593 673 808 736 modOS‚
833 681 887 727 et
910 676 1214 743 pastoralia
1230 676 1402 729 labris

160 752 444 804 Murmura
466 758 710 810 tentabat
731 759 995 825 relegenS,
1022 760 1243 827 orisque
1266 776 1493 813 recursu

162 836 434 889 Dissimili
460 841 678 892 tenuem
702 843 959 910 variabat
983 843 1246 895 arundine
1270 848 1508 898 ventum.

159 919 402 983 Restitit,
427 927 489 972 ut
512 923 652 975 vidit
675 923 960 989 Venerem,
986 926 1277 994 digitisque
1300 928 1549 1002 remissis

159 1001 251 1055 Ad
276 1009 473 1056 terram
498 1007 664 1058 tacito
689 1007 920 1059 defluxit
941 1010 1122 1061 fistula
1145 1010 1330 1077 lapsu.
1900 1015 1973 1068 40

163 1086 340 1140 Dulce
364 1088 566 1141 micant
591 1092 771 1144 oculi:
808 1094 1000 1145 niveas
1024 1093 1286 1148 infecerat
1310 1096 1424 1162 igni

161 1172 364 1240 Solque
389 1172 678 1242 pudorque
706 1192 906 1242 genas:
947 1177 1171 1229 dubiam
1194 1180 1465 1246 lanuginis
1489 1182 1739 1234 umbram

162 1254 435 1308 Caesaries
459 1257 677 1310 intonsa
701 1261 850 1325 tegit.
927 1259 1086 1312 Prior
1108 1260 1236 1328 ipsa
1261 1262 1505 1315 silentem

163 1419 351 1472 Calliope,
369 1424 408 1459 et
435 1423 647 1472 praeposuit
668 1422 784 1462 illum
812 1422 1017 1474 praesidem
1035 1423 1272 1475 nuptiarum.
1331 1425 1421 1463 Non
1449 1424 1540 1464 licet
1572 1424 1709 1476 absque
1740 1425 1810 1465 hoc
1836 1426 1980 1469 vincire

161 1473 258 1513 ullos
273 1486 443 1524 sponsos,
462 1487 581 1525 neque
599 1475 739 1526 efferre
748 1475 863 1524 faces
877 1477 1038 1526 primas.
1099 1478 1268 1516 Tandem
1293 1475 1472 1518 videtur.-
1501 1479 1639 1517 etenim
1667 1479 1732 1518 ille
1759 1478 1898 1518 cubans
1912 1481 1980 1520 sub

158 1527 321 1578 platano
339 1529 490 1565 excelsa
506 1527 702 1577 jungebat
735 1540 831 1568 cum
860 1541 948 1568 cera
976 1530 1140 1568 calamos
1167 1530 1388 1579 dissimiles,
1406 1535 1444 1569 et
1462 1533 1630 1570 recolens
1646 1532 1855 1571 conabatur
1871 1534 1981 1572 edere

163 1578 277 1618 labiis
294 1580 506 1619 cantilenas
526 1580 734 1620 Moenalias
752 1586 791 1621 et
817 1592 928 1620 sonos
950 1583 1178 1632 pastorales,
1208 1587 1247 1621 et
1275 1595 1339 1620 ore
1365 1588 1587 1622 recurrente
1614 1584 1787 1623 mutabat
1818 1585 1861 1623 in
1881 1585 1982 1625 tibia

160 1631 307 1682 gracili
336 1635 491 1671 ventum
523 1633 767 1684 inaequalem.
823 1634 1083 1686 Hymenaeus
1117 1636 1243 1683 stetit,
1274 1636 1410 1674 statim
1446 1639 1561 1686 atque
1595 1637 1748 1687 aspexit
1785 1638 1981 1687 Venerem,

68 1683 77 1687 χ
165 1688 205 1723 et
238 1684 379 1735 digitis
411 1686 616 1736 relaxatis,
643 1686 743 1727 tibia
772 1687 912 1727 cecidit
944 1689 995 1727 ad
1022 1692 1166 1727 terram
1185 1700 1273 1732 casu
1291 1688 1421 1727 molli.-
1447 1689 1546 1727 oculi
1565 1689 1656 1741 ejus
1676 1690 1800 1729 nitent
1821 1690 1981 1731 leniter:

164 1737 234 1781 Sol
265 1742 301 1776 et
318 1739 562 1778 verecundia
596 1739 860 1787 rubffecerant
882 1741 1047 1792 flamma
1075 1753 1197 1790 genas
1223 1741 1317 1792 ejus
1345 1743 1552 1781 candidas.-
1578 1754 1695 1781 comoe
1713 1742 1872 1781 intonsoe
1897 1756 1983 1794 ope·

163 1790 273 1830 riunt
311 1791 486 1831 umbram
522 1796 674 1832 tenuem
710 1793 838 1833 barbae
870 1794 1031 1845 primae.
1095 1794 1189 1845 Ipsa
1224 1794 1367 1834 Venus
1400 1794 1529 1845 prima
1558 1796 1765 1846 alloquitur
1793 1799 1983 1836 tacentem

930 1905 1192 1921 OOOO‘O'O‘OO
1198 1906 1221 1921 O

165 1978 537 2019 numeris...Amoris
552 1979 730 2030 Raphel.
752 1991 804 2018 ex
825 1979 1042 2031 conj.—32
1070 1981 1188 2019 nullis
1204 1981 1302 2020 Vat.
1324 1991 1388 2030 pr.
1413 1980 1565 2020 Sched.
1583 1980 1694 2020 Gud.
1711 1981 1866 2029 Juxisse
1883 1982 1986 2022 Vat-

162 2038 268 2072 ·tert.
295 2032 440 2071 vixisse
459 2033 580 2071 Med.
603 2038 702 2072 tert.
722 2034 788 2071 ed.
808 2033 952 2071 Parm.
987 2033 1172 2084 punxisse
1192 2034 1283 2072 Pal.
1300 2033 1480 2081 junxisse
1497 2035 1578 2072 duo
1594 2034 1713 2072 Med.
1733 2034 1813 2073 inc.
1834 2034 1984 2075 Heins-

160 2085 333 2124 Borion.
352 2085 436 2123 duo
455 2084 603 2125 Ambr.
619 2086 779 2125 Moret.
801 2097 865 2136 pr.
884 2086 1026 2125 Oxon.
1051 2097 1137 2126 sec.
1158 2091 1244 2126 vet.
1264 2086 1373 2136 Gyr.
1391 2087 1491 2126 Vat.
1520 2086 1658 2125 Livin.
1686 2086 1851 2125 Buslid.
1880 2087 1985 2126 Cod.

164 2137 313 2189 Epigr.
335 2136 482 2177 Ambr.
504 2138 589 2177 duo
610 2139 758 2178 Petav.
780 2139 885 2179 Exc.
914 2138 1011 2178 Pat.
1045 2151 1132 2178 rec.
1170 2139 1350 2176 Lucens.
1379 2150 1441 2189 pr.
1459 2138 1611 2177 Sched.
1632 2138 1853 2177 Gud.—34
1881 2151 1987 2178 nam-

167 2203 238 2242 que
253 2191 321 2230 illa
340 2191 438 2231 Vat.
455 2194 702 2243 quart.--35
734 2192 888 2230 Doctus
907 2203 984 2242 pro
1005 2191 1133 2231 Fusus
1151 2191 1314 2230 Buslid.
1360 2195 1466 2230 certa
1483 2203 1559 2242 pro
1583 2203 1670 2230 cera
1688 2192 1786 2231 Vat.
1809 2204 1872 2242 pr.
1919 2192 1987 2231 ha-

164 2244 284 2283 benas
303 2245 366 2282 vel
386 2257 527 2283 avenas
545 2245 651 2285 Exc.
673 2245 853 2283 Lucens.
874 2247 1049 2295 pr.-—-36
1077 2244 1199 2282 labris
1233 2244 1315 2282 duo
1342 2245 1459 2283 Vatt.
1485 2243 1633 2283 Ambr.
1667 2256 1731 2294 pr.
1774 2244 1885 2282 libris
1905 2244 1989 2284 duo

167 2298 288 2336 Vatt.
322 2297 417 2335 Pal.
438 2296 556 2336 Med.
577 2309 641 2347 pr.
663 2296 743 2335 inc.
762 2297 914 2336 Heius.
948 2298 1043 2335 Put.
1077 2297 1159 2335 duo
1179 2296 1333 2335 Petav.
1368 2296 1530 2335 Bonou.
1549 2296 1712 2335 Buslid.
1734 2296 1873 2335 Oxou.
1901 2309 1987 2337 see.

167 2349 273 2390 Cod.
296 2349 436 2388 Ursin.
464 2349 570 2390 Cod.
603 2349 748 2400 Epigr.
781 2347 929 2387 Ambr.
960 2349 1064 2388 Exc.
1096 2349 1275 2388 Lucens.
1306 2352 1482 2399 pr.—38
1511 2348 1707 2388 Dissimili
1729 2351 1880 2387 tenuem
1896 2354 1986 2388 tres

166 2403 397 2443 witmau.
423 2403 543 2442 Rott.
584 2401 824 2441 Dissimilem
843 2401 950 2442 tenui
969 2401 1069 2441 vat.
1091 2413 1154 2450 pr.
1176 2400 1322 2440 Ambr.
1340 2413 1403 2450 pr.
1420 2401 1520 2440 Vat.
1542 2401 1678 2441 Livin.
1698 2400 1846 2439 Sched.
1870 2401 1985 2442 Gud.

167 2455 356 2495 narrabat
386 2465 463 2505 pro
489 2454 667 2493 variabat
701 2454 855 2493 PetaV.
888 2457 1061 2504 pr.-—40
1089 2455 1123 2492 A
1146 2457 1253 2492 terra
1271 2453 1363 2492 Pal.
1382 2453 1501 2492 Med.
1519 2465 1582 2504 pr.
1626 2453 1850 2504 subito-pro
1865 2454 1985 2493 tacito

169 2509 324 2550 Petav.
343 2519 410 2559 pr.
454 2506 616 2558 deflexit
649 2507 840 2546 Florent.
874 2507 1033 2546 Moret.
1066 2519 1128 2556 pr.
1167 2507 1278 2558 flatu
1306 2517 1383 2558 pro
1415 2507 1524 2558 lapsu
1542 2506 1641 2545 vat.
1663 2518 1727 2556 pr.
1748 2505 1897 2545 Ambr.
1918 2518 1988 2558 pr.

169 2563 279 2613 lapsu
293 2561 361 2600 vel
380 2572 497 2599 cornu
514 2561 739 2599 Roth—41
769 2559 971 2599 interserit
1000 2561 1105 2598 Exc.
1138 2560 1318 2598 Lucens.
1352 2569 1417 2609 pr.
1462 2559 1554 2609 igne
1588 2563 1674 2597 tres
1697 2560 1817 2598 Vatt.
1836 2560 1988 2599 Petav.

171 2626 236 2668 pr.
260 2615 422 2653 Bonon.
441 2612 590 2653 Ambr.
612 2624 676 2664 pr.
694 2612 854 2652 Moret.
881 2625 943 2664 pr.
965 2612 1104 2652 Oxou.
1126 2615 1314 2652 seca-42
1342 2611 1713 2662 dubiaque...umbra
1730 2613 1830 2651 Vat.
1851 2618 1991 2664 quart.

170 2667 307 2707 umbra
327 2667 424 2707 Vat.
445 2669 616 2719 ιιι-43
648 2666 826 2705 Canicies
845 2676 922 2717 pro
944 2666 1134 2704 Caesaries
1162 2665 1320 2704 Moret.
1350 2676 1415 2716 pr.
1456 2665 1540 2717 ipse
1565 2665 1664 2704 Vat.
1694 2671 1832 2718 quart.
1849 2666 1990 2706 Oxou.

991 2775 1029 2815 N
1037 2773 1165 2816 OTAE

224 2884 278 2922 32
309 2880 462 2932 Cubile]
488 2881 675 2932 Sponsos
704 2881 777 2934 qui
801 2881 959 2920 suntin
978 2891 1049 2919 cu-
1117 2878 1285 2918 tubulos
1317 2877 1416 2918 olim
1451 2878 1706 2929 simpliciter
1730 2877 1992 2931 jungebant,

171 2942 278 2983 biti:
318 2949 363 2982 et
395 2949 460 2982 est
481 2943 705 2983 continens
734 2954 812 2994 pro
831 2947 1052 2992 contento,
1116 2940 1178 2979 ita
1208 2946 1256 2979 ut
1289 2942 1429 2991 parvis
1459 2941 1741 2981 succederent
1767 2940 1992 2992 longiores.

172 3006 506 3058 Metonymicczs.
1116 3001 1199 3041 Ast
1219 3002 1343 3042 hodie
1373 3015 1478 3042 unas
1504 3003 1665 3043 fistulas
1683 3003 1863 3043 diversis
1881 3001 1995 3041 forr.-

226 3072 278 3109 88
311 3069 464 3119 Taedas]
508 3069 644 3108 Elatis
679 3067 843 3108 facibus
878 3068 919 3107 in
952 3079 1050 3107 con-
1115 3064 1299 3104 minibus
1320 3067 1615 3116 compingunt.

166 3131 330 3184 jugium
351 3132 451 3171 novi
470 3131 590 3182 nupti
611 3130 973 3182 producebantur.
1171 3130 1224 3166 36
1271 3128 1494 3180 Maenalios]
1550 3128 1812 3177 cantilenas,
1847 3127 1992 3178 quales

179 3208 182 3212 ¹
227 3196 281 3233 ⁸4
302 3193 491 3245 Platano]
511 3193 771 3244 Hymenaeus
785 3193 861 3232 sub
881 3192 1052 3243 platano
1119 3190 1213 3229 Pan
1229 3189 1427 3241 princeps
1448 3190 1681 3230 fistularum
1696 3191 1807 3229 canit
1825 3189 1866 3227 in
1886 3188 1995 3227 Mae-

173 3254 371 3296 arborum
405 3254 734 3295 umbriferarum
774 3254 1054 3304 nobilissima,
1121 3253 1219 3292 nalo
1237 3257 1381 3291 monte
1402 3251 1615 3292 Arcadiae.

178 3316 278 3370 quia
297 3317 443 3356 umbra
463 3317 738 3357 delectantur
753 3322 957 3357 amantes.
1175 3318 1228 3355 37
1261 3315 1354 3354 Oris
1370 3314 1546 3364 recursu]
1576 3313 1664 3353 Ore
1684 3315 1930 3352 recurrente
1949 3316 1996 3351 et

232 3382 284 3418 35
315 3378 530 3429 Inoequales
556 3379 717 3431 avenas]
750 3380 946 3420 Calamus
982 3390 1057 3419 seu
1123 3378 1266 3419 varios
1286 3378 1409 3419 tubos
1426 3377 1675 3431 inspirante.

287 3445 430 3497 Delph.
449 3448 487 3486 et
518 3446 608 3487 Var.
624 3446 733 3486 Clas.
1042 3446 1184 3488 Claud.
1793 3443 1819 3480 ⁸
1847 3440 1890 3480 K
