2300 3906
704 253 783 290 na
826 251 1025 290 sunno
1065 251 1286 290 eurico
1324 252 1446 293 mn.
1871 244 1979 298 ’719

167 369 311 434 Quae
338 369 583 421 vindicta
608 370 776 435 prior,
815 386 981 436 quam
1007 388 1132 423 cum
1157 371 1388 424 formido
1414 371 1682 439 superbos

164 454 384 517 Flectit,
411 459 465 504 et
491 456 772 504 assuetum
801 455 995 520 spoliis
1021 455 1211 522 affligit
1237 460 1453 522 egestas
1470 457 1494 506 ‘t

159 536 268 588 Sed
297 538 469 602 magis
494 553 567 587 ex
593 537 718 587 aliis
743 537 901 589 fluxit
928 540 1220 591 clementia
1246 540 1452 602 causiS,
1903 538 1976 597 95

161 619 484 671 Consulitur
509 619 658 681 dum,
695 620 900 684 Roma,
943 623 1062 674 tibi.
1135 620 1258 672 Tua
1282 638 1417 673 cura
1442 620 1623 688 coegit

122 709 129 717 “
160 704 400 756 Inclusis
422 705 635 769 aperire
659 706 865 772 fugam,
891 723 956 758 ne
980 707 1135 774 pejor
1157 708 1214 757 in
1240 709 1389 757 arcto

157 788 391 839 Saeviret
413 787 594 837 rabies
618 793 860 841 venturae
888 789 1116 841 conscia
1140 789 1352 841 mortiS.

157 870 278 922 Nec
305 871 445 921 tanti
471 887 670 923 nomen
701 874 1035 942 stirpemque
1060 875 1278 926 abolere
1302 873 1588 938 Getarum,

157 954 238 1008 Ut
259 958 484 1023 propius
510 963 772 1023 peterere,
811 959 934 1012 fuit.
1011 959 1216 1012 Procul
1241 966 1421 1012 arceat
1453 962 1598 1013 altus

156 1040 390 1107 Jupiter,
417 1046 479 1090 ut
505 1040 730 1092 delubra
756 1042 983 1106 Numae,
1024 1045 1319 1112 sedemque
1347 1044 1568 1108 Quirini

157 1125 454 1176 Barbaries
483 1124 660 1175 oculis
685 1126 889 1177 saltem
913 1132 1174 1180 temerare
1195 1130 1442 1196 profanis

1872 963 1978 1015 100

148 1322 310 1360 parcere
342 1313 502 1364 afflicto,
527 1316 567 1352 et
596 1313 743 1364 species
774 1317 840 1352 est
874 1313 1055 1364 supplicii
1091 1314 1286 1365 aspexisse
1317 1318 1535 1360 rogantem.
1595 1315 1694 1359 Quoe
1725 1314 1823 1354 ultio
1852 1316 1974 1364 major

153 1369 219 1403 est
253 1378 365 1415 quam
399 1379 485 1405 cum
517 1367 636 1405 timor
670 1366 840 1405 dimittit
879 1366 1081 1406 barbaros
1114 1371 1318 1415 tumentes,
1345 1370 1384 1405 et
1422 1379 1517 1406 cum
1548 1372 1758 1418 paupertas
1791 1368 1974 1419 deprimit

152 1417 318 1457 hostem
351 1419 602 1466 assuefactum
621 1418 805 1470 rapinis?
869 1421 927 1459 At
960 1420 1205 1470 indulgentia
1237 1422 1416 1471 provenit
1446 1419 1578 1471 potius
1607 1433 1658 1459 ex
1694 1421 1786 1459 aliis
1813 1421 1977 1460 rationi·

153 1470 235 1516 bna,
262 1473 353 1511 dum
385 1474 613 1522 providetur
644 1473 734 1522 tibi,
763 1486 788 1512 o
823 1473 974 1512 Roma.-
1000 1486 1109 1512 amor
1146 1477 1237 1512 tuus
1271 1474 1429 1524 impulit
1463 1475 1556 1512 dare
1593 1473 1785 1525 effugium
1822 1474 1976 1524 clausis,

152 1535 199 1562 ne
215 1523 336 1571 furor
364 1526 581 1575 proevide-ns
614 1531 777 1565 mortem
813 1526 1096 1577 impendentem
1126 1528 1280 1565 arderet
1310 1527 1514 1566 violentior
1550 1527 1592 1565 in
1627 1527 1838 1576 angustiis.
1895 1527 1977 1566 Ne-

150 1588 222 1626 que
253 1578 323 1615 hoc
354 1577 441 1625 fuit
468 1580 572 1618 tanti
609 1579 829 1627 momenti,
876 1581 1107 1628 extinguere
1138 1592 1273 1619 nomen
1313 1583 1352 1618 et
1398 1585 1554 1628 gentem
1589 1580 1796 1628 Getarum,
1843 1583 1887 1618 ut
1924 1581 1979 1619 la-

152 1631 354 1669 cessereris
378 1632 549 1682 propius.
604 1633 767 1683 Jupiter
799 1634 970 1672 excelsus
1000 1636 1153 1672 avertat
1168 1633 1296 1682 longe,
1322 1637 1365 1671 ut
1394 1632 1591 1671 barbaries
1609 1637 1722 1681 queat
1742 1634 1884 1671 violare
1902 1634 1976 1671 sat-

153 1685 230 1721 tem
263 1684 347 1722 visu
378 1685 497 1736 impio
531 1686 716 1736 templum
736 1686 877 1724 Numoe
899 1685 1098 1736 Pompilii,
1126 1689 1165 1724 et
1201 1685 1442 1725 domicilium
1475 1685 1649 1734 Romuli,
1676 1698 1722 1724 ac
1756 1697 1977 1735 cognoscere

921 1819 1215 1834 eeeeeeeeeeee

152 1920 208 1948 m.
230 1912 401 1958 pr.-—94
436 1910 587 1949 Ftectat
605 1910 746 1950 Oxon.
777 1923 843 1962 pr.
879 1911 1011 1951 Vincit
1040 1911 1134 1950 Pal.
1168 1911 1289 1950 Med.
1320 1923 1386 1962 pr.
1414 1915 1584 1951 assuetos
1621 1912 1701 1950 inc.
1738 1911 1889 1951 Heius.
1915 1924 1979 1950 as-

152 1961 299 2011 tringit
327 1963 434 2012 Reg.
467 1963 614 2014 afflixit
647 1962 797 2004 Ambr.
826 1968 1019 2003 see—95
1057 1963 1173 2012 sugit
1204 1964 1299 2003 Pal.
1336 1964 1457 2011 fulsit
1495 1963 1643 2003 Ambr.
1673 1975 1758 2003 sec.
1786 1964 1979 2003 sententia

152 2014 252 2055 Jun.
281 2028 345 2066 pr.
373 2017 566 2054 dementia
600 2016 752 2056 PetaV.
782 2021 955 2067 pr.—96
983 2029 1069 2055 cum
1105 2018 1209 2056 LoV.
1235 2017 1391 2067 peregit
1420 2017 1584 2056 Moret.
1623 2028 1687 2066 pr.
1718 2029 1774 2055 m.
1805 2018 1978 2066 pru—97

150 2068 255 2107 viam
276 2069 389 2109 Prie.
417 2081 473 2108 m.
505 2081 569 2120 pr.
599 2081 667 2108 nec
684 2070 794 2120 pejor
808 2070 942 2109 Oisel.
963 2070 1122 2108 Moret.
1146 2082 1212 2120 pr.
1240 2070 1392 2108 Petav.
1412 2081 1498 2108 sec.
1523 2069 1635 2119 pejus
1654 2069 1826 2119 legebat
1845 2069 1981 2107 Hein-

150 2120 253 2170 sius,
281 2122 351 2173 qui
391 2122 655 2172 ascripserat
685 2123 778 2162 Lib.
817 2134 847 2162 1.
879 2124 923 2161 in
957 2124 1133 2173 Eutrop.
1163 2125 1254 2161 190.
1283 2123 1295 2143 ‘
1320 2123 1442 2173 pejus
1464 2123 1507 2160 in
1529 2134 1676 2160 anirum
1706 2121 1905 2160 AEstuat.’
1936 2128 1981 2160 et

153 2173 281 2213 Ovid.
310 2176 392 2226 Ep.
413 2186 473 2214 ιν.
506 2175 683 2215 Heroid.
705 2179 770 2215 34.
800 2175 811 2197 ‘
830 2175 959 2227 Pejus
981 2175 1190 2214 adulterio
1211 2175 1348 2226 turpis
1371 2175 1540 2214 adulter
1556 2174 1820 2214 abest.’—98
1850 2174 1983 2213 Servi-

150 2231 212 2266 ret
249 2227 344 2268 Pal.
371 2228 511 2267 nuncia
543 2230 644 2269 Vet.
681 2229 789 2281 Gyr.
820 2229 971 2268 conscia
1004 2229 1085 2267 duo
1109 2228 1260 2268 Leidd.
1291 2233 1335 2268 et
1357 2229 1529 2280 plurimi
1551 2229 1637 2276 alii,
1667 2229 1771 2267 Exc.
1802 2227 1982 2267 Gevart.

150 2280 332 2320 Lucens.
363 2293 430 2332 pr.
456 2282 559 2321 Var.
590 2283 674 2322 LL.
704 2295 727 2322 e
763 2294 893 2334 marg.
922 2282 1067 2321 Parin.
1097 2281 1196 2321 Ald.
1225 2282 1382 2321 Sched.
1413 2282 1661 2321 Gud.—100
1712 2282 1766 2319 Ut
1807 2284 1982 2331 peterere

143 2331 231 2381 fuit
258 2334 421 2386 propius
453 2335 548 2375 Pal.
570 2335 686 2375 Med.
717 2347 781 2386 pr.
807 2340 987 2386 paterere
1010 2334 1132 2374 Leid.
1163 2346 1249 2374 sec.
1278 2348 1331 2374 m.
1362 2346 1427 2385 pr.
1457 2334 1577 2374 Prie.
1606 2335 1710 2374 Jun.
1740 2345 1803 2383 pr.
1831 2337 1980 2371 asserat

154 2386 312 2427 Moret.
341 2400 427 2428 sec.
455 2392 584 2427 arceat
603 2389 708 2428 altus
733 2389 799 2427 vel
835 2389 936 2427 alter
966 2391 1008 2426 at
1037 2388 1138 2427 alter
1165 2388 1266 2427 vat.
1299 2389 1537 2427 tert.—-101
1567 2388 1745 2436 sedesque
1767 2391 1851 2425 vet.
1873 2385 1978 2436 Gyr-

985 2504 1160 2544 NOTAE

207 2601 260 2637 96
291 2597 374 2637 Tua
393 2600 503 2650 cura]
531 2599 645 2639 Cura
671 2599 725 2639 de
752 2603 798 2638 te
825 2601 1034 2648 concepta
1102 2597 1230 2637 stium
1250 2596 1507 2635 inclusorum
1530 2594 1717 2645 erumpit
1737 2594 1977 2634 violentius.

154 2659 302 2711 efficit,
340 2666 386 2700 ut
424 2661 547 2701 Getis
598 2661 924 2713 permitteretur
970 2659 1034 2700 fu·
1158 2664 1235 2700 100
1263 2660 1406 2698 Procul
1423 2657 1572 2707 arceat]
1614 2658 1712 2696 Non
1739 2655 1812 2695 diu
1842 2657 1982 2696 arcuit

154 2723 298 2774 giendi
319 2729 523 2774 potestas,
553 2737 606 2763 ne
626 2725 668 2763 in
690 2723 1034 2774 desperationem
1102 2722 1301 2773 Jupiter:
1332 2733 1414 2760 non
1445 2720 1579 2759 multo
1613 2725 1710 2770 post
1727 2718 1934 2770 scriptum
1955 2731 1981 2758 a.

155 2793 438 2826 verterentur.
495 2787 545 2826 Id
578 2786 692 2839 quod
719 2786 950 2826 observant
969 2798 1034 2825 sa-

153 2849 408 2900 pientissimi
442 2850 597 2902 quique
635 2851 798 2889 Duces.
869 2850 1033 2889 Notum

153 2911 363 2962 adagium,
389 2912 401 2932 ⁴
423 2911 608 2963 fugienti
626 2924 732 2964 pons
753 2911 934 2952 aureus.'
977 2913 1035 2951 Et

151 2971 362 3024 Scipionis
381 2974 557 3012 laudata
587 2974 803 3014 sententia
836 2979 917 3023 est,
942 2975 954 2995 ‘
978 2973 1036 3012 vi-

155 3047 222 3074 am
258 3036 464 3087 hostibus,
502 3050 585 3088 qua
618 3035 799 3088 fugiant,
847 3037 1035 3076 munien-

155 3097 281 3139 dam!
334 3100 556 3151 Vegetius.
613 3100 666 3139 Id
686 3102 816 3140 etiam
848 3102 1033 3152 Pyrrhus

156 3159 357 3200 censebat
376 3173 430 3200 ex
448 3162 660 3203 Frontino.
704 3163 816 3202 Nam
835 3163 847 3184 ‘
864 3163 1034 3214 clausis,

157 3222 212 3262 ex‘
237 3223 533 3275 desperatione
570 3226 730 3274 crescit
752 3226 957 3274 audacia3
991 3232 1036 3265 et

158 3296 255 3324 cum
284 3288 375 3338 spei
410 3289 510 3327 nibil
543 3294 625 3339 est,
660 3289 790 3328 sumit
809 3301 924 3329 arma
953 3287 1038 3327 for-

157 3346 301 3386 minoe
355 3349 576 3401 Vegetius.

212 3412 263 3450 9⁷
295 3409 411 3460 Peior
429 3411 473 3452 in
489 3417 601 3453 arcto
616 3413 764 3466 rabies]
791 3413 948 3455 Rabies
966 3414 1039 3454 ho-

1104 2784 1335 2825 Claudiano
1355 2784 1433 2822 hoc
1449 2793 1622 2822 carmen
1650 2782 1783 2820 Roma
1812 2785 1982 2821 vastata

1104 2854 1184 2895 est,
1214 2853 1261 2887 ut
1277 2846 1470 2886 diximus.

1159 2914 1234 2950 101
1264 2910 1474 2959 Sedemque
1491 2906 1670 2957 Quirini]
1701 2905 1887 2955 Romuli,
1908 2905 1980 2957 qui

1104 2974 1145 3013 iu
1169 2973 1284 3012 Coelo
1314 2972 1516 3013 Quirinus
1535 2971 1793 3021 appellatur.
1847 2969 1982 3009 Sedes

1105 3042 1246 3075 autem
1268 3033 1453 3083 Quirini,
1487 3046 1561 3072 seu
1588 3032 1757 3073 Romuli
1776 3031 1982 3072 domicili-

1104 3111 1189 3146 um,
1208 3102 1272 3136 est
1291 3097 1384 3147 ipsa
1406 3096 1553 3135 Roma.

1159 3164 1236 3199 102
1265 3157 1484 3208 Temerare]
1514 3156 1648 3199 Quasi
1661 3154 1839 3195 Barbari
1854 3155 1982 3194 etiam

1103 3223 1313 3262 violarent
1339 3221 1470 3261 oculis
1497 3220 1540 3259 id
1556 3220 1666 3272 quod
1691 3219 1983 3271 aspexissent5,

1105 3286 1216 3338 quod
1254 3284 1456 3325 dicebant
1492 3284 1548 3323 ob
1589 3295 1737 3324 eorum
1765 3281 1980 3323 feritatem

1105 3353 1234 3402 atque
1253 3347 1536 3401 impietatem.
