2300 3906
361 200 471 254 966
845 214 990 254 sen.
1031 213 1383 253 anumAm
1426 213 1637 255 xxxv.

362 335 495 388 Non
519 334 641 386 leve
666 331 903 385 soh‘citae
929 331 1127 381 mentis
1154 330 1411 384 discurrit
1437 350 1691 386 acumen.

358 419 631 484 Sanguine
655 417 826 467 fraena
852 414 1065 466 calent:
1103 419 1408 485 corrumpit
1428 421 1659 486 spiritus
1686 436 1852 473 auras

355 502 590 554 Letifer:
630 500 847 550 infectae
871 500 1082 565 spumis
1102 501 1371 554 vitiantur
1396 519 1592 556 arenae.

357 586 672 650 Diffugiunt
701 582 1011 651 Nymphae:
1049 585 1261 652 rapitur
1287 586 1622 654 Proserpina
1649 604 1827 652 curru,

355 669 732 735 Imploratque
760 667 950 719 Deas..
972 667 1009 719 J
1015 685 1103 720 am
1126 669 1416 734 Gorgonos
1443 686 1542 722 ora
1565 672 1772 723 revelat

355 753 572 815 Pallae,
599 757 652 804 et
677 753 883 804 intento
909 752 1132 806 festinat
1159 754 1329 805 Delia
1355 771 1519 806 cornu
1542 773 1555 808 ε

354 835 480 891 Nec
508 842 705 906 patruo
734 837 997 891 cedunt„
1034 838 1294 891 Stimulat
1321 840 1626 891 communis
1652 840 1710 890 in
1735 856 1888 892 arma

353 923 677 989 VirginitaS‚
705 921 1022 988 crimenque
1048 922 1149 974 feri
1177 924 1414 990 raptoris
1440 924 1683 975 acerbat.

352 1007 454 1059 Ille
480 1008 629 1059 velut
656 1007 863 1057 stabuli
890 1006 1062 1058 decus
1087 1010 1428 1075 armentique
1446 1008 1745 1075 juvencam

2082 674 2196 733 205,

350 1150 424 1176 non
440 1137 541 1175 acies
559 1140 712 1186 promta
730 1137 851 1175 animi
866 1131 980 1176 anxii
998 1137 1058 1177 sic
1071 1139 1210 1179 currit.
1267 1139 1413 1179 Fraena
1423 1137 1709 1190 perfunduntur
1724 1152 1883 1179 cruore.-
1912 1139 2059 1179 halitus
2069 1140 2192 1192 pesti-

351 1192 432 1230 lens
450 1190 575 1243 inficit
596 1189 747 1229 aerem:
769 1191 897 1241 pulvis
921 1195 1123 1242 corruptus
1141 1192 1372 1243 inquinatur
1398 1193 1559 1243 spumis.
1602 1192 2000 1244 Nymphoefugiunt:
2031 1194 2193 1234 Proser-

344 1245 441 1295 pina
472 1244 629 1294 rapitur
660 1256 792 1290 curru,
822 1246 997 1295 petitque
1025 1246 1229 1285 auxilium
1264 1247 1456 1285 Deorum.
1511 1247 1606 1285 Jam
1634 1248 1773 1285 Pallas
1789 1248 1938 1296 detegit
1965 1251 2080 1298 caput
2100 1249 2190 1286 Me·

351 1299 472 1346 dume,
492 1302 528 1336 et
551 1298 682 1337 Diana
712 1302 898 1349 properat
923 1311 1017 1338 arcu
1045 1299 1209 1346 intento,
1229 1312 1348 1350 neque
1368 1301 1506 1338 cedunt
1540 1300 1718 1338 Plutoni
1743 1305 1903 1351 patruo.
1966 1301 2191 1350 Virginitas

351 1353 516 1402 aequales
528 1351 678 1390 excitat
695 1353 745 1391 ad
764 1351 971 1402 auxilium,
990 1355 1028 1390 et
1035 1352 1246 1402 flagitium
1267 1353 1439 1403 raptoris
1446 1351 1599 1400 ferocis
1610 1358 1764 1403 asperat
1786 1354 1916 1402 ipsas.
1950 1353 2037 1403 Ipse
2056 1354 2188 1393 Pluto

351 1412 416 1444 est
440 1409 484 1443 ut
512 1406 583 1454 leo,
616 1418 701 1443 cum
728 1404 872 1443 invasit
903 1405 1067 1444 vitulam
1096 1408 1283 1445 eximiam
1315 1407 1357 1444 in
1379 1405 1531 1444 stabulo
1564 1409 1603 1444 et
1634 1409 1823 1455 armento,
1855 1410 1971 1456 atque
2001 1406 2188 1447 lacerarit

1113 1506 1380 1521 OO‘OO'O‘O‘O
1389 1507 1407 1520 Ι

349 1564 714 1603 Bartholin.—201
750 1563 842 1600 Non
860 1564 941 1600 leve
960 1563 1067 1601 Exc.
1088 1562 1258 1600 Schott.
1281 1562 1471 1612 ascripto
1490 1562 1586 1601 loco
1608 1561 1784 1601 Homer.
1814 1561 1939 1601 Iliad.
1959 1567 2008 1603 O.

349 1619 434 1656 Nec
453 1618 532 1654 leve
558 1615 661 1653 Vat.
683 1627 770 1653 sec.
794 1616 901 1653 Num
931 1616 1031 1654 Vat.
1050 1620 1153 1654 tert.
1178 1615 1367 1654 discurrit
1393 1617 1535 1654 mentis
1554 1617 1654 1656 Vat.
1674 1628 1760 1655 sec.
1780 1616 1969 1655 discernit
1991 1618 2080 1657 Pal.
2102 1618 2187 1658 duo

346 1670 465 1708 Med.
488 1669 639 1707 Heius.
674 1669 865 1707 H.-202
893 1669 1069 1718 squalent
1102 1669 1205 1709 Jun.
1245 1671 1447 1718 pr.—203
1477 1669 1640 1718 Lucifer
1670 1670 1837 1708 Bonon.
1857 1669 2013 1718 infestae
2032 1671 2186 1712 Petav.

347 1728 448 1762 tert.
469 1722 626 1761 habena>
642 1722 794 1760 Petav.
815 1734 901 1761 sce.
920 1722 1054 1766 aristae
1074 1723 1174 1761 Vat.
1197 1725 1476 1771 quart.-204
1506 1723 1719 1774 Difficiunt
1738 1721 1889 1762 Ambr.
1912 1729 2011 1763 tert.
2031 1726 2188 1776 capitur

346 1776 500 1815 Petav.
523 1781 619 1814 tert.
641 1787 754 1813 cursu
770 1776 868 1814 Vat.
890 1775 1162 1826 quint.-—205
1188 1775 1392 1825 Gorgonos
1404 1776 1503 1815 vat.
1524 1777 1562 1814 d.
1581 1777 1689 1827 Reg.
1706 1776 1789 1815 duo
1807 1776 1959 1815 Petav.
1982 1785 2025 1815 et
2045 1778 2186 1818 Oxou.

349 1829 548 1877 Gorgonis
565 1840 710 1867 omnes
735 1828 854 1867 Vatt.
876 1828 982 1868 Cod.
1004 1829 1245 1868 Bartliolin.
1276 1829 1481 1877 Gorgones
1501 1829 1585 1868 dno
1608 1829 1729 1868 Med.
1750 1829 1854 1868 Pur.
1878 1829 2028 1871 Heius.
2051 1831 2104 1871 Η.
2124 1844 2186 1872 re·

343 1884 466 1923 cludit
490 1895 566 1932 pro
596 1883 741 1921 revelat
762 1883 863 1923 Jun.
896 1895 959 1932 pr.
979 1883 1083 1921 Vat.
1104 1883 1241 1934 quint.
1271 1884 1434 1922 revellat
1463 1883 1583 1923 Leid.
1615 1895 1721 1922 unus
1751 1883 2005 1923 Med—206
2033 1885 2186 1924 intenso

344 1938 447 1977 Vat.
467 1949 531 1986 pr.
550 1949 667 1974 cornu
687 1935 833 1975 Ambr.
856 1942 958 1975 tert.
981 1935 1048 1976 ed.
1068 1936 1214 1975 Parm.
1237 1942 1282 1974 et
1301 1937 1445 1976 Vicet.
1471 1938 1545 1976 tero
1566 1938 1754 1977 Florent.
1771 1949 1866 1975 eum
1888 1938 2183 1978 novemdecim

341 1991 526 2041 scriptis,
546 1989 646 2029 Ald.
670 1995 715 2028 et
741 1990 844 2029 Var.
869 1990 952 2029 LL.
975 2003 997 2027 e
1019 2002 1149 2041 marg.
1184 1990 1328 2029 Parm.
1348 1991 1423 2029 telo
1451 1991 1519 2029 vel
1537 2003 1655 2029 cornu
1676 1991 1819 2030 Oxon.
1842 1993 2039 2040 piu-207
2071 1992 2185 2031 Nunc

338 2049 481 2094 patruo
500 2044 602 2082 Vat.
623 2043 662 2082 d.
680 2043 883 2082 stimulant
903 2043 997 2082 Pal.
1016 2049 1219 2094 utramque
1235 2056 1312 2094 pro
1328 2044 1373 2082 -in
1393 2056 1503 2083 arma
1524 2045 1687 2084 Bonon.
1704 2044 1747 2083 in
1765 2045 1887 2083 armis
1906 2044 1989 2083 duo
2006 2045 2183 2085 Vatu—

318 2101 422 2136 >208
450 2098 631 2136 acerbant
658 2098 759 2136 vat.
793 2098 927 2148 quint.
963 2098 1050 2136 inc.
1084 2097 1372 2137 Heius—209
1402 2098 1621 2136 Juveneum
1651 2098 1754 2138 Vat.
1787 2110 1852 2148 pr.
1885 2099 1994 2137 Exc.
2025 2098 2181 2138 Petav.

1168 2182 1206 2221 N
1214 2183 1343 2222 0⁷1¹AE

2029 1576 2071 1615 p.
2090 1567 2187 1605 537.

396 2282 475 2319 201
505 2277 679 2316 Solicitae
698 2276 840 2315 mentis
852 2274 1029 2326 acumen]
1057 2275 1226 2326 Hyper-

317 2339 528 2381 ‘bolicesz
560 2338 711 2390 ecquid
742 2338 854 2377 enim
873 2337 1053 2377 celerius
1086 2338 1224 2376 auimo

307 2447 309 2449 ,
340 2403 454 2444 curis
476 2409 687 2442 aestuante
704 2402 718 2439 ?
747 2401 875 2440 Mens
892 2401 1134 2452 etjaculuni
1151 2400 1225 2439 ha-

338 2467 444 2507 bent
462 2464 782 2504 similitudinem
796 2464 981 2515 aliquam
997 2477 1008 2512 ;
1040 2476 1116 2515 per
1131 2463 1224 2502 has-

336 2535 426 2570 tam
456 2528 646 2568 Palladis
678 2531 1017 2578 repraesentatur
1044 2538 1225 2566 acumen

316 2592 505 2641 ‚mentis

390 2659 471 2696 202
503 2655 706 2705 Sanguine
721 2653 857 2703 froena
883 2652 1028 2704 calent]
1060 2652 1222 2704 Spuma

335 2720 570 2772 sanguinea
607 2722 836 2770 tepescunt
868 2722 998 2770 atque
1043 2715 1219 2769 perfun-

334 2783 507 2824 duntur.

388 2851 468 2887 204
498 2846 692 2898 Rapitur]
731 2845 1006 2898 Proserpinae
1044 2851 1219 2896 raptum

333 2911 457 2951 multi
478 2912 725 2963 pinxerunt.
773 2910 964 2950 Plinius:
992 2910 1005 2931 ‘
1021 2909 1218 2949 Praxite-

332 2974 395 3014 les
415 2986 585 3027 quoque
600 2986 809 3014 marmore
826 2973 999 3014 felicior
1018 2988 1029 3013 :
1060 2973 1156 3012 ideo
1172 2978 1217 3012 et

332 3036 486 3077 clarior
523 3035 621 3076 fuit.
694 3037 816 3076 Fecit
855 3042 998 3076 tamen
1037 3049 1091 3076 ex
1130 3048 1216 3076 aere

332 3100 622 3152 pulcherrima
641 3110 799 3149 opera:
830 3099 1101 3150 Proserpinae
1122 3111 1217 3151 rap-

331 3162 553 3213 tum,'&e.
609 3160 732 3201 Idem
765 3161 850 3201 alio
882 3162 925 3201 in
957 3163 1074 3202 loco:
1105 3163 1118 3185 ‘
1140 3163 1217 3202 Ni-

314 3225 561 3279 comachus
581 3223 842 3264 Aristodemi
871 3224 982 3265 filius
1011 3238 1060 3265 ac
1089 3226 1216 3267 disci-

330 3289 476 3342 pulus,
494 3287 635 3340 pinxit
651 3287 720 3328 hic
737 3286 908 3340 raptum
926 3290 1214 3342 Proserpinae,

314 3346 425 3406 ‘quae
447 3351 595 3391 tabula
607 3350 690 3391 fuit
708 3352 752 3392 in
766 3351 981 3404 Capitolio
995 3353 1039 3391 in
1053 3353 1214 3393 Miner-

332 3426 396 3456 vae
434 3412 616 3457 delubro
648 3427 779 3469 supra
810 3414 1033 3458 aediculam
1056 3416 1211 3468 juven-

1293 2273 1427 2313 tutis?

1351 2333 1500 2385 Curru]
1530 2335 1655 2375 Nova
1681 2340 1817 2388 nupta
1846 2335 1891 2375 in
1910 2336 2080 2376 domum
2102 2337 2180 2376 viri

1293 2398 1530 2438 vehebatur
1545 2399 1755 2450 plaustro,
1773 2399 1888 2452 quod
1901 2400 2068 2451 junctae
2090 2413 2182 2441 mu-

1291 2461 1344 2500 1ae
1364 2460 1437 2500 vel
1449 2461 1579 2500 boves
1597 2462 1838 2502 trahebant.

1344 2528 1422 2565 205
1457 2525 1663 2576 Gorgonos
1677 2539 1747 2565 ora
1765 2526 1929 2579 revelat]
1956 2525 2115 2578 Pallas,
2131 2531 2180 2566 ut

1290 2600 1414 2639 opem
1434 2587 1548 2628 ferat
1566 2589 1859 2641 Proserpinae,
1878 2589 2046 2642 detegit
2064 2589 2179 2642 AEgi-

1288 2651 1386 2691 dem
1413 2665 1487 2692 seu
1520 2653 1736 2705 clypeum,
1762 2654 1803 2692 in
1825 2666 1908 2706 quo
1930 2658 2025 2693 erat
2043 2659 2177 2705 caput

1287 2715 1498 2767 Medusae,
1528 2729 1623 2769 quae
1641 2726 1725 2756 una
1754 2722 1849 2757 erat
1870 2717 1984 2757 inter
2009 2717 2177 2769 Gorgo·

1287 2791 1379 2820 nes·

1340 2846 1419 2883 207
1450 2843 1545 2888 Nec,
1564 2847 1707 2895 patruo
1739 2842 1901 2894 cedunt]
1932 2844 2027 2883 Nee
2050 2843 2176 2883 ratio·

1286 2918 1384 2946 nem
1413 2907 1589 2956 habent,
1626 2906 1739 2958 quod
1776 2906 1907 2945 Pluto
1946 2906 2003 2946 sit
2036 2905 2173 2946 frater

1284 2971 1421 3022 patris
1443 2969 1507 3009 sui
1527 2970 1668 3018 sevis,
1689 2969 1835 3021 sicque
1857 2975 2044 3021 patruus.

1341 3034 1565 3073 Communis
1579 3032 1806 3084 virginitas]
1823 3030 2039 3071 Accendit
2052 3031 2173 3071 Deas

1288 3085 1512 3149 virginitas
1533 3097 1781 3142 eommunis,
1795 3105 1920 3146 qnam
1938 3094 2089 3133 nolunt
2107 3094 2170 3134 sic

1286 3160 1525 3213 expositam
1542 3169 1636 3198 esse
1654 3156 1909 3208 raptoribus.

1264 3217 1268 3219 ⁵
1335 3225 1415 3263 208
1443 3219 1633 3271 Aceroat]
1661 3220 1743 3259 Vel
1762 3224 1966 3271 asperat:
1996 3219 2063 3258 vel
2089 3220 2171 3260 cris

1281 3297 1376 3326 men
1397 3284 1567 3324 videtur
1586 3283 1798 3334 acerbius,
1816 3295 1900 3335 quo
1927 3282 2062 3334 pluris
2078 3281 2167 3324 illae

1262 3348 1534 3402 'pudicitiam
1552 3347 1784 3388 faciebant.

1332 3417 1414 3455 209
1442 3413 1519 3454 Ille
1536 3411 1768 3464 velut-..leoJ
1802 3412 1933 3453 Pluto
1958 3421 2043 3452 non
2077 3421 2164 3450 ma-
