<?xml version="1.0" encoding="UTF-8"?>
<!DOCTYPE html PUBLIC "-//W3C//DTD XHTML 1.0 Transitional//EN"
    "http://www.w3.org/TR/xhtml1/DTD/xhtml1-transitional.dtd">
<html xmlns="http://www.w3.org/1999/xhtml" xml:lang="en" lang="en">
 <head>
  <title>
</title>
<meta http-equiv="Content-Type" content="text/html;charset=utf-8" />
  <meta name='ocr-system' content='tesseract 3.04.00' />
  <meta name='ocr-capabilities' content='ocr_page ocr_carea ocr_par ocr_line ocrx_word'/>
</head>
<body>
  <div class='ocr_page' id='page_1' title='image "./operaomniaexedit02clauuoft/operaomniaexedit02clauuoft_0266.png"; bbox 0 0 2300 3906; ppageno 0'>
   <div class='ocr_carea' id='block_1_1' title="bbox 295 219 406 274">
    <p class='ocr_par' dir='ltr' id='par_1_1' title="bbox 295 219 406 274">
     <span class='ocr_line' id='line_1_1' title="bbox 295 219 406 274; baseline 0 0"><span class='ocrx_word' id='word_1_1' title='bbox 295 219 406 274; x_wconf 83' lang='lat'><strong>¹768</strong></span> 
     </span>
    </p>
   </div>
   <div class='ocr_carea' id='block_1_2' title="bbox 298 350 1784 504">
    <p class='ocr_par' dir='ltr' id='par_1_2' title="bbox 298 350 1784 504">
     <span class='ocr_line' id='line_1_2' title="bbox 298 350 1784 420; baseline -0.003 -13"><span class='ocrx_word' id='word_1_2' title='bbox 298 351 646 407; x_wconf 85' lang='lat' dir='ltr'><strong>Acceleravit</strong></span> <span class='ocrx_word' id='word_1_3' title='bbox 671 353 848 420; x_wconf 84' lang='lat' dir='ltr'><strong>equiS,</strong></span> <span class='ocrx_word' id='word_1_4' title='bbox 876 351 1192 418; x_wconf 87' lang='lat' dir='ltr'><strong>Italamque</strong></span> <span class='ocrx_word' id='word_1_5' title='bbox 1219 350 1511 403; x_wconf 84' lang='lat' dir='ltr'>momordit</span> <span class='ocrx_word' id='word_1_6' title='bbox 1534 366 1784 403; x_wconf 84' lang='lat' dir='ltr'><strong>arenam:</strong></span> 
     </span>
     <span class='ocr_line' id='line_1_3' title="bbox 299 434 1633 504; baseline -0.002 -15"><span class='ocrx_word' id='word_1_7' title='bbox 299 438 484 499; x_wconf 83' lang='lat' dir='ltr'><strong>Felix,</strong></span> <span class='ocrx_word' id='word_1_8' title='bbox 514 437 835 504; x_wconf 82' lang='lat' dir='ltr'><strong>Elysiisque</strong></span> <span class='ocrx_word' id='word_1_9' title='bbox 863 434 1048 502; x_wconf 85' lang='lat' dir='ltr'><strong>plagis</strong></span> <span class='ocrx_word' id='word_1_10' title='bbox 1075 438 1135 484; x_wconf 88' lang='lat' dir='ltr'><strong>et</strong></span> <span class='ocrx_word' id='word_1_11' title='bbox 1161 434 1396 485; x_wconf 84' lang='lat' dir='ltr'><strong>carmine</strong></span> <span class='ocrx_word' id='word_1_12' title='bbox 1419 434 1633 501; x_wconf 81' lang='lat' dir='ltr'><strong>dignuS‚</strong></span> 
     </span>
    </p>
   </div>
   <div class='ocr_carea' id='block_1_3' title="bbox 852 226 1569 275">
    <p class='ocr_par' dir='ltr' id='par_1_3' title="bbox 852 226 1569 275">
     <span class='ocr_line' id='line_1_4' title="bbox 852 226 1569 275; baseline -0.007 0"><span class='ocrx_word' id='word_1_13' title='bbox 852 237 948 274; x_wconf 83' lang='lat' dir='ltr'><strong>GL.</strong></span> <span class='ocrx_word' id='word_1_14' title='bbox 989 230 1341 273; x_wconf 82' lang='lat' dir='ltr'><strong>CLAUDIANI</strong></span> <span class='ocrx_word' id='word_1_15' title='bbox 1383 226 1569 275; x_wconf 73' lang='lat' dir='ltr'><strong>xxvi.</strong></span> 
     </span>
    </p>
   </div>
   <div class='ocr_carea' id='block_1_4' title="bbox 2015 433 2124 487">
    <p class='ocr_par' dir='ltr' id='par_1_4' title="bbox 2015 433 2124 487">
     <span class='ocr_line' id='line_1_5' title="bbox 2015 433 2124 487; baseline 0.009 -1"><span class='ocrx_word' id='word_1_16' title='bbox 2015 433 2124 487; x_wconf 78' lang='grc'><strong>590</strong></span> 
     </span>
    </p>
   </div>
   <div class='ocr_carea' id='block_1_5' title="bbox 297 519 1668 840">
    <p class='ocr_par' dir='ltr' id='par_1_5' title="bbox 297 519 1668 840">
     <span class='ocr_line' id='line_1_6' title="bbox 299 519 1595 586; baseline -0.002 -13"><span class='ocrx_word' id='word_1_17' title='bbox 299 521 412 586; x_wconf 86' lang='lat' dir='ltr'><strong>Qui</strong></span> <span class='ocrx_word' id='word_1_18' title='bbox 436 523 578 572; x_wconf 87' lang='lat' dir='ltr'><strong>male</strong></span> <span class='ocrx_word' id='word_1_19' title='bbox 604 523 924 586; x_wconf 81' lang='lat' dir='ltr'><strong>suspectam</strong></span> <span class='ocrx_word' id='word_1_20' title='bbox 948 520 1111 571; x_wconf 90' lang='lat' dir='ltr'><strong>nobis</strong></span> <span class='ocrx_word' id='word_1_21' title='bbox 1138 519 1440 586; x_wconf 88' lang='lat' dir='ltr'><strong>impensius</strong></span> <span class='ocrx_word' id='word_1_22' title='bbox 1460 521 1595 571; x_wconf 83' lang='lat' dir='ltr'><strong>arsit</strong></span> 
     </span>
     <span class='ocr_line' id='line_1_7' title="bbox 297 601 1534 672; baseline -0.004 -14"><span class='ocrx_word' id='word_1_23' title='bbox 297 605 411 658; x_wconf 90' lang='lat' dir='ltr'><strong>Vel</strong></span> <span class='ocrx_word' id='word_1_24' title='bbox 435 606 543 656; x_wconf 91' lang='lat' dir='ltr'><strong>leto</strong></span> <span class='ocrx_word' id='word_1_25' title='bbox 568 621 804 671; x_wconf 85' lang='lat' dir='ltr'><strong>purgare</strong></span> <span class='ocrx_word' id='word_1_26' title='bbox 829 604 988 654; x_wconf 88' lang='lat' dir='ltr'><strong>fidem</strong></span> <span class='ocrx_word' id='word_1_27' title='bbox 1009 621 1021 655; x_wconf 75' lang='lat' dir='ltr'>z</span> <span class='ocrx_word' id='word_1_28' title='bbox 1063 605 1158 671; x_wconf 92' lang='lat' dir='ltr'><strong>qui</strong></span> <span class='ocrx_word' id='word_1_29' title='bbox 1175 603 1368 672; x_wconf 86' lang='lat' dir='ltr'><strong>judice</strong></span> <span class='ocrx_word' id='word_1_30' title='bbox 1390 601 1534 654; x_wconf 88' lang='lat' dir='ltr'><strong>ferro</strong></span> 
     </span>
     <span class='ocr_line' id='line_1_8' title="bbox 301 688 1624 755; baseline -0.002 -14"><span class='ocrx_word' id='word_1_31' title='bbox 301 689 483 741; x_wconf 92' lang='lat' dir='ltr'><strong>Diluit</strong></span> <span class='ocrx_word' id='word_1_32' title='bbox 507 690 836 741; x_wconf 89' lang='lat' dir='ltr'><strong>immeritum</strong></span> <span class='ocrx_word' id='word_1_33' title='bbox 859 689 1086 740; x_wconf 87' lang='lat' dir='ltr'><strong>laudato</strong></span> <span class='ocrx_word' id='word_1_34' title='bbox 1112 689 1375 755; x_wconf 83' lang='lat' dir='ltr'><strong>sanguine</strong></span> <span class='ocrx_word' id='word_1_35' title='bbox 1401 688 1624 740; x_wconf 83' lang='lat' dir='ltr'><strong>crimen.</strong></span> 
     </span>
     <span class='ocr_line' id='line_1_9' title="bbox 301 772 1668 840; baseline -0.001 -14"><span class='ocrx_word' id='word_1_36' title='bbox 301 773 485 826; x_wconf 91' lang='lat' dir='ltr'><strong>Morte</strong></span> <span class='ocrx_word' id='word_1_37' title='bbox 503 774 609 826; x_wconf 86' lang='lat' dir='ltr'><strong>viri</strong></span> <span class='ocrx_word' id='word_1_38' title='bbox 634 775 882 826; x_wconf 88' lang='lat' dir='ltr'><strong>turbatus</strong></span> <span class='ocrx_word' id='word_1_39' title='bbox 907 789 1079 840; x_wconf 89' lang='lat' dir='ltr'><strong>eques</strong></span> <span class='ocrx_word' id='word_1_40' title='bbox 1104 773 1367 825; x_wconf 87' lang='lat' dir='ltr'><strong>flectebat</strong></span> <span class='ocrx_word' id='word_1_41' title='bbox 1389 772 1633 823; x_wconf 87' lang='lat' dir='ltr'><strong>habenas</strong></span> <span class='ocrx_word' id='word_1_42' title='bbox 1654 788 1668 824; x_wconf 77' lang='lat' dir='ltr'><strong>t</strong></span> 
     </span>
    </p>
   </div>
   <div class='ocr_carea' id='block_1_6' title="bbox 298 859 1581 926">
    <p class='ocr_par' dir='ltr' id='par_1_6' title="bbox 298 859 1581 926">
     <span class='ocr_line' id='line_1_10' title="bbox 298 859 1581 926; baseline -0.002 -15"><span class='ocrx_word' id='word_1_43' title='bbox 298 859 555 926; x_wconf 89' lang='lat' dir='ltr'><strong>Totaque</strong></span> <span class='ocrx_word' id='word_1_44' title='bbox 571 859 810 926; x_wconf 87' lang='lat' dir='ltr'><strong>praeciso</strong></span> <span class='ocrx_word' id='word_1_45' title='bbox 834 863 1114 910; x_wconf 85' lang='lat' dir='ltr'><strong>nutassent</strong></span> <span class='ocrx_word' id='word_1_46' title='bbox 1141 859 1362 924; x_wconf 87' lang='lat' dir='ltr'><strong>agmina</strong></span> <span class='ocrx_word' id='word_1_47' title='bbox 1388 873 1581 920; x_wconf 88' lang='lat' dir='ltr'><strong>cornu,</strong></span> 
     </span>
    </p>
   </div>
   <div class='ocr_carea' id='block_1_7' title="bbox 300 941 1860 1094">
    <p class='ocr_par' dir='ltr' id='par_1_7' title="bbox 300 941 1860 1094">
     <span class='ocr_line' id='line_1_11' title="bbox 300 941 1652 1007; baseline -0.001 -13"><span class='ocrx_word' id='word_1_48' title='bbox 300 942 380 994; x_wconf 92' lang='lat' dir='ltr'><strong>Ni</strong></span> <span class='ocrx_word' id='word_1_49' title='bbox 405 944 549 994; x_wconf 90' lang='lat' dir='ltr'><strong>celer</strong></span> <span class='ocrx_word' id='word_1_50' title='bbox 574 944 842 994; x_wconf 87' lang='lat' dir='ltr'><strong>instructa</strong></span> <span class='ocrx_word' id='word_1_51' title='bbox 867 941 1137 993; x_wconf 88' lang='lat' dir='ltr'><strong>Stilichon</strong></span> <span class='ocrx_word' id='word_1_52' title='bbox 1162 942 1378 1007; x_wconf 85' lang='lat' dir='ltr'><strong>legione</strong></span> <span class='ocrx_word' id='word_1_53' title='bbox 1404 947 1652 1005; x_wconf 79' lang='lat' dir='ltr'><strong>secutuS,</strong></span> 
     </span>
     <span class='ocr_line' id='line_1_12' title="bbox 301 1025 1860 1094; baseline -0.001 -16"><span class='ocrx_word' id='word_1_54' title='bbox 301 1027 580 1078; x_wconf 90' lang='lat' dir='ltr'><strong>Subsidiis</strong></span> <span class='ocrx_word' id='word_1_55' title='bbox 608 1026 855 1093; x_wconf 87' lang='lat' dir='ltr'><strong>peditum</strong></span> <span class='ocrx_word' id='word_1_56' title='bbox 881 1042 1121 1093; x_wconf 88' lang='lat' dir='ltr'><strong>pugnam</strong></span> <span class='ocrx_word' id='word_1_57' title='bbox 1147 1025 1514 1078; x_wconf 86' lang='lat' dir='ltr'><strong>instaurasset</strong></span> <span class='ocrx_word' id='word_1_58' title='bbox 1538 1031 1860 1094; x_wconf 88' lang='lat' dir='ltr'><strong>equestrem.</strong></span> 
     </span>
    </p>
   </div>
   <div class='ocr_carea' id='block_1_8' title="bbox 299 1147 2131 1217">
    <p class='ocr_par' dir='ltr' id='par_1_8' title="bbox 299 1147 2131 1217">
     <span class='ocr_line' id='line_1_13' title="bbox 299 1147 2131 1217; baseline -0.002 -12"><span class='ocrx_word' id='word_1_59' title='bbox 299 1165 405 1217; x_wconf 84' lang='lat' dir='ltr'><strong>equis</strong></span> <span class='ocrx_word' id='word_1_60' title='bbox 423 1164 613 1216; x_wconf 86' lang='lat' dir='ltr'><strong>impulsis,</strong></span> <span class='ocrx_word' id='word_1_61' title='bbox 646 1168 684 1203; x_wconf 89' lang='lat' dir='ltr'><strong>et</strong></span> <span class='ocrx_word' id='word_1_62' title='bbox 715 1165 920 1204; x_wconf 83' lang='lat' dir='ltr'><strong>momordit</strong></span> <span class='ocrx_word' id='word_1_63' title='bbox 953 1169 1100 1205; x_wconf 85' lang='lat' dir='ltr'><strong>terram</strong></span> <span class='ocrx_word' id='word_1_64' title='bbox 1122 1165 1267 1205; x_wconf 81' lang='lat' dir='ltr'><strong>Italiae.</strong></span> <span class='ocrx_word' id='word_1_65' title='bbox 1325 1165 1566 1205; x_wconf 82' lang='lat' dir='ltr'><strong>Fortunatus</strong></span> <span class='ocrx_word' id='word_1_66' title='bbox 1585 1165 1673 1215; x_wconf 86' lang='lat' dir='ltr'><strong>ille,</strong></span> <span class='ocrx_word' id='word_1_67' title='bbox 1701 1169 1739 1204; x_wconf 81' lang='lat' dir='ltr'><strong>et</strong></span> <span class='ocrx_word' id='word_1_68' title='bbox 1767 1147 2002 1216; x_wconf 81' lang='lat' dir='ltr'><strong>promeritus</strong></span> <span class='ocrx_word' id='word_1_69' title='bbox 2023 1163 2131 1203; x_wconf 81' lang='lat' dir='ltr'><strong>sedes</strong></span> 
     </span>
    </p>
   </div>
   <div class='ocr_carea' id='block_1_9' title="bbox 299 1219 2134 1431">
    <p class='ocr_par' dir='ltr' id='par_1_9' title="bbox 299 1219 2134 1431">
     <span class='ocr_line' id='line_1_14' title="bbox 303 1219 2128 1271; baseline -0.002 -13"><span class='ocrx_word' id='word_1_70' title='bbox 303 1220 476 1271; x_wconf 82' lang='lat' dir='ltr'><strong>Elysias,</strong></span> <span class='ocrx_word' id='word_1_71' title='bbox 495 1223 532 1258; x_wconf 89' lang='lat' dir='ltr'><strong>et</strong></span> <span class='ocrx_word' id='word_1_72' title='bbox 552 1231 682 1257; x_wconf 81' lang='lat' dir='ltr'><strong>versas</strong></span> <span class='ocrx_word' id='word_1_73' title='bbox 701 1220 924 1258; x_wconf 81' lang='lat' dir='ltr'><strong>laudantes</strong></span> <span class='ocrx_word' id='word_1_74' title='bbox 943 1233 953 1267; x_wconf 90' lang='lat'>;</span> <span class='ocrx_word' id='word_1_75' title='bbox 973 1222 1038 1270; x_wconf 82' lang='lat' dir='ltr'><strong>qai</strong></span> <span class='ocrx_word' id='word_1_76' title='bbox 1048 1220 1244 1270; x_wconf 78' lang='lat' dir='ltr'><strong>flagravit</strong></span> <span class='ocrx_word' id='word_1_77' title='bbox 1256 1219 1516 1258; x_wconf 82' lang='lat' dir='ltr'><strong>vehementius</strong></span> <span class='ocrx_word' id='word_1_78' title='bbox 1531 1220 1589 1258; x_wconf 86' lang='lat' dir='ltr'><strong>vel</strong></span> <span class='ocrx_word' id='word_1_79' title='bbox 1603 1222 1723 1258; x_wconf 85' lang='lat' dir='ltr'><strong>morte</strong></span> <span class='ocrx_word' id='word_1_80' title='bbox 1739 1220 1862 1258; x_wconf 79' lang='lat' dir='ltr'><strong>eluere</strong></span> <span class='ocrx_word' id='word_1_81' title='bbox 1870 1219 1995 1270; x_wconf 87' lang='lat' dir='ltr'><strong>fidem</strong></span> <span class='ocrx_word' id='word_1_82' title='bbox 2010 1228 2128 1255; x_wconf 84' lang='lat' dir='ltr'><strong>suam</strong></span> 
     </span>
     <span class='ocr_line' id='line_1_15' title="bbox 299 1271 2131 1323; baseline -0.002 -11"><span class='ocrx_word' id='word_1_83' title='bbox 299 1277 513 1323; x_wconf 84' lang='lat' dir='ltr'><strong>suspectam</strong></span> <span class='ocrx_word' id='word_1_84' title='bbox 528 1273 637 1311; x_wconf 84' lang='lat' dir='ltr'><strong>nobis</strong></span> <span class='ocrx_word' id='word_1_85' title='bbox 655 1273 823 1321; x_wconf 77' lang='lat' dir='ltr'><strong>injuria.-</strong></span> <span class='ocrx_word' id='word_1_86' title='bbox 852 1273 933 1323; x_wconf 85' lang='lat' dir='ltr'><strong>qui,</strong></span> <span class='ocrx_word' id='word_1_87' title='bbox 950 1274 1083 1323; x_wconf 84' lang='lat' dir='ltr'><strong>gladio</strong></span> <span class='ocrx_word' id='word_1_88' title='bbox 1101 1273 1336 1321; x_wconf 80' lang='lat' dir='ltr'><strong>absolvente,</strong></span> <span class='ocrx_word' id='word_1_89' title='bbox 1350 1274 1492 1312; x_wconf 87' lang='lat' dir='ltr'><strong>delevit</strong></span> <span class='ocrx_word' id='word_1_90' title='bbox 1509 1273 1669 1322; x_wconf 84' lang='lat' dir='ltr'><strong>egregio</strong></span> <span class='ocrx_word' id='word_1_91' title='bbox 1685 1284 1818 1311; x_wconf 81' lang='lat' dir='ltr'><strong>cruore</strong></span> <span class='ocrx_word' id='word_1_92' title='bbox 1831 1273 1951 1311; x_wconf 80' lang='lat' dir='ltr'><strong>scelus</strong></span> <span class='ocrx_word' id='word_1_93' title='bbox 1967 1271 2131 1318; x_wconf 81' lang='lat' dir='ltr'><strong>falsum.</strong></span> 
     </span>
     <span class='ocr_line' id='line_1_16' title="bbox 303 1325 2130 1378; baseline -0.002 -14"><span class='ocrx_word' id='word_1_94' title='bbox 303 1327 469 1378; x_wconf 81' lang='lat' dir='ltr'><strong>Equites</strong></span> <span class='ocrx_word' id='word_1_95' title='bbox 483 1325 706 1376; x_wconf 83' lang='lat' dir='ltr'><strong>perturbati</strong></span> <span class='ocrx_word' id='word_1_96' title='bbox 725 1329 847 1365; x_wconf 87' lang='lat' dir='ltr'><strong>morte</strong></span> <span class='ocrx_word' id='word_1_97' title='bbox 864 1327 973 1365; x_wconf 84' lang='lat' dir='ltr'><strong>ducis</strong></span> <span class='ocrx_word' id='word_1_98' title='bbox 999 1325 1233 1365; x_wconf 87' lang='lat' dir='ltr'><strong>Alanorum</strong></span> <span class='ocrx_word' id='word_1_99' title='bbox 1251 1326 1449 1365; x_wconf 81' lang='lat' dir='ltr'><strong>vertebant</strong></span> <span class='ocrx_word' id='word_1_100' title='bbox 1459 1326 1608 1374; x_wconf 74' lang='lat' dir='ltr'><strong>J&#39;rasna,</strong></span> <span class='ocrx_word' id='word_1_101' title='bbox 1634 1329 1671 1364; x_wconf 88' lang='lat' dir='ltr'><strong>et</strong></span> <span class='ocrx_word' id='word_1_102' title='bbox 1699 1326 1761 1364; x_wconf 89' lang='lat' dir='ltr'><strong>ala</strong></span> <span class='ocrx_word' id='word_1_103' title='bbox 1780 1337 1879 1364; x_wconf 83' lang='lat' dir='ltr'><strong>caesa</strong></span> <span class='ocrx_word' id='word_1_104' title='bbox 1898 1329 2002 1364; x_wconf 79' lang='lat' dir='ltr'><strong>totus</strong></span> <span class='ocrx_word' id='word_1_105' title='bbox 2020 1335 2130 1362; x_wconf 80' lang='lat' dir='ltr'><strong>exer-</strong></span> 
     </span>
     <span class='ocr_line' id='line_1_17' title="bbox 300 1379 2134 1431; baseline -0.001 -14"><span class='ocrx_word' id='word_1_106' title='bbox 300 1380 400 1420; x_wconf 83' lang='lat' dir='ltr'><strong>citus</strong></span> <span class='ocrx_word' id='word_1_107' title='bbox 417 1381 654 1431; x_wconf 76' lang='lat' dir='ltr'><strong>inclinasset,</strong></span> <span class='ocrx_word' id='word_1_108' title='bbox 681 1380 759 1419; x_wconf 87' lang='lat' dir='ltr'><strong>nisi</strong></span> <span class='ocrx_word' id='word_1_109' title='bbox 785 1379 949 1419; x_wconf 81' lang='lat' dir='ltr'><strong>Stilicho</strong></span> <span class='ocrx_word' id='word_1_110' title='bbox 965 1384 1143 1431; x_wconf 82' lang='lat' dir='ltr'><strong>promtus</strong></span> <span class='ocrx_word' id='word_1_111' title='bbox 1161 1392 1248 1422; x_wconf 81' lang='lat' dir='ltr'><strong>cum</strong></span> <span class='ocrx_word' id='word_1_112' title='bbox 1267 1380 1417 1429; x_wconf 78' lang='lat' dir='ltr'><strong>legione</strong></span> <span class='ocrx_word' id='word_1_113' title='bbox 1433 1383 1587 1418; x_wconf 86' lang='lat' dir='ltr'><strong>armata</strong></span> <span class='ocrx_word' id='word_1_114' title='bbox 1609 1379 1765 1418; x_wconf 85' lang='lat' dir='ltr'><strong>veniens</strong></span> <span class='ocrx_word' id='word_1_115' title='bbox 1778 1379 2017 1418; x_wconf 82' lang='lat' dir='ltr'><strong>restituisset</strong></span> <span class='ocrx_word' id='word_1_116' title='bbox 2030 1388 2134 1428; x_wconf 85' lang='lat' dir='ltr'><strong>prae·</strong></span> 
     </span>
    </p>
   </div>
   <div class='ocr_carea' id='block_1_10' title="bbox 1070 1471 1370 1489">
    <p class='ocr_par' dir='ltr' id='par_1_10' title="bbox 1070 1471 1370 1489">
     <span class='ocr_line' id='line_1_18' title="bbox 1070 1471 1370 1489; baseline -0.003 -2"><span class='ocrx_word' id='word_1_117' title='bbox 1070 1471 1370 1489; x_wconf 56' lang='lat' dir='ltr'><strong>OONNOOOO‘O</strong></span> 
     </span>
    </p>
   </div>
   <div class='ocr_carea' id='block_1_11' title="bbox 301 1522 2139 2270">
    <p class='ocr_par' dir='ltr' id='par_1_11' title="bbox 301 1522 2139 2270">
     <span class='ocr_line' id='line_1_19' title="bbox 301 1522 2131 1567; baseline -0.001 -3"><span class='ocrx_word' id='word_1_118' title='bbox 301 1528 436 1564; x_wconf 84' lang='lat'>-589</span> <span class='ocrx_word' id='word_1_119' title='bbox 463 1526 715 1566; x_wconf 78' lang='lat' dir='ltr'><strong>Acceleratur</strong></span> <span class='ocrx_word' id='word_1_120' title='bbox 735 1525 804 1566; x_wconf 80' lang='lat' dir='ltr'><strong>ed.</strong></span> <span class='ocrx_word' id='word_1_121' title='bbox 832 1527 975 1566; x_wconf 87' lang='lat' dir='ltr'><strong>Vicet.</strong></span> <span class='ocrx_word' id='word_1_122' title='bbox 1009 1529 1248 1567; x_wconf 79' lang='lat' dir='ltr'><strong>Acceleravit</strong></span> <span class='ocrx_word' id='word_1_123' title='bbox 1266 1529 1457 1566; x_wconf 85' lang='lat' dir='ltr'><strong>Florent.</strong></span> <span class='ocrx_word' id='word_1_124' title='bbox 1487 1530 1578 1565; x_wconf 84' lang='lat' dir='ltr'><strong>tres</strong></span> <span class='ocrx_word' id='word_1_125' title='bbox 1601 1524 1719 1564; x_wconf 91' lang='lat' dir='ltr'><strong>Med.</strong></span> <span class='ocrx_word' id='word_1_126' title='bbox 1741 1525 1825 1564; x_wconf 85' lang='lat' dir='ltr'><strong>ine.</strong></span> <span class='ocrx_word' id='word_1_127' title='bbox 1856 1523 2009 1562; x_wconf 75' lang='lat' dir='ltr'><strong>Heius.</strong></span> <span class='ocrx_word' id='word_1_128' title='bbox 2028 1522 2131 1562; x_wconf 88' lang='lat' dir='ltr'><strong>Put.</strong></span> 
     </span>
     <span class='ocr_line' id='line_1_20' title="bbox 305 1574 2135 1629; baseline -0.002 -12"><span class='ocrx_word' id='word_1_129' title='bbox 305 1579 412 1629; x_wconf 83' lang='lat' dir='ltr'><strong>Reg.</strong></span> <span class='ocrx_word' id='word_1_130' title='bbox 431 1579 591 1619; x_wconf 89' lang='lat' dir='ltr'><strong>Thuan.</strong></span> <span class='ocrx_word' id='word_1_131' title='bbox 626 1580 787 1619; x_wconf 88' lang='lat' dir='ltr'><strong>Mazar.</strong></span> <span class='ocrx_word' id='word_1_132' title='bbox 813 1581 972 1620; x_wconf 88' lang='lat' dir='ltr'><strong>Bonon.</strong></span> <span class='ocrx_word' id='word_1_133' title='bbox 1001 1580 1100 1620; x_wconf 84' lang='lat' dir='ltr'><strong>Pat.</strong></span> <span class='ocrx_word' id='word_1_134' title='bbox 1133 1581 1302 1619; x_wconf 85' lang='lat' dir='ltr'><strong>Tholos.</strong></span> <span class='ocrx_word' id='word_1_135' title='bbox 1326 1586 1413 1619; x_wconf 83' lang='lat' dir='ltr'><strong>tres</strong></span> <span class='ocrx_word' id='word_1_136' title='bbox 1432 1579 1586 1618; x_wconf 82' lang='lat' dir='ltr'><strong>Petav.</strong></span> <span class='ocrx_word' id='word_1_137' title='bbox 1609 1582 1698 1617; x_wconf 89' lang='lat' dir='ltr'><strong>tres</strong></span> <span class='ocrx_word' id='word_1_138' title='bbox 1717 1576 1869 1616; x_wconf 89' lang='lat' dir='ltr'><strong>Ambr.</strong></span> <span class='ocrx_word' id='word_1_139' title='bbox 1888 1576 2010 1615; x_wconf 85' lang='lat' dir='ltr'><strong>Voss.</strong></span> <span class='ocrx_word' id='word_1_140' title='bbox 2038 1574 2135 1614; x_wconf 87' lang='lat' dir='ltr'><strong>Mo·</strong></span> 
     </span>
     <span class='ocr_line' id='line_1_21' title="bbox 303 1627 2136 1681; baseline -0.002 -12"><span class='ocrx_word' id='word_1_141' title='bbox 303 1637 384 1670; x_wconf 86' lang='lat' dir='ltr'><strong>ret.</strong></span> <span class='ocrx_word' id='word_1_142' title='bbox 406 1644 492 1671; x_wconf 86' lang='lat' dir='ltr'><strong>see.</strong></span> <span class='ocrx_word' id='word_1_143' title='bbox 524 1633 627 1671; x_wconf 88' lang='lat' dir='ltr'><strong>Lov.</strong></span> <span class='ocrx_word' id='word_1_144' title='bbox 648 1633 753 1671; x_wconf 84' lang='lat' dir='ltr'><strong>Exe.</strong></span> <span class='ocrx_word' id='word_1_145' title='bbox 791 1632 918 1681; x_wconf 85' lang='lat' dir='ltr'><strong>Laeti,</strong></span> <span class='ocrx_word' id='word_1_146' title='bbox 950 1633 1132 1673; x_wconf 88' lang='lat' dir='ltr'><strong>Gevart.</strong></span> <span class='ocrx_word' id='word_1_147' title='bbox 1152 1634 1338 1672; x_wconf 88' lang='lat' dir='ltr'><strong>Lucens.</strong></span> <span class='ocrx_word' id='word_1_148' title='bbox 1360 1644 1445 1671; x_wconf 83' lang='lat' dir='ltr'><strong>sec.</strong></span> <span class='ocrx_word' id='word_1_149' title='bbox 1463 1636 1509 1670; x_wconf 87' lang='lat' dir='ltr'><strong>et</strong></span> <span class='ocrx_word' id='word_1_150' title='bbox 1528 1631 1682 1670; x_wconf 86' lang='lat' dir='ltr'><strong>Sched.</strong></span> <span class='ocrx_word' id='word_1_151' title='bbox 1711 1629 1826 1670; x_wconf 85' lang='lat' dir='ltr'><strong>Gud.</strong></span> <span class='ocrx_word' id='word_1_152' title='bbox 1866 1629 2032 1668; x_wconf 85' lang='lat' dir='ltr'><strong>moriens</strong></span> <span class='ocrx_word' id='word_1_153' title='bbox 2051 1627 2136 1667; x_wconf 88' lang='lat' dir='ltr'><strong>Ita-</strong></span> 
     </span>
     <span class='ocr_line' id='line_1_22' title="bbox 301 1684 2135 1738; baseline -0.001 -17"><span class='ocrx_word' id='word_1_154' title='bbox 301 1685 451 1734; x_wconf 82' lang='lat' dir='ltr'><strong>lamque</strong></span> <span class='ocrx_word' id='word_1_155' title='bbox 469 1685 672 1723; x_wconf 83' lang='lat' dir='ltr'><strong>momordit</strong></span> <span class='ocrx_word' id='word_1_156' title='bbox 705 1685 864 1723; x_wconf 88' lang='lat' dir='ltr'><strong>Moret.</strong></span> <span class='ocrx_word' id='word_1_157' title='bbox 893 1690 1118 1725; x_wconf 86' lang='lat' dir='ltr'><strong>see.—-590</strong></span> <span class='ocrx_word' id='word_1_158' title='bbox 1150 1686 1296 1738; x_wconf 81' lang='lat' dir='ltr'><strong>Elysiis</strong></span> <span class='ocrx_word' id='word_1_159' title='bbox 1329 1686 1419 1724; x_wconf 88' lang='lat' dir='ltr'><strong>sine</strong></span> <span class='ocrx_word' id='word_1_160' title='bbox 1449 1685 1605 1736; x_wconf 88' lang='lat' dir='ltr'><strong>copula</strong></span> <span class='ocrx_word' id='word_1_161' title='bbox 1638 1684 1883 1733; x_wconf 81' lang='lat' dir='ltr'><strong>Reg.—591</strong></span> <span class='ocrx_word' id='word_1_162' title='bbox 1912 1692 2135 1733; x_wconf 79' lang='lat' dir='ltr'><strong>suspensam</strong></span> 
     </span>
     <span class='ocr_line' id='line_1_23' title="bbox 303 1736 2135 1790; baseline -0.001 -15"><span class='ocrx_word' id='word_1_163' title='bbox 303 1738 407 1777; x_wconf 91' lang='lat' dir='ltr'><strong>Lov.</strong></span> <span class='ocrx_word' id='word_1_164' title='bbox 429 1737 513 1776; x_wconf 88' lang='lat' dir='ltr'><strong>ine.</strong></span> <span class='ocrx_word' id='word_1_165' title='bbox 535 1737 687 1776; x_wconf 89' lang='lat' dir='ltr'><strong>Heins.</strong></span> <span class='ocrx_word' id='word_1_166' title='bbox 706 1739 808 1777; x_wconf 85' lang='lat' dir='ltr'><strong>Var.</strong></span> <span class='ocrx_word' id='word_1_167' title='bbox 829 1739 915 1777; x_wconf 88' lang='lat' dir='ltr'><strong>LL.</strong></span> <span class='ocrx_word' id='word_1_168' title='bbox 937 1739 1003 1778; x_wconf 89' lang='lat' dir='ltr'><strong>ed.</strong></span> <span class='ocrx_word' id='word_1_169' title='bbox 1022 1738 1153 1779; x_wconf 83' lang='lat' dir='ltr'><strong>AntV.</strong></span> <span class='ocrx_word' id='word_1_170' title='bbox 1174 1752 1229 1779; x_wconf 88' lang='lat' dir='ltr'><strong>m.</strong></span> <span class='ocrx_word' id='word_1_171' title='bbox 1251 1751 1315 1790; x_wconf 87' lang='lat' dir='ltr'><strong>pr.</strong></span> <span class='ocrx_word' id='word_1_172' title='bbox 1344 1741 1556 1788; x_wconf 80' lang='lat' dir='ltr'><strong>spectatam</strong></span> <span class='ocrx_word' id='word_1_173' title='bbox 1575 1739 1669 1777; x_wconf 90' lang='lat' dir='ltr'><strong>Pal.</strong></span> <span class='ocrx_word' id='word_1_174' title='bbox 1698 1736 1819 1777; x_wconf 88' lang='lat' dir='ltr'><strong>Med.</strong></span> <span class='ocrx_word' id='word_1_175' title='bbox 1842 1748 1905 1788; x_wconf 87' lang='lat' dir='ltr'><strong>pr.</strong></span> <span class='ocrx_word' id='word_1_176' title='bbox 1920 1738 2135 1786; x_wconf 77' lang='lat' dir='ltr'><strong>spectatam</strong></span> 
     </span>
     <span class='ocr_line' id='line_1_24' title="bbox 304 1786 2135 1842; baseline -0.001 -15"><span class='ocrx_word' id='word_1_177' title='bbox 304 1790 371 1829; x_wconf 88' lang='lat' dir='ltr'><strong>vel</strong></span> <span class='ocrx_word' id='word_1_178' title='bbox 388 1794 605 1841; x_wconf 78' lang='lat' dir='ltr'><strong>suspectam</strong></span> <span class='ocrx_word' id='word_1_179' title='bbox 627 1790 769 1830; x_wconf 84' lang='lat' dir='ltr'><strong>Oxon.</strong></span> <span class='ocrx_word' id='word_1_180' title='bbox 793 1803 856 1842; x_wconf 88' lang='lat' dir='ltr'><strong>pr.</strong></span> <span class='ocrx_word' id='word_1_181' title='bbox 885 1791 1076 1840; x_wconf 83' lang='lat' dir='ltr'><strong>infensius</strong></span> <span class='ocrx_word' id='word_1_182' title='bbox 1094 1793 1323 1832; x_wconf 83' lang='lat' dir='ltr'><strong>Pa1.—592</strong></span> <span class='ocrx_word' id='word_1_183' title='bbox 1345 1793 1402 1831; x_wconf 86' lang='lat' dir='ltr'><strong>Et</strong></span> <span class='ocrx_word' id='word_1_184' title='bbox 1422 1794 1498 1831; x_wconf 87' lang='lat' dir='ltr'><strong>leto</strong></span> <span class='ocrx_word' id='word_1_185' title='bbox 1517 1791 1610 1830; x_wconf 87' lang='lat' dir='ltr'><strong>Pal.</strong></span> <span class='ocrx_word' id='word_1_186' title='bbox 1631 1791 1748 1830; x_wconf 86' lang='lat' dir='ltr'><strong>Med.</strong></span> <span class='ocrx_word' id='word_1_187' title='bbox 1770 1802 1832 1841; x_wconf 83' lang='lat' dir='ltr'><strong>pr.</strong></span> <span class='ocrx_word' id='word_1_188' title='bbox 1859 1789 2010 1829; x_wconf 86' lang='lat' dir='ltr'><strong>vindice</strong></span> <span class='ocrx_word' id='word_1_189' title='bbox 2019 1786 2135 1835; x_wconf 84' lang='lat' dir='ltr'><strong>ferro</strong></span> 
     </span>
     <span class='ocr_line' id='line_1_25' title="bbox 304 1842 2135 1897; baseline 0 -15"><span class='ocrx_word' id='word_1_190' title='bbox 304 1844 447 1882; x_wconf 85' lang='lat' dir='ltr'><strong>Oxon.</strong></span> <span class='ocrx_word' id='word_1_191' title='bbox 469 1856 535 1894; x_wconf 90' lang='lat' dir='ltr'><strong>pr.</strong></span> <span class='ocrx_word' id='word_1_192' title='bbox 557 1843 707 1883; x_wconf 81' lang='lat' dir='ltr'><strong>Anibr.</strong></span> <span class='ocrx_word' id='word_1_193' title='bbox 731 1849 831 1884; x_wconf 79' lang='lat' dir='ltr'><strong>tert.</strong></span> <span class='ocrx_word' id='word_1_194' title='bbox 866 1844 976 1893; x_wconf 86' lang='lat' dir='ltr'><strong>ferri</strong></span> <span class='ocrx_word' id='word_1_195' title='bbox 998 1846 1145 1885; x_wconf 83' lang='lat' dir='ltr'><strong>Ambr.</strong></span> <span class='ocrx_word' id='word_1_196' title='bbox 1174 1849 1373 1897; x_wconf 84' lang='lat' dir='ltr'><strong>pr.—593</strong></span> <span class='ocrx_word' id='word_1_197' title='bbox 1404 1845 1554 1884; x_wconf 83' lang='lat' dir='ltr'><strong>Debuit</strong></span> <span class='ocrx_word' id='word_1_198' title='bbox 1583 1845 1710 1884; x_wconf 84' lang='lat' dir='ltr'><strong>Farn.</strong></span> <span class='ocrx_word' id='word_1_199' title='bbox 1758 1844 1948 1883; x_wconf 79' lang='lat' dir='ltr'><strong>laudando</strong></span> <span class='ocrx_word' id='word_1_200' title='bbox 1965 1842 2135 1882; x_wconf 85' lang='lat' dir='ltr'><strong>Tholos.</strong></span> 
     </span>
     <span class='ocr_line' id='line_1_26' title="bbox 304 1897 2134 1950; baseline 0 -15"><span class='ocrx_word' id='word_1_201' title='bbox 304 1897 424 1937; x_wconf 88' lang='lat' dir='ltr'><strong>Med.</strong></span> <span class='ocrx_word' id='word_1_202' title='bbox 443 1904 582 1948; x_wconf 84' lang='lat' dir='ltr'><strong>quart.</strong></span> <span class='ocrx_word' id='word_1_203' title='bbox 604 1899 675 1949; x_wconf 85' lang='lat' dir='ltr'><strong>qui</strong></span> <span class='ocrx_word' id='word_1_204' title='bbox 704 1904 748 1936; x_wconf 85' lang='lat' dir='ltr'><strong>et</strong></span> <span class='ocrx_word' id='word_1_205' title='bbox 767 1899 938 1937; x_wconf 83' lang='lat' dir='ltr'><strong>carmine</strong></span> <span class='ocrx_word' id='word_1_206' title='bbox 957 1900 1128 1939; x_wconf 74' lang='lat' dir='ltr'><strong>exhibet</strong></span> <span class='ocrx_word' id='word_1_207' title='bbox 1157 1912 1235 1950; x_wconf 85' lang='lat' dir='ltr'><strong>pro</strong></span> <span class='ocrx_word' id='word_1_208' title='bbox 1253 1899 1456 1949; x_wconf 85' lang='lat' dir='ltr'><strong>sanguine.</strong></span> <span class='ocrx_word' id='word_1_209' title='bbox 1499 1899 1646 1938; x_wconf 87' lang='lat' dir='ltr'><strong>crinem</strong></span> <span class='ocrx_word' id='word_1_210' title='bbox 1666 1910 1742 1950; x_wconf 86' lang='lat' dir='ltr'><strong>pro</strong></span> <span class='ocrx_word' id='word_1_211' title='bbox 1762 1898 1907 1937; x_wconf 83' lang='lat' dir='ltr'><strong>crimen</strong></span> <span class='ocrx_word' id='word_1_212' title='bbox 1927 1897 2026 1935; x_wconf 86' lang='lat' dir='ltr'><strong>Vat.</strong></span> <span class='ocrx_word' id='word_1_213' title='bbox 2045 1906 2134 1935; x_wconf 88' lang='lat' dir='ltr'><strong>see.</strong></span> 
     </span>
     <span class='ocr_line' id='line_1_27' title="bbox 303 1947 2136 2003; baseline -0.001 -14"><span class='ocrx_word' id='word_1_214' title='bbox 303 1953 437 1989; x_wconf 84' lang='grc'><strong>-594</strong></span> <span class='ocrx_word' id='word_1_215' title='bbox 467 1952 648 1990; x_wconf 82' lang='lat' dir='ltr'><strong>tristatas</strong></span> <span class='ocrx_word' id='word_1_216' title='bbox 674 1953 774 1991; x_wconf 88' lang='lat' dir='ltr'><strong>Vat.</strong></span> <span class='ocrx_word' id='word_1_217' title='bbox 809 1952 945 2003; x_wconf 88' lang='lat' dir='ltr'><strong>quint.</strong></span> <span class='ocrx_word' id='word_1_218' title='bbox 994 1953 1210 1992; x_wconf 73' lang='lat' dir='ltr'><strong>incestatas</strong></span> <span class='ocrx_word' id='word_1_219' title='bbox 1230 1955 1297 1992; x_wconf 88' lang='lat' dir='ltr'><strong>vel</strong></span> <span class='ocrx_word' id='word_1_220' title='bbox 1318 1954 1503 1992; x_wconf 81' lang='lat' dir='ltr'><strong>tristatus</strong></span> <span class='ocrx_word' id='word_1_221' title='bbox 1530 1951 1642 1991; x_wconf 74' lang='lat' dir='ltr'><strong>idem</strong></span> <span class='ocrx_word' id='word_1_222' title='bbox 1676 1952 1912 1991; x_wconf 85' lang='lat' dir='ltr'><strong>Vat.—595</strong></span> <span class='ocrx_word' id='word_1_223' title='bbox 1951 1947 2136 2001; x_wconf 69' lang='lat' dir='ltr'><strong>praesciso</strong></span> 
     </span>
     <span class='ocr_line' id='line_1_28' title="bbox 305 2001 2139 2055; baseline -0.001 -14"><span class='ocrx_word' id='word_1_224' title='bbox 305 2002 455 2042; x_wconf 87' lang='lat' dir='ltr'><strong>Ambr.</strong></span> <span class='ocrx_word' id='word_1_225' title='bbox 477 2016 560 2042; x_wconf 84' lang='lat' dir='ltr'><strong>see.</strong></span> <span class='ocrx_word' id='word_1_226' title='bbox 601 2005 784 2055; x_wconf 78' lang='lat' dir='ltr'><strong>praecisso</strong></span> <span class='ocrx_word' id='word_1_227' title='bbox 803 2005 886 2044; x_wconf 92' lang='lat' dir='ltr'><strong>duo</strong></span> <span class='ocrx_word' id='word_1_228' title='bbox 904 2006 1027 2045; x_wconf 81' lang='lat' dir='ltr'><strong>Vatt.</strong></span> <span class='ocrx_word' id='word_1_229' title='bbox 1050 2007 1146 2045; x_wconf 89' lang='lat' dir='ltr'><strong>Pal.</strong></span> <span class='ocrx_word' id='word_1_230' title='bbox 1169 2006 1285 2047; x_wconf 85' lang='lat' dir='ltr'><strong>Prie.</strong></span> <span class='ocrx_word' id='word_1_231' title='bbox 1307 2008 1424 2046; x_wconf 83' lang='lat' dir='ltr'><strong>Rott.</strong></span> <span class='ocrx_word' id='word_1_232' title='bbox 1445 2006 1579 2046; x_wconf 86' lang='lat' dir='ltr'><strong>Oisel.</strong></span> <span class='ocrx_word' id='word_1_233' title='bbox 1600 2007 1683 2045; x_wconf 90' lang='lat' dir='ltr'><strong>duo</strong></span> <span class='ocrx_word' id='word_1_234' title='bbox 1703 2004 1823 2045; x_wconf 85' lang='lat' dir='ltr'><strong>Med.</strong></span> <span class='ocrx_word' id='word_1_235' title='bbox 1843 2004 1950 2043; x_wconf 88' lang='lat' dir='ltr'><strong>Lov.</strong></span> <span class='ocrx_word' id='word_1_236' title='bbox 1986 2001 2139 2041; x_wconf 81' lang='lat' dir='ltr'><strong>turbas-</strong></span> 
     </span>
     <span class='ocr_line' id='line_1_29' title="bbox 304 2057 2136 2110; baseline 0 -16"><span class='ocrx_word' id='word_1_237' title='bbox 304 2061 386 2094; x_wconf 82' lang='lat' dir='ltr'><strong>sent</strong></span> <span class='ocrx_word' id='word_1_238' title='bbox 419 2057 567 2095; x_wconf 88' lang='lat' dir='ltr'><strong>Ambr.</strong></span> <span class='ocrx_word' id='word_1_239' title='bbox 587 2070 650 2108; x_wconf 88' lang='lat' dir='ltr'><strong>pr.</strong></span> <span class='ocrx_word' id='word_1_240' title='bbox 684 2058 786 2096; x_wconf 90' lang='lat' dir='ltr'><strong>Vat.</strong></span> <span class='ocrx_word' id='word_1_241' title='bbox 807 2064 947 2110; x_wconf 88' lang='lat' dir='ltr'><strong>quart.</strong></span> <span class='ocrx_word' id='word_1_242' title='bbox 986 2060 1214 2098; x_wconf 80' lang='lat' dir='ltr'><strong>recitassent</strong></span> <span class='ocrx_word' id='word_1_243' title='bbox 1233 2060 1336 2099; x_wconf 87' lang='lat' dir='ltr'><strong>Var.</strong></span> <span class='ocrx_word' id='word_1_244' title='bbox 1365 2061 1450 2099; x_wconf 89' lang='lat' dir='ltr'><strong>LL.</strong></span> <span class='ocrx_word' id='word_1_245' title='bbox 1471 2059 1538 2098; x_wconf 89' lang='lat' dir='ltr'><strong>ed.</strong></span> <span class='ocrx_word' id='word_1_246' title='bbox 1566 2058 1700 2099; x_wconf 91' lang='lat' dir='ltr'><strong>Antv.</strong></span> <span class='ocrx_word' id='word_1_247' title='bbox 1742 2060 1955 2098; x_wconf 68' lang='lat' dir='ltr'><strong>nautas-sent</strong></span> <span class='ocrx_word' id='word_1_248' title='bbox 1987 2066 2136 2095; x_wconf 89' lang='lat' dir='ltr'><strong>omnes</strong></span> 
     </span>
     <span class='ocr_line' id='line_1_30' title="bbox 305 2109 2137 2153; baseline 0 -6"><span class='ocrx_word' id='word_1_249' title='bbox 305 2109 426 2149; x_wconf 90' lang='lat' dir='ltr'><strong>Vatt.</strong></span> <span class='ocrx_word' id='word_1_250' title='bbox 456 2111 584 2150; x_wconf 88' lang='lat' dir='ltr'><strong>Farn.</strong></span> <span class='ocrx_word' id='word_1_251' title='bbox 617 2111 735 2150; x_wconf 85' lang='lat' dir='ltr'><strong>Med.</strong></span> <span class='ocrx_word' id='word_1_252' title='bbox 756 2123 838 2151; x_wconf 77' lang='lat' dir='ltr'><strong>see.</strong></span> <span class='ocrx_word' id='word_1_253' title='bbox 885 2116 1086 2151; x_wconf 81' lang='lat' dir='ltr'><strong>nutassent</strong></span> <span class='ocrx_word' id='word_1_254' title='bbox 1105 2113 1227 2153; x_wconf 88' lang='lat' dir='ltr'><strong>Leid.</strong></span> <span class='ocrx_word' id='word_1_255' title='bbox 1255 2125 1342 2152; x_wconf 89' lang='lat' dir='ltr'><strong>see.</strong></span> <span class='ocrx_word' id='word_1_256' title='bbox 1372 2113 1563 2152; x_wconf 80' lang='lat' dir='ltr'><strong>Florent.</strong></span> <span class='ocrx_word' id='word_1_257' title='bbox 1597 2112 1681 2151; x_wconf 91' lang='lat' dir='ltr'><strong>duo</strong></span> <span class='ocrx_word' id='word_1_258' title='bbox 1711 2112 1831 2151; x_wconf 89' lang='lat' dir='ltr'><strong>Med.</strong></span> <span class='ocrx_word' id='word_1_259' title='bbox 1864 2111 1948 2149; x_wconf 91' lang='lat' dir='ltr'><strong>inc.</strong></span> <span class='ocrx_word' id='word_1_260' title='bbox 1983 2109 2137 2149; x_wconf 83' lang='lat' dir='ltr'><strong>Heius.</strong></span> 
     </span>
     <span class='ocr_line' id='line_1_31' title="bbox 305 2163 2139 2206; baseline 0.001 -5"><span class='ocrx_word' id='word_1_261' title='bbox 305 2163 468 2202; x_wconf 86' lang='lat' dir='ltr'><strong>Thuan.</strong></span> <span class='ocrx_word' id='word_1_262' title='bbox 498 2164 658 2203; x_wconf 78' lang='lat' dir='ltr'><strong>Mazar.</strong></span> <span class='ocrx_word' id='word_1_263' title='bbox 687 2165 847 2204; x_wconf 87' lang='lat' dir='ltr'><strong>Moret.</strong></span> <span class='ocrx_word' id='word_1_264' title='bbox 869 2178 954 2204; x_wconf 83' lang='lat' dir='ltr'><strong>sec.</strong></span> <span class='ocrx_word' id='word_1_265' title='bbox 985 2165 1135 2206; x_wconf 87' lang='lat' dir='ltr'><strong>Ambr.</strong></span> <span class='ocrx_word' id='word_1_266' title='bbox 1170 2172 1271 2206; x_wconf 85' lang='lat' dir='ltr'><strong>tert.</strong></span> <span class='ocrx_word' id='word_1_267' title='bbox 1306 2166 1446 2206; x_wconf 84' lang='lat' dir='ltr'><strong>Oxou.</strong></span> <span class='ocrx_word' id='word_1_268' title='bbox 1481 2177 1566 2204; x_wconf 86' lang='lat' dir='ltr'><strong>sec.</strong></span> <span class='ocrx_word' id='word_1_269' title='bbox 1595 2170 1682 2203; x_wconf 87' lang='lat' dir='ltr'><strong>tres</strong></span> <span class='ocrx_word' id='word_1_270' title='bbox 1713 2165 1870 2203; x_wconf 88' lang='lat' dir='ltr'><strong>Petav.</strong></span> <span class='ocrx_word' id='word_1_271' title='bbox 1902 2163 1999 2202; x_wconf 83' lang='lat' dir='ltr'><strong>Ald.</strong></span> <span class='ocrx_word' id='word_1_272' title='bbox 2032 2163 2139 2202; x_wconf 74' lang='lat' dir='ltr'><strong>Exe-</strong></span> 
     </span>
     <span class='ocr_line' id='line_1_32' title="bbox 304 2215 2137 2270; baseline -0.001 -15"><span class='ocrx_word' id='word_1_273' title='bbox 304 2215 486 2256; x_wconf 83' lang='lat' dir='ltr'><strong>Lueens.</strong></span> <span class='ocrx_word' id='word_1_274' title='bbox 520 2229 604 2257; x_wconf 84' lang='lat' dir='ltr'><strong>see.</strong></span> <span class='ocrx_word' id='word_1_275' title='bbox 625 2218 726 2257; x_wconf 90' lang='lat' dir='ltr'><strong>Var.</strong></span> <span class='ocrx_word' id='word_1_276' title='bbox 747 2219 831 2257; x_wconf 88' lang='lat' dir='ltr'><strong>LL.</strong></span> <span class='ocrx_word' id='word_1_277' title='bbox 867 2231 891 2258; x_wconf 91' lang='lat' dir='ltr'><strong>e</strong></span> <span class='ocrx_word' id='word_1_278' title='bbox 923 2231 1059 2270; x_wconf 87' lang='lat' dir='ltr'><strong>marg.</strong></span> <span class='ocrx_word' id='word_1_279' title='bbox 1090 2220 1368 2259; x_wconf 84' lang='lat' dir='ltr'><strong>Parm.—596</strong></span> <span class='ocrx_word' id='word_1_280' title='bbox 1395 2217 1553 2268; x_wconf 77' lang='lat' dir='ltr'><strong>regione</strong></span> <span class='ocrx_word' id='word_1_281' title='bbox 1573 2218 1809 2258; x_wconf 60' lang='lat' dir='ltr'><strong>Pan-59⁷</strong></span> <span class='ocrx_word' id='word_1_282' title='bbox 1843 2215 2022 2255; x_wconf 85' lang='lat' dir='ltr'><strong>Obsidiis</strong></span> <span class='ocrx_word' id='word_1_283' title='bbox 2051 2215 2137 2255; x_wconf 90' lang='lat' dir='ltr'><strong>inc.</strong></span> 
     </span>
    </p>
   </div>
   <div class='ocr_carea' id='block_1_12' title="bbox 1137 2324 1312 2365">
    <p class='ocr_par' dir='ltr' id='par_1_12' title="bbox 1137 2324 1312 2365">
     <span class='ocr_line' id='line_1_33' title="bbox 1137 2324 1312 2365; baseline -0.006 0"><span class='ocrx_word' id='word_1_284' title='bbox 1137 2324 1312 2365; x_wconf 83' lang='lat' dir='ltr'><strong>No&#39;rAE</strong></span> 
     </span>
    </p>
   </div>
   <div class='ocr_carea' id='block_1_13' title="bbox 306 2400 1192 3146">
    <p class='ocr_par' dir='ltr' id='par_1_13' title="bbox 308 2400 1190 2578">
     <span class='ocr_line' id='line_1_34' title="bbox 310 2400 1190 2456; baseline 0.003 -16"><span class='ocrx_word' id='word_1_285' title='bbox 310 2400 549 2452; x_wconf 84' lang='lat' dir='ltr'><strong>cicatrices,</strong></span> <span class='ocrx_word' id='word_1_286' title='bbox 584 2403 666 2442; x_wconf 78' lang='lat' dir='ltr'><strong>etsi</strong></span> <span class='ocrx_word' id='word_1_287' title='bbox 698 2403 917 2443; x_wconf 85' lang='lat' dir='ltr'><strong>colludere</strong></span> <span class='ocrx_word' id='word_1_288' title='bbox 946 2403 1190 2456; x_wconf 82' lang='lat' dir='ltr'><strong>fingebatur</strong></span> 
     </span>
     <span class='ocr_line' id='line_1_35' title="bbox 308 2462 1190 2515; baseline 0.005 -13"><span class='ocrx_word' id='word_1_289' title='bbox 308 2476 405 2503; x_wconf 91' lang='lat' dir='ltr'><strong>cum</strong></span> <span class='ocrx_word' id='word_1_290' title='bbox 425 2462 613 2515; x_wconf 90' lang='lat' dir='ltr'><strong>Alarico,</strong></span> <span class='ocrx_word' id='word_1_291' title='bbox 634 2470 777 2505; x_wconf 89' lang='lat' dir='ltr'><strong>tamen</strong></span> <span class='ocrx_word' id='word_1_292' title='bbox 795 2466 1023 2507; x_wconf 86' lang='lat' dir='ltr'><strong>Stilichoni</strong></span> <span class='ocrx_word' id='word_1_293' title='bbox 1041 2467 1190 2508; x_wconf 89' lang='lat' dir='ltr'><strong>lubens</strong></span> 
     </span>
     <span class='ocr_line' id='line_1_36' title="bbox 308 2527 945 2578; baseline 0.006 -13"><span class='ocrx_word' id='word_1_294' title='bbox 308 2527 465 2578; x_wconf 88' lang='lat' dir='ltr'><strong>paruit,</strong></span> <span class='ocrx_word' id='word_1_295' title='bbox 494 2540 573 2568; x_wconf 90' lang='lat' dir='ltr'><strong>nec</strong></span> <span class='ocrx_word' id='word_1_296' title='bbox 593 2528 807 2569; x_wconf 86' lang='lat' dir='ltr'><strong>dubitavit</strong></span> <span class='ocrx_word' id='word_1_297' title='bbox 825 2530 945 2570; x_wconf 88' lang='lat' dir='ltr'><strong>mori.</strong></span> 
     </span>
    </p>

    <p class='ocr_par' dir='ltr' id='par_1_14' title="bbox 306 2592 1192 2888">
     <span class='ocr_line' id='line_1_37' title="bbox 359 2592 1192 2644; baseline 0.005 -14"><span class='ocrx_word' id='word_1_298' title='bbox 359 2594 440 2631; x_wconf 84' lang='grc'><strong>589</strong></span> <span class='ocrx_word' id='word_1_299' title='bbox 470 2592 706 2644; x_wconf 78' lang='lat' dir='ltr'><strong>Momm-dit]</strong></span> <span class='ocrx_word' id='word_1_300' title='bbox 763 2593 815 2633; x_wconf 89' lang='lat' dir='ltr'><strong>In</strong></span> <span class='ocrx_word' id='word_1_301' title='bbox 863 2594 993 2634; x_wconf 89' lang='lat' dir='ltr'><strong>Italia</strong></span> <span class='ocrx_word' id='word_1_302' title='bbox 1028 2594 1192 2634; x_wconf 81' lang='lat' dir='ltr'><strong>occisus</strong></span> 
     </span>
     <span class='ocr_line' id='line_1_38' title="bbox 307 2654 1190 2698; baseline 0.005 -5"><span class='ocrx_word' id='word_1_303' title='bbox 307 2654 540 2694; x_wconf 89' lang='lat' dir='ltr'><strong>momordit</strong></span> <span class='ocrx_word' id='word_1_304' title='bbox 559 2660 716 2696; x_wconf 85' lang='lat' dir='ltr'><strong>terram</strong></span> <span class='ocrx_word' id='word_1_305' title='bbox 734 2670 744 2696; x_wconf 72' lang='grc' dir='ltr'><strong>ε</strong></span> <span class='ocrx_word' id='word_1_306' title='bbox 777 2657 822 2696; x_wconf 87' lang='lat' dir='ltr'><strong>id</strong></span> <span class='ocrx_word' id='word_1_307' title='bbox 841 2656 1062 2697; x_wconf 86' lang='lat' dir='ltr'><strong>faciebant</strong></span> <span class='ocrx_word' id='word_1_308' title='bbox 1081 2658 1190 2698; x_wconf 89' lang='lat' dir='ltr'><strong>anti-</strong></span> 
     </span>
     <span class='ocr_line' id='line_1_39' title="bbox 308 2717 1191 2773; baseline 0.008 -18"><span class='ocrx_word' id='word_1_309' title='bbox 308 2717 396 2768; x_wconf 91' lang='lat' dir='ltr'><strong>qui,</strong></span> <span class='ocrx_word' id='word_1_310' title='bbox 430 2729 484 2758; x_wconf 90' lang='lat' dir='ltr'><strong>ne</strong></span> <span class='ocrx_word' id='word_1_311' title='bbox 521 2718 602 2758; x_wconf 87' lang='lat' dir='ltr'><strong>sibi</strong></span> <span class='ocrx_word' id='word_1_312' title='bbox 638 2720 917 2760; x_wconf 84' lang='lat' dir='ltr'><strong>morientibus</strong></span> <span class='ocrx_word' id='word_1_313' title='bbox 949 2734 1024 2761; x_wconf 89' lang='lat' dir='ltr'><strong>ora</strong></span> <span class='ocrx_word' id='word_1_314' title='bbox 1060 2734 1191 2773; x_wconf 89' lang='lat' dir='ltr'><strong>prave</strong></span> 
     </span>
     <span class='ocr_line' id='line_1_40' title="bbox 308 2781 1191 2836; baseline 0.007 -16"><span class='ocrx_word' id='word_1_315' title='bbox 308 2786 503 2821; x_wconf 88' lang='lat' dir='ltr'><strong>contorta</strong></span> <span class='ocrx_word' id='word_1_316' title='bbox 524 2781 790 2823; x_wconf 87' lang='lat' dir='ltr'><strong>viderentur.</strong></span> <span class='ocrx_word' id='word_1_317' title='bbox 846 2785 1054 2836; x_wconf 89' lang='lat' dir='ltr'><strong>Virgilius</strong></span> <span class='ocrx_word' id='word_1_318' title='bbox 1072 2799 1082 2824; x_wconf 89' lang='lat'><strong>:</strong></span> <span class='ocrx_word' id='word_1_319' title='bbox 1106 2791 1116 2807; x_wconf 87' lang='lat'>‘</span> <span class='ocrx_word' id='word_1_320' title='bbox 1133 2787 1191 2826; x_wconf 93' lang='lat' dir='ltr'><strong>Et</strong></span> 
     </span>
     <span class='ocr_line' id='line_1_41' title="bbox 306 2845 1191 2888; baseline 0.007 -6"><span class='ocrx_word' id='word_1_321' title='bbox 306 2845 476 2883; x_wconf 85' lang='lat' dir='ltr'><strong>humum</strong></span> <span class='ocrx_word' id='word_1_322' title='bbox 496 2846 683 2886; x_wconf 90' lang='lat' dir='ltr'><strong>moriens</strong></span> <span class='ocrx_word' id='word_1_323' title='bbox 699 2848 832 2886; x_wconf 89' lang='lat' dir='ltr'><strong>semel</strong></span> <span class='ocrx_word' id='word_1_324' title='bbox 845 2847 917 2887; x_wconf 91' lang='lat' dir='ltr'><strong>ille</strong></span> <span class='ocrx_word' id='word_1_325' title='bbox 933 2848 1191 2888; x_wconf 67' lang='lat' dir='ltr'><strong>momordit!</strong></span> 
     </span>
    </p>

    <p class='ocr_par' dir='ltr' id='par_1_15' title="bbox 310 2908 1192 3146">
     <span class='ocr_line' id='line_1_42' title="bbox 360 2908 1191 2961; baseline 0.006 -16"><span class='ocrx_word' id='word_1_326' title='bbox 360 2910 440 2946; x_wconf 89' lang='grc'><strong>590</strong></span> <span class='ocrx_word' id='word_1_327' title='bbox 470 2908 642 2959; x_wconf 81' lang='lat' dir='ltr'><strong>Elysiis]</strong></span> <span class='ocrx_word' id='word_1_328' title='bbox 673 2909 842 2960; x_wconf 85' lang='lat' dir='ltr'><strong>Dignus</strong></span> <span class='ocrx_word' id='word_1_329' title='bbox 862 2910 1017 2961; x_wconf 86' lang='lat' dir='ltr'><strong>Elysiis</strong></span> <span class='ocrx_word' id='word_1_330' title='bbox 1033 2911 1086 2951; x_wconf 94' lang='lat' dir='ltr'><strong>ob</strong></span> <span class='ocrx_word' id='word_1_331' title='bbox 1108 2911 1191 2950; x_wconf 89' lang='lat' dir='ltr'><strong>vir-</strong></span> 
     </span>
     <span class='ocr_line' id='line_1_43' title="bbox 310 2970 1192 3027; baseline 0.009 -21"><span class='ocrx_word' id='word_1_332' title='bbox 310 2971 462 3018; x_wconf 86' lang='lat' dir='ltr'><strong>tutem,</strong></span> <span class='ocrx_word' id='word_1_333' title='bbox 513 2970 583 3008; x_wconf 89' lang='lat' dir='ltr'><strong>eui</strong></span> <span class='ocrx_word' id='word_1_334' title='bbox 621 2970 850 3024; x_wconf 88' lang='lat' dir='ltr'><strong>debentur,</strong></span> <span class='ocrx_word' id='word_1_335' title='bbox 892 2985 946 3012; x_wconf 87' lang='lat' dir='ltr'><strong>ex</strong></span> <span class='ocrx_word' id='word_1_336' title='bbox 991 2975 1192 3027; x_wconf 86' lang='lat' dir='ltr'><strong>Virgilio,</strong></span> 
     </span>
     <span class='ocr_line' id='line_1_44' title="bbox 310 3031 1190 3084; baseline 0.013 -16"><span class='ocrx_word' id='word_1_337' title='bbox 310 3031 323 3053; x_wconf 89' lang='lat'>‘</span> <span class='ocrx_word' id='word_1_338' title='bbox 339 3042 507 3070; x_wconf 85' lang='lat' dir='ltr'><strong>amoena</strong></span> <span class='ocrx_word' id='word_1_339' title='bbox 526 3033 679 3084; x_wconf 88' lang='lat' dir='ltr'><strong>vireta,</strong></span> <span class='ocrx_word' id='word_1_340' title='bbox 697 3035 1030 3077; x_wconf 87' lang='lat' dir='ltr'><strong>Fortunatorum</strong></span> <span class='ocrx_word' id='word_1_341' title='bbox 1048 3050 1190 3079; x_wconf 90' lang='lat' dir='ltr'><strong>nemo-</strong></span> 
     </span>
     <span class='ocr_line' id='line_1_45' title="bbox 313 3093 830 3146; baseline 0.01 -15"><span class='ocrx_word' id='word_1_342' title='bbox 313 3105 405 3132; x_wconf 90' lang='lat' dir='ltr'><strong>rum</strong></span> <span class='ocrx_word' id='word_1_343' title='bbox 426 3093 636 3146; x_wconf 85' lang='lat' dir='ltr'><strong>sedesque</strong></span> <span class='ocrx_word' id='word_1_344' title='bbox 656 3095 830 3136; x_wconf 64' lang='lat' dir='ltr'><strong>beata-J</strong></span> 
     </span>
    </p>
   </div>
   <div class='ocr_carea' id='block_1_14' title="bbox 308 3159 1190 3261">
    <p class='ocr_par' dir='ltr' id='par_1_16' title="bbox 308 3159 1190 3261">
     <span class='ocr_line' id='line_1_46' title="bbox 366 3159 1190 3212; baseline 0.013 -16"><span class='ocrx_word' id='word_1_345' title='bbox 366 3159 570 3210; x_wconf 83' lang='lat' dir='ltr'><strong>Carmine]</strong></span> <span class='ocrx_word' id='word_1_346' title='bbox 603 3160 769 3212; x_wconf 85' lang='lat' dir='ltr'><strong>Dignus</strong></span> <span class='ocrx_word' id='word_1_347' title='bbox 788 3168 950 3203; x_wconf 81' lang='lat' dir='ltr'><strong>aeterna</strong></span> <span class='ocrx_word' id='word_1_348' title='bbox 968 3165 1190 3207; x_wconf 90' lang='lat' dir='ltr'><strong>Musarum</strong></span> 
     </span>
     <span class='ocr_line' id='line_1_47' title="bbox 308 3231 525 3261; baseline 0.005 -2"><span class='ocrx_word' id='word_1_349' title='bbox 308 3231 525 3261; x_wconf 79' lang='lat' dir='ltr'><strong>memorm.</strong></span> 
     </span>
    </p>
   </div>
   <div class='ocr_carea' id='block_1_15' title="bbox 311 3284 1194 3467">
    <p class='ocr_par' dir='ltr' id='par_1_17' title="bbox 311 3284 1194 3467">
     <span class='ocr_line' id='line_1_48' title="bbox 365 3284 1194 3344; baseline 0.012 -22"><span class='ocrx_word' id='word_1_350' title='bbox 365 3286 445 3323; x_wconf 83' lang='grc'><strong>592</strong></span> <span class='ocrx_word' id='word_1_351' title='bbox 480 3284 550 3325; x_wconf 86' lang='lat' dir='ltr'><strong>Vel</strong></span> <span class='ocrx_word' id='word_1_352' title='bbox 578 3286 654 3324; x_wconf 89' lang='lat' dir='ltr'><strong>leto</strong></span> <span class='ocrx_word' id='word_1_353' title='bbox 678 3287 871 3338; x_wconf 84' lang='lat' dir='ltr'><strong>purgare]</strong></span> <span class='ocrx_word' id='word_1_354' title='bbox 918 3289 1080 3342; x_wconf 87' lang='lat' dir='ltr'><strong>Morte,</strong></span> <span class='ocrx_word' id='word_1_355' title='bbox 1110 3303 1194 3344; x_wconf 84' lang='lat' dir='ltr'><strong>qua</strong></span> 
     </span>
     <span class='ocr_line' id='line_1_49' title="bbox 311 3346 1190 3405; baseline 0.008 -19"><span class='ocrx_word' id='word_1_356' title='bbox 311 3346 415 3386; x_wconf 87' lang='lat' dir='ltr'><strong>nihil</strong></span> <span class='ocrx_word' id='word_1_357' title='bbox 435 3353 501 3387; x_wconf 84' lang='lat' dir='ltr'><strong>est</strong></span> <span class='ocrx_word' id='word_1_358' title='bbox 520 3350 779 3401; x_wconf 87' lang='lat' dir='ltr'><strong>corruptius,</strong></span> <span class='ocrx_word' id='word_1_359' title='bbox 798 3362 981 3403; x_wconf 85' lang='lat' dir='ltr'><strong>purgare</strong></span> <span class='ocrx_word' id='word_1_360' title='bbox 1014 3359 1060 3394; x_wconf 90' lang='lat' dir='ltr'><strong>et</strong></span> <span class='ocrx_word' id='word_1_361' title='bbox 1093 3365 1190 3405; x_wconf 90' lang='lat' dir='ltr'><strong>pro·</strong></span> 
     </span>
     <span class='ocr_line' id='line_1_50' title="bbox 314 3409 1190 3467; baseline 0.009 -18"><span class='ocrx_word' id='word_1_362' title='bbox 314 3410 416 3451; x_wconf 87' lang='lat' dir='ltr'><strong>bare</strong></span> <span class='ocrx_word' id='word_1_363' title='bbox 443 3409 588 3452; x_wconf 83' lang='lat' dir='ltr'><strong>fidem.</strong></span> <span class='ocrx_word' id='word_1_364' title='bbox 643 3411 798 3454; x_wconf 81' lang='lat' dir='ltr'><strong>AEmuli</strong></span> <span class='ocrx_word' id='word_1_365' title='bbox 814 3425 971 3467; x_wconf 86' lang='lat' dir='ltr'><strong>nempe</strong></span> <span class='ocrx_word' id='word_1_366' title='bbox 991 3416 1190 3458; x_wconf 81' lang='lat' dir='ltr'><strong>Stilicho·</strong></span> 
     </span>
    </p>
   </div>
   <div class='ocr_carea' id='block_1_16' title="bbox 1256 2401 2142 3468">
    <p class='ocr_par' dir='ltr' id='par_1_18' title="bbox 1256 2401 2142 2761">
     <span class='ocr_line' id='line_1_51' title="bbox 1256 2401 2140 2451; baseline -0.005 -8"><span class='ocrx_word' id='word_1_367' title='bbox 1256 2404 1321 2443; x_wconf 88' lang='lat' dir='ltr'><strong>nis</strong></span> <span class='ocrx_word' id='word_1_368' title='bbox 1355 2403 1676 2444; x_wconf 85' lang='lat' dir='ltr'><strong>insusurrabant</strong></span> <span class='ocrx_word' id='word_1_369' title='bbox 1700 2402 1909 2451; x_wconf 90' lang='lat' dir='ltr'><strong>Honorio,</strong></span> <span class='ocrx_word' id='word_1_370' title='bbox 1941 2401 2140 2441; x_wconf 89' lang='lat' dir='ltr'><strong>Stilicho·</strong></span> 
     </span>
     <span class='ocr_line' id='line_1_52' title="bbox 1256 2462 2137 2517; baseline -0.003 -12"><span class='ocrx_word' id='word_1_371' title='bbox 1256 2478 1354 2506; x_wconf 90' lang='lat' dir='ltr'><strong>nem</strong></span> <span class='ocrx_word' id='word_1_372' title='bbox 1389 2479 1458 2507; x_wconf 90' lang='lat' dir='ltr'><strong>res</strong></span> <span class='ocrx_word' id='word_1_373' title='bbox 1482 2479 1614 2507; x_wconf 86' lang='lat' dir='ltr'><strong>novas</strong></span> <span class='ocrx_word' id='word_1_374' title='bbox 1664 2466 1871 2517; x_wconf 84' lang='lat' dir='ltr'><strong>cogitare,</strong></span> <span class='ocrx_word' id='word_1_375' title='bbox 1904 2469 1949 2504; x_wconf 88' lang='lat' dir='ltr'><strong>et</strong></span> <span class='ocrx_word' id='word_1_376' title='bbox 1977 2462 2137 2503; x_wconf 86' lang='lat' dir='ltr'><strong>Alanos</strong></span> 
     </span>
     <span class='ocr_line' id='line_1_53' title="bbox 1258 2526 2140 2571; baseline -0.006 -1"><span class='ocrx_word' id='word_1_377' title='bbox 1258 2543 1355 2570; x_wconf 90' lang='lat' dir='ltr'><strong>cum</strong></span> <span class='ocrx_word' id='word_1_378' title='bbox 1377 2530 1610 2571; x_wconf 87' lang='lat' dir='ltr'><strong>Stilichone</strong></span> <span class='ocrx_word' id='word_1_379' title='bbox 1628 2535 1674 2569; x_wconf 88' lang='lat' dir='ltr'><strong>et</strong></span> <span class='ocrx_word' id='word_1_380' title='bbox 1690 2529 1864 2569; x_wconf 86' lang='lat' dir='ltr'><strong>Alarico</strong></span> <span class='ocrx_word' id='word_1_381' title='bbox 1885 2528 1995 2567; x_wconf 88' lang='lat' dir='ltr'><strong>clam</strong></span> <span class='ocrx_word' id='word_1_382' title='bbox 2009 2526 2140 2567; x_wconf 88' lang='lat' dir='ltr'><strong>collu-</strong></span> 
     </span>
     <span class='ocr_line' id='line_1_54' title="bbox 1258 2591 2142 2644; baseline -0.005 -10"><span class='ocrx_word' id='word_1_383' title='bbox 1258 2593 1376 2634; x_wconf 88' lang='lat' dir='ltr'><strong>dere.</strong></span> <span class='ocrx_word' id='word_1_384' title='bbox 1418 2596 1519 2634; x_wconf 86' lang='lat' dir='ltr'><strong>Dux</strong></span> <span class='ocrx_word' id='word_1_385' title='bbox 1540 2593 1720 2644; x_wconf 83' lang='lat' dir='ltr'><strong>Alanus,</strong></span> <span class='ocrx_word' id='word_1_386' title='bbox 1734 2605 1787 2633; x_wconf 82' lang='lat' dir='ltr'><strong>ex</strong></span> <span class='ocrx_word' id='word_1_387' title='bbox 1808 2591 2061 2640; x_wconf 90' lang='lat' dir='ltr'><strong>Claudiano,</strong></span> <span class='ocrx_word' id='word_1_388' title='bbox 2077 2595 2142 2630; x_wconf 88' lang='lat' dir='ltr'><strong>to-</strong></span> 
     </span>
     <span class='ocr_line' id='line_1_55' title="bbox 1258 2656 2139 2706; baseline -0.003 -10"><span class='ocrx_word' id='word_1_389' title='bbox 1258 2663 1348 2697; x_wconf 91' lang='lat' dir='ltr'><strong>tum</strong></span> <span class='ocrx_word' id='word_1_390' title='bbox 1385 2658 1427 2697; x_wconf 92' lang='lat' dir='ltr'><strong>id</strong></span> <span class='ocrx_word' id='word_1_391' title='bbox 1457 2656 1613 2698; x_wconf 89' lang='lat' dir='ltr'><strong>falsum</strong></span> <span class='ocrx_word' id='word_1_392' title='bbox 1647 2669 1742 2697; x_wconf 91' lang='lat' dir='ltr'><strong>esse</strong></span> <span class='ocrx_word' id='word_1_393' title='bbox 1776 2669 1853 2696; x_wconf 87' lang='lat' dir='ltr'><strong>sua</strong></span> <span class='ocrx_word' id='word_1_394' title='bbox 1882 2659 2020 2695; x_wconf 89' lang='lat' dir='ltr'><strong>morte</strong></span> <span class='ocrx_word' id='word_1_395' title='bbox 2041 2665 2139 2706; x_wconf 88' lang='lat' dir='ltr'><strong>pro·</strong></span> 
     </span>
     <span class='ocr_line' id='line_1_56' title="bbox 1258 2721 1390 2761; baseline 0 -1"><span class='ocrx_word' id='word_1_396' title='bbox 1258 2721 1390 2761; x_wconf 90' lang='lat' dir='ltr'><strong>bavit.</strong></span> 
     </span>
    </p>

    <p class='ocr_par' dir='ltr' id='par_1_19' title="bbox 1258 2780 2140 3149">
     <span class='ocr_line' id='line_1_57' title="bbox 1312 2780 2140 2833; baseline -0.002 -11"><span class='ocrx_word' id='word_1_397' title='bbox 1312 2782 1457 2823; x_wconf 82' lang='lat' dir='ltr'><strong>Jndice</strong></span> <span class='ocrx_word' id='word_1_398' title='bbox 1465 2781 1598 2833; x_wconf 87' lang='lat' dir='ltr'><strong>ferro]</strong></span> <span class='ocrx_word' id='word_1_399' title='bbox 1641 2783 1744 2822; x_wconf 85' lang='lat' dir='ltr'><strong>Dux</strong></span> <span class='ocrx_word' id='word_1_400' title='bbox 1763 2781 1942 2832; x_wconf 84' lang='lat' dir='ltr'><strong>Alanus,</strong></span> <span class='ocrx_word' id='word_1_401' title='bbox 1977 2780 2063 2820; x_wconf 87' lang='lat' dir='ltr'><strong>suis</strong></span> <span class='ocrx_word' id='word_1_402' title='bbox 2092 2783 2140 2820; x_wconf 84' lang='lat' dir='ltr'><strong>et</strong></span> 
     </span>
     <span class='ocr_line' id='line_1_58' title="bbox 1259 2843 2140 2897; baseline -0.005 -11"><span class='ocrx_word' id='word_1_403' title='bbox 1259 2846 1387 2886; x_wconf 83' lang='lat' dir='ltr'><strong>armis</strong></span> <span class='ocrx_word' id='word_1_404' title='bbox 1400 2852 1446 2886; x_wconf 90' lang='lat' dir='ltr'><strong>et</strong></span> <span class='ocrx_word' id='word_1_405' title='bbox 1462 2846 1621 2885; x_wconf 90' lang='lat' dir='ltr'><strong>virtute</strong></span> <span class='ocrx_word' id='word_1_406' title='bbox 1642 2851 1687 2885; x_wconf 90' lang='lat' dir='ltr'><strong>et</strong></span> <span class='ocrx_word' id='word_1_407' title='bbox 1706 2845 1914 2897; x_wconf 82' lang='lat' dir='ltr'><strong>sanguine</strong></span> <span class='ocrx_word' id='word_1_408' title='bbox 1933 2843 2055 2883; x_wconf 80' lang='lat' dir='ltr'><strong>dedit</strong></span> <span class='ocrx_word' id='word_1_409' title='bbox 2068 2853 2140 2883; x_wconf 87' lang='lat' dir='ltr'><strong>oe-</strong></span> 
     </span>
     <span class='ocr_line' id='line_1_59' title="bbox 1258 2905 2138 2961; baseline -0.005 -11"><span class='ocrx_word' id='word_1_410' title='bbox 1258 2910 1469 2951; x_wconf 86' lang='lat' dir='ltr'><strong>easionem</strong></span> <span class='ocrx_word' id='word_1_411' title='bbox 1483 2909 1726 2961; x_wconf 88' lang='lat' dir='ltr'><strong>judicandi,</strong></span> <span class='ocrx_word' id='word_1_412' title='bbox 1752 2909 1913 2948; x_wconf 88' lang='lat' dir='ltr'><strong>crimen</strong></span> <span class='ocrx_word' id='word_1_413' title='bbox 1943 2905 2138 2959; x_wconf 76' lang='lat' dir='ltr'><strong>perfidiae</strong></span> 
     </span>
     <span class='ocr_line' id='line_1_60' title="bbox 1258 2969 2140 3025; baseline -0.008 -11"><span class='ocrx_word' id='word_1_414' title='bbox 1258 2975 1301 3014; x_wconf 92' lang='lat' dir='ltr'><strong>in</strong></span> <span class='ocrx_word' id='word_1_415' title='bbox 1324 2976 1537 3014; x_wconf 83' lang='lat' dir='ltr'><strong>Romanos</strong></span> <span class='ocrx_word' id='word_1_416' title='bbox 1555 2973 1638 3025; x_wconf 85' lang='lat' dir='ltr'><strong>ipsi</strong></span> <span class='ocrx_word' id='word_1_417' title='bbox 1658 2971 1863 3021; x_wconf 87' lang='lat' dir='ltr'><strong>affictum,</strong></span> <span class='ocrx_word' id='word_1_418' title='bbox 1882 2981 1975 3010; x_wconf 84' lang='lat' dir='ltr'><strong>esse</strong></span> <span class='ocrx_word' id='word_1_419' title='bbox 1994 2969 2140 3008; x_wconf 84' lang='lat' dir='ltr'><strong>imme·</strong></span> 
     </span>
     <span class='ocr_line' id='line_1_61' title="bbox 1258 3033 2139 3087; baseline -0.007 -10"><span class='ocrx_word' id='word_1_420' title='bbox 1258 3038 1388 3077; x_wconf 89' lang='lat' dir='ltr'><strong>ritum</strong></span> <span class='ocrx_word' id='word_1_421' title='bbox 1408 3042 1453 3077; x_wconf 88' lang='lat' dir='ltr'><strong>et</strong></span> <span class='ocrx_word' id='word_1_422' title='bbox 1469 3036 1644 3077; x_wconf 83' lang='lat' dir='ltr'><strong>falsum:</strong></span> <span class='ocrx_word' id='word_1_423' title='bbox 1666 3034 1779 3087; x_wconf 88' lang='lat' dir='ltr'><strong>apud</strong></span> <span class='ocrx_word' id='word_1_424' title='bbox 1792 3033 2139 3084; x_wconf 82' lang='lat' dir='ltr'><strong>Jureconsultos,</strong></span> 
     </span>
     <span class='ocr_line' id='line_1_62' title="bbox 1262 3087 1611 3149; baseline -0.003 -9"><span class='ocrx_word' id='word_1_425' title='bbox 1262 3102 1397 3140; x_wconf 78' lang='lat' dir='ltr'><strong>Ultore</strong></span> <span class='ocrx_word' id='word_1_426' title='bbox 1403 3098 1531 3149; x_wconf 85' lang='lat' dir='ltr'><strong>ferro.</strong></span> <span class='ocrx_word' id='word_1_427' title='bbox 1602 3087 1611 3099; x_wconf 61' lang='grc'><em>”</em></span> 
     </span>
    </p>

    <p class='ocr_par' dir='ltr' id='par_1_20' title="bbox 1260 3157 2140 3326">
     <span class='ocr_line' id='line_1_63' title="bbox 1311 3157 2139 3211; baseline -0.004 -10"><span class='ocrx_word' id='word_1_428' title='bbox 1311 3164 1391 3202; x_wconf 88' lang='grc'><strong>594</strong></span> <span class='ocrx_word' id='word_1_429' title='bbox 1421 3159 1643 3211; x_wconf 84' lang='lat' dir='ltr'><strong>Flectebat]</strong></span> <span class='ocrx_word' id='word_1_430' title='bbox 1676 3160 1787 3200; x_wconf 83' lang='lat' dir='ltr'><strong>Haec</strong></span> <span class='ocrx_word' id='word_1_431' title='bbox 1808 3164 1873 3199; x_wconf 87' lang='lat' dir='ltr'><strong>est</strong></span> <span class='ocrx_word' id='word_1_432' title='bbox 1893 3157 2139 3199; x_wconf 83' lang='lat' dir='ltr'><strong>Stilichonis</strong></span> 
     </span>
     <span class='ocr_line' id='line_1_64' title="bbox 1260 3222 2140 3275; baseline -0.003 -12"><span class='ocrx_word' id='word_1_433' title='bbox 1260 3223 1379 3275; x_wconf 86' lang='lat' dir='ltr'><strong>fuga,</strong></span> <span class='ocrx_word' id='word_1_434' title='bbox 1397 3235 1521 3275; x_wconf 83' lang='lat' dir='ltr'><strong>quam</strong></span> <span class='ocrx_word' id='word_1_435' title='bbox 1537 3229 1631 3274; x_wconf 84' lang='lat' dir='ltr'><strong>post</strong></span> <span class='ocrx_word' id='word_1_436' title='bbox 1651 3222 1740 3274; x_wconf 79' lang='lat' dir='ltr'><strong>ejus</strong></span> <span class='ocrx_word' id='word_1_437' title='bbox 1754 3222 1918 3262; x_wconf 88' lang='lat' dir='ltr'><strong>eaedem</strong></span> <span class='ocrx_word' id='word_1_438' title='bbox 1939 3226 2140 3261; x_wconf 81' lang='lat' dir='ltr'><strong>auctores</strong></span> 
     </span>
     <span class='ocr_line' id='line_1_65' title="bbox 1260 3286 1563 3326; baseline 0 0"><span class='ocrx_word' id='word_1_439' title='bbox 1260 3286 1321 3326; x_wconf 87' lang='lat' dir='ltr'><strong>sie</strong></span> <span class='ocrx_word' id='word_1_440' title='bbox 1339 3290 1563 3326; x_wconf 83' lang='lat' dir='ltr'><strong>auxerunt.</strong></span> 
     </span>
    </p>

    <p class='ocr_par' dir='ltr' id='par_1_21' title="bbox 1256 3344 2140 3468">
     <span class='ocr_line' id='line_1_66' title="bbox 1310 3344 2140 3402; baseline -0.004 -13"><span class='ocrx_word' id='word_1_441' title='bbox 1310 3353 1390 3389; x_wconf 83' lang='grc'><strong>597</strong></span> <span class='ocrx_word' id='word_1_442' title='bbox 1418 3348 1618 3390; x_wconf 84' lang='lat' dir='ltr'><strong>Subsidiis</strong></span> <span class='ocrx_word' id='word_1_443' title='bbox 1631 3349 1826 3402; x_wconf 82' lang='lat' dir='ltr'><strong>peditum]</strong></span> <span class='ocrx_word' id='word_1_444' title='bbox 1855 3349 1911 3387; x_wconf 87' lang='lat' dir='ltr'><strong>Et</strong></span> <span class='ocrx_word' id='word_1_445' title='bbox 1929 3346 2042 3388; x_wconf 88' lang='lat' dir='ltr'><strong>forte</strong></span> <span class='ocrx_word' id='word_1_446' title='bbox 2051 3344 2140 3386; x_wconf 82' lang='lat' dir='ltr'><strong>Sti-</strong></span> 
     </span>
     <span class='ocr_line' id='line_1_67' title="bbox 1256 3409 2138 3468; baseline -0.005 -15"><span class='ocrx_word' id='word_1_447' title='bbox 1256 3413 1385 3468; x_wconf 89' lang='lat' dir='ltr'><strong>licho,</strong></span> <span class='ocrx_word' id='word_1_448' title='bbox 1412 3415 1628 3455; x_wconf 86' lang='lat' dir='ltr'><strong>Caesarem</strong></span> <span class='ocrx_word' id='word_1_449' title='bbox 1659 3413 1867 3466; x_wconf 85' lang='lat' dir='ltr'><strong>imitatus,</strong></span> <span class='ocrx_word' id='word_1_450' title='bbox 1889 3423 2046 3465; x_wconf 89' lang='lat' dir='ltr'><strong>equum</strong></span> <span class='ocrx_word' id='word_1_451' title='bbox 2074 3409 2138 3450; x_wconf 84' lang='lat' dir='ltr'><strong>di-</strong></span> 
     </span>
    </p>
   </div>
  </div>
 </body>
</html>
