2300 3906
630 190 694 229 IN
735 192 775 239 Ι.
817 191 989 231 coNs.
1029 190 1292 230 STlmcn.
1337 191 1451 229 Lm.
1492 192 1560 229 11.
1876 185 1985 238 633

179 317 413 373 Miratur
434 320 670 373 conviva
692 328 878 386 parem
899 338 913 385 3
951 326 1077 374 cnm
1100 327 1256 375 tanta
1279 326 1527 390 potestas
1575 372 1578 374 ,

179 401 373 454 Civem
393 403 530 455 lenis
557 405 699 468 agat.
770 403 853 455 Te
879 405 1076 469 doctus
1100 408 1287 474 prisca
1308 406 1637 472 loquentem,

173 484 259 535 Te
283 491 494 537 matura
517 499 688 536 senex
715 485 888 549 audit,
913 493 969 539 te
993 488 1161 540 fortia
1184 489 1374 541 miles:
1628 505 1630 508 ’

173 565 440 634 Aspersis
467 567 697 630 salibus,
725 571 929 636 quibus
955 572 1105 623 haud
1127 571 1445 638 Amphiona
1468 572 1758 640 quisquam
1879 573 1983 626 170

174 649 440 702 Praeferat
462 648 678 701 Aonios
703 652 1063 705 meditantem
1090 654 1328 706 carmine
1353 668 1538 704 muros
1559 670 1572 705 t

173 731 297 784 Nec
321 732 454 784 velit
477 731 698 800 Orpheo
721 735 1022 800 migrantes
1048 736 1268 803 pectine
1295 736 1500 804 sylvas·

171 815 324 868 Hinc
350 831 520 877 amor,
550 818 674 869 hine
702 818 865 881 veriS,
893 822 947 870 et
970 835 1079 870 non
1102 819 1414 882 fallacibuS,
1441 836 1627 873 omnes

169 898 281 952 Pro
306 903 359 952 te
386 900 588 951 soliciti
613 902 792 954 votis:
830 903 955 955 hinc
982 920 1182 955 nomen
1205 905 1408 971 ubique

167 982 493 1046 plausibus,
519 986 731 1037 auratis
759 987 1038 1039 celebrant
1061 987 1190 1040 hinc
1218 1004 1313 1040 ora
1335 988 1537 1055 figuris,
1874 993 1982 1045 175

169 1065 312 1129 Quae
339 1082 450 1118 non
474 1066 698 1118 incudes
726 1072 1059 1136 streperent?
1099 1087 1223 1137 quae
1250 1072 1470 1124 flamma
1496 1078 1712 1126 vacaret

166 1147 446 1202 Fabrilis't
486 1152 709 1218 quantis
729 1151 959 1205 fluerent
982 1153 1304 1205 fornacibus
1333 1170 1465 1217 aera,

160 1311 307 1351 ratoris
321 1316 359 1351 et
387 1312 548 1354 Patrem
569 1314 685 1366 Reip.
712 1316 870 1355 conviva
888 1315 1051 1366 suspicit
1076 1316 1241 1356 similem
1269 1316 1383 1365 aliis3
1411 1329 1496 1356 cum
1515 1320 1626 1356 tanta
1643 1316 1815 1366 dignitas
1839 1319 1978 1358 leniter

161 1365 436 1405 administrata
454 1378 549 1406 enm
568 1369 743 1408 ostendat
766 1374 812 1407 ut
829 1368 965 1408 civem.
1024 1371 1190 1409 Eruditi
1208 1370 1368 1408 audiunt
1384 1374 1423 1408 te
1441 1373 1661 1409 narrantem
1692 1382 1758 1408 res
1784 1372 1977 1422 antiquas,

161 1429 269 1457 senes
293 1422 334 1458 te
364 1425 609 1460 narrantem
631 1433 698 1460 res
717 1423 886 1468 solidas;
913 1423 1068 1470 milites,
1102 1435 1170 1462 res
1183 1435 1413 1472 generosas:
1442 1423 1568 1474 idque
1597 1422 1743 1462 salibus
1772 1424 1975 1473 admixtis,

160 1470 297 1521 quibus
313 1474 445 1512 nullus
462 1476 668 1525 anteponat
695 1474 949 1525 Amphionem
966 1477 1187 1528 gaudentem
1205 1477 1344 1515 moenia
1367 1476 1549 1514 'l'hebana
1567 1479 1696 1523 cantu,
1730 1488 1847 1526 neque
1863 1479 1977 1516 vellet

162 1528 424 1575 anteponere
439 1527 567 1578 sylvas
579 1532 778 1578 sequentes
791 1529 919 1579 lyram
939 1529 1100 1579 Orphei.
1119 1530 1230 1568 Hinc
1247 1541 1354 1568 amor
1368 1529 1507 1567 civium
1529 1529 1568 1566 in
1591 1535 1634 1568 te
1655 1531 1868 1568 nascitur:
1889 1530 1979 1570 hinc

159 1588 288 1616 omnes
302 1578 416 1617 anxii
435 1585 534 1618 sunt
559 1592 632 1630 pro
652 1584 704 1629 te,
732 1581 834 1619 votis
849 1582 1012 1620 sinceris
1029 1586 1068 1620 et
1092 1582 1313 1634 nonfictis:
1340 1582 1428 1620 hinc
1443 1582 1608 1631 undique
1625 1583 1812 1620 honorant
1839 1595 1974 1621 nomen

158 1633 279 1668 tuum
297 1632 555 1681 applausibus,
564 1637 601 1671 et
615 1635 762 1672 vultum
783 1638 899 1672 tunm
912 1635 1055 1673 statuis
1069 1636 1209 1674 aureis.
1249 1636 1346 1679 Quae
1357 1647 1430 1673 non
1443 1635 1598 1673 incudes
1611 1632 1860 1673 resonarent?
1891 1635 1974 1679 Qui

156 1681 263 1732 ignis
274 1683 470 1736 artificum
482 1685 713 1736 quiesceret?
733 1687 781 1726 In
794 1690 884 1738 quot
891 1686 1121 1736 fornacibus
1133 1700 1211 1726 cera
1216 1687 1380 1735 factura
1398 1687 1587 1736 imagines
1599 1691 1687 1726 tuas
1699 1686 1936 1739 liquefierent
1951 1685 1972 1727 ’.Τ

920 1790 988 1805 000
995 1790 1211 1806 “OOO‘OOO

152 1856 296 1893 tentem
324 1854 393 1893 vel
421 1858 626 1905 parentem
662 1856 817 1896 Petav.
838 1860 1072 1897 terh—167
1099 1861 1249 1908 patrem
1283 1858 1483 1898 Var.LL.
1521 1857 1587 1897 ed.
1618 1856 1885 1897 Antv.—168
1914 1858 1968 1896 lo·

154 1910 291 1956 quente
310 1907 551 1956 Reg.—1⁷0
577 1908 712 1947 sitibus
725 1911 850 1950 Voss.
871 1923 926 1949 m.
948 1922 1012 1959 pr.
1039 1915 1108 1949 aut
1131 1910 1247 1949 Med.
1268 1922 1330 1960 pr.
1357 1911 1511 1949 Petav.
1532 1914 1749 1949 παπ-171
1781 1910 1970 1958 Profer-at

155 1959 264 2010 Reg.
292 1960 440 1999 Aonios
466 1973 594 2000 muros
631 1962 728 2002 Vnt.
762 1963 898 2002 Livin.
933 1963 1123 2002 Florent.
1156 1963 1274 2001 Med.
1293 1974 1357 2012 pr.
1379 1968 1424 2001 et
1445 1974 1528 2001 sec.
1548 1963 1709 2001 Thuan.
1731 1963 1884 2000 Petav.
1906 1974 1968 2011 pr.

152 2010 300 2051 Ambr.
317 2018 419 2052 tert.
446 2013 593 2053 Aonios
613 2015 747 2054 Musas
761 2016 862 2057 Put.
889 2015 1037 2054 Aonias
1058 2016 1195 2054 Musas
1214 2015 1298 2054 duo
1328 2015 1480 2055 Leidd.
1503 2027 1597 2054 cum
1638 2014 1842 2054 tredecim
1864 2015 1970 2065 aliis,

152 2065 258 2105 Exc.
278 2065 454 2106 Gevart.
474 2067 774 2107 Lucens.—sec.
803 2074 847 2107 et
881 2067 980 2107 Ald.
1010 2068 1265 2106 modulantem
1291 2068 1394 2108 Jun.
1415 2080 1479 2118 pr.
1502 2068 1642 2107 Oxon.
1672 2079 1758 2106 sec.
1793 2067 1968 2106 carmina

152 2116 297 2158 Oxon.
316 2131 381 2170 pr.
409 2120 547 2160 Muses
564 2121 666 2161 Put.
696 2122 816 2160 Musa
833 2121 988 2161 Sched.
1011 2121 1263 2161 Gud.—172
1291 2120 1376 2160 Aut
1403 2120 1494 2159 velit
1513 2121 1676 2160 Thoan.
1703 2121 1821 2159 silvas
1841 2120 1967 2160 Voss.

150 2174 255 2210 -17
260 2173 284 2210 3
312 2174 381 2211 sed
395 2184 471 2211 non
492 2174 595 2225 Reg.
615 2173 848 2221 fallentibus
865 2172 973 2214 Mss.
1006 2174 1212 2223 nonnulli,
1228 2180 1273 2212 et
1293 2173 1390 2212 edd.
1425 2179 1530 2212 vett.
1549 2171 1760 2221 fallacibus
1781 2173 1966 2212 Florent-

150 2228 334 2274 quatnor
352 2219 473 2266 Med.
494 2226 576 2267 inc.
603 2227 750 2267 Heius.
771 2227 874 2268 Put.
897 2228 1002 2278 Reg.
1020 2228 1180 2266 Thuan.
1202 2227 1364 2265 Mazar.
1385 2232 1471 2266 tres
1503 2227 1652 2266 Petav.
1675 2228 1836 2265 Bonon.
1866 2226 1966 2266 Pat.

150 2276 322 2319 Tholas.
339 2282 428 2318 tres
444 2277 592 2319 Ambr.
612 2280 736 2320 Voss.
751 2281 855 2320 Lov.
868 2281 1030 2320 Mor-et.
1048 2292 1134 2320 sec.
1149 2281 1255 2319 Exe.
1270 2280 1450 2319 Gevart.
1472 2281 1655 2319 Lucens.
1671 2291 1734 2329 pr.
1751 2277 1849 2318 Ald.
1864 2279 1966 2318 Var-

150 2329 235 2371 LL.
268 2342 292 2369 e
329 2343 460 2381 marg.
484 2333 763 2373 Parm.——l¹74
804 2334 985 2373 sollicitis
1012 2334 1133 2372 Voss.
1173 2345 1228 2372 m.
1262 2336 1461 2383 pin—175
1490 2332 1622 2371 aurati
1657 2331 1777 2373 Med,
1810 2336 1968 2370 tert.—

150 2385 230 2422 176
254 2383 428 2424 includes
446 2386 567 2425 Voss.
583 2397 638 2425 m.
660 2398 727 2438 pr.
752 2398 900 2425 summa
937 2387 1030 2425 Pal.
1050 2385 1171 2425 Med.
1193 2397 1257 2436 pr.
1275 2384 1442 2436 flamma
1473 2389 1679 2434 parentum
1710 2384 1810 2422 Vat.
1831 2395 1895 2433 pr.
1912 2396 1966 2439 nr.

148 2439 347 2485 prs—1⁷⁵7
377 2436 579 2478 fabrilis?
605 2451 690 2489 quoe
708 2441 925 2490 sufficerent
947 2440 1104 2477 Moret.
1125 2450 1187 2489 pr.
1217 2438 1383 2477 Flabilis
1412 2441 1451 2475 et
1481 2436 1637 2485 quantis
1655 2436 1829 2487 fluerent
1856 2436 1964 2475 Exc.
1991 2463 1993 2465 ·

146 2486 329 2528 Gevart.
355 2502 439 2539 (μω
456 2491 672 2542 sufficerent
689 2492 788 2530 Vat.
821 2503 886 2542 pr.
907 2497 950 2529 et
973 2497 1071 2530 tert.
1090 2491 1184 2529 Pal.
1205 2490 1317 2528 Prie.
1339 2489 1472 2527 Oisel.
1501 2488 1661 2526 Thuan.
1697 2488 1856 2527 Mazar.
1877 2487 1963 2527 dno

149 2539 290 2579 Oxon.
311 2542 417 2580 Exc.
436 2542 560 2581 Laeti.
589 2543 747 2593 quantis
748 2544 923 2592 fluerent
944 2543 1111 2593 plurimi
1134 2541 1268 2581 Codd.
1288 2543 1393 2580 Exc.
1423 2541 1589 2579 Schott.
1608 2539 1788 2581 Lucens.
1809 2551 1870 2591 pr.
1892 2541 1962 2580 ed.

145 2592 291 2633 Parm.
323 2599 368 2634 et
396 2595 540 2634 Vicet.
569 2607 652 2646 quae
670 2597 888 2648 sufficerent
909 2595 975 2634 Vel
994 2595 1149 2646 quantis
1173 2594 1344 2646 fluerent
1379 2593 1500 2634 Med.
1521 2605 1585 2644 pr.
1614 2594 1817 2633 Ceterum
1845 2593 1917 2632 ina
1936 2604 1963 2632 a

967 2714 1147 2755 NOTAE

198 2808 276 2846 167
295 2807 469 2859 Parem]
501 2808 572 2850 Ob
590 2809 836 2849 comitatem
856 2808 899 2849 in
917 2821 1018 2850 con-
1084 2808 1232 2860 pidum
1248 2808 1382 2848 instar
1400 2807 1543 2855 duros,
1573 2806 1616 2846 in
1643 2806 1820 2847 urbanae
1857 2806 1958 2848 vitae

143 2865 284 2918 viviis,
302 2869 570 2922 animumque
589 2872 774 2911 civilem.
961 2881 964 2885 ·
1082 2871 1327 2911 societatem
1348 2871 1609 2910 convocarit.

197 2933 272 2970 1⁷1
302 2931 459 2983 Muros]
487 2933 603 2972 Nota
621 2932 780 2984 fabula,
814 2933 1014 2984 Amphio·
1137 2937 1215 2973 172
1245 2933 1401 2984 Sylvas]
1443 2933 1686 2985 Sequentes
1716 2932 1851 2983 lyram
1875 2930 1960 2971 Or-

143 3003 240 3032 nem
257 2994 406 3033 tractis
428 2996 520 3047 lyra
549 2997 660 3035 saxis
693 3008 833 3035 muros
852 2997 1014 3036 Theba·
1082 2995 1197 3045 phei.
1253 2995 1341 3035 Per
1372 2995 1512 3046 sylvas
1545 3000 1589 3033 et
1609 2994 1802 3044 arbores,
1834 2994 1959 3033 intel-

142 3064 219 3094 που
235 3051 475 3096 condidisse
499 3053 552 3097 in>
575 3059 741 3098 Boeotia
767 3071 841 3098 seu
864 3058 1014 3100 Aonia.
1084 3057 1168 3107 lige
1187 3057 1375 3096 homines
1397 3055 1537 3103 rudes,
1554 3062 1599 3094 et
1618 3055 1812 3105 stipitum
1827 3054 1960 3094 instar

143 3114 197 3156 Id
214 3118 327 3170 quod
344 3119 559 3171 ingeniose
573 3121 789 3161 inventum
806 3130 887 3172 est,
902 3122 1016 3174 quod
1083 3120 1275 3167 stolidos,
1295 3132 1397 3171 qnos
1417 3119 1615 3168 Orpheus
1631 3117 1684 3157 ad
1702 3117 1957 3158 niansuetio-

141 3177 354 3231 Amphion
376 3181 547 3234 ingenti
561 3185 741 3235 pecunia
760 3187 864 3237 lyrae
886 3190 1015 3224 cantu
1084 3196 1173 3223 rem
1194 3183 1362 3222 vivendi
1385 3182 1591 3221 rationem
1611 3180 1866 3221 traduxerit.

142 3246 385 3292 compunta
404 3257 544 3285 muros
568 3235 794 3286 Thebanos
815 3246 1014 3286 condide—
1135 3249 1212 3285 173
1242 3244 1370 3295 Hinc]
1418 3246 1484 3285 Ex
1503 3251 1580 3284 tua
1606 3245 1824 3295 comitate,
1854 3241 1955 3282 affa-

144 3300 222 3341 rit:
235 3304 312 3344 -vel
328 3307 441 3358 quod
460 3312 472 3331 ‘
486 3320 615 3359 prece
630 3308 812 3359 blanda,'
838 3322 914 3350 seu
932 3311 1015 3350 elo·
1081 3308 1263 3359 bilitate,
1297 3308 1473 3363 aliisque
1499 3307 1747 3359 virtutibus,
1767 3305 1951 3348 omnium

144 3365 322 3416 quentia
345 3379 436 3420 sua,
459 3369 648 3412 homines
667 3376 872 3424 agrestes,
889 3376 937 3413 et
954 3373 1016 3412 la·
1079 3382 1199 3413 amor
1211 3372 1255 3413 in
1273 3361 1324 3412 te‘
1335 3370 1541 3413 nascitur.
