2300 3906
627 181 870 222 RAPTUs
910 184 1207 223 Pnosmu’.
1255 185 1369 223 [AB.
1410 186 1451 225 1.
1843 172 1962 226 921·

139 296 287 349 Dum
313 302 581 352 scrutatur
605 299 723 363 iter,
744 302 1157 371 libertatemque
1182 319 1484 371 reposcens

140 381 332 434 Putria
356 384 675 450 multivagis
699 387 997 453 populatur
1021 389 1243 440 flatibus
1269 394 1445 441 antra:

141 465 252 517 Seu
276 483 428 518 mare
454 468 679 520 sulfurei
703 470 924 523 ductum
951 488 1046 538 per
1071 473 1282 524 viscera
1306 475 1510 526 montis

141 546 442 615 Oppressis
467 551 695 618 ignescit
720 555 899 620 aquiS,
925 559 979 606 et
1005 555 1246 622 pondera
1267 557 1447 610 librat.

142 631 258 683 Hic
284 633 380 684 ubi
406 637 727 689 servandum
753 643 924 691 mater
945 639 1214 691 fidissima
1238 642 1436 707 pignus

142 713 388 795 Abdidit,
415 719 484 769 ad
512 721 782 789 Phrygios
808 725 988 776 tendit
1011 740 1203 776 secura
1226 730 1474 791 penateS‚

139 799 591 871 Turrigeramque
616 808 756 872 petit
779 807 1041 876 Cybelen,
1071 809 1300 860 sinuosa
1329 810 1639 863 Draconum

142 883 396 938 Membra
419 904 629 955 regenS,
655 893 873 944 volucri
899 895 994 962 qui
1019 895 1208 967 pervia
1231 895 1419 946 nubila
1446 898 1623 946 tractu

139 968 385 1036 Signant‚
412 976 467 1023 ct
492 974 729 1039 placidis
752 977 1066 1031 humectant
1090 978 1260 1032 fraena
1283 979 1524 1031 veneniS.

142 1052 400 1106 Frontem
426 1058 774 1134 crista-tegit:
813 1062 1043 1129 pingunt
1066 1065 1349 1115 maculosa
1373 1064 1606 1114 virentes

140 1134 321 1205 Terga
343 1142 491 1193 notae
513 1158 525 1193 :
564 1143 784 1195 rutilum
811 1147 1060 1214 squamis
1086 1147 1390 1198 intermicat
1415 1162 1647 1206 aurum.⁴

1848 474 1956 526 175

1851 891 1958 945 180

6 1287 9 1363 ὲ
74 1315 78 1318 «
137 1290 269 1326 vastat
275 1287 442 1338 flamine
459 1290 673 1330 errabundo
692 1303 875 1331 cavernas
888 1291 1152 1342 putrefactas:
1179 1305 1244 1331 seu
1263 1304 1368 1331 mare
1387 1292 1590 1343 impulsum
1614 1305 1685 1343 per
1709 1296 1841 1343 partes
1862 1293 1959 1333 inti-

140 1352 224 1379 mas
250 1341 394 1380 montis
423 1342 539 1393 pleni
574 1343 738 1394 sulfure,
755 1346 866 1383 ardet
885 1346 996 1394 aquis
1011 1346 1167 1394 pressis,
1200 1349 1238 1384 et
1257 1348 1410 1395 torquet
1429 1357 1545 1384 onera
1564 1357 1769 1384 saxorum.
1824 1346 1871 1384 In
1893 1346 1963 1385 hoc

139 1392 219 1432 loeo
235 1398 439 1445 postquam
457 1396 820 1449 materfidelissimu
839 1398 1043 1436 occultavit
1052 1397 1184 1449 filiam
1213 1397 1514 1446 custodiendam,
1540 1398 1638 1436 nihil
1667 1399 1832 1447 solicita,
1869 1399 1903 1436 it
1920 1398 1963 1436 in

141 1447 338 1496 regionem
369 1448 573 1499 Phrygioe,
604 1453 641 1487 et
674 1450 760 1488 adit
792 1450 959 1500 Cybelen
980 1455 1226 1489 coronatam
1247 1449 1446 1495 turribus,·
1478 1451 1618 1489 ducens
1636 1462 1792 1500 corpora
1811 1450 1967 1490 sinuosa

139 1505 376 1550 serpentum,
405 1501 474 1551 qui
509 1505 640 1540 secant
669 1502 798 1540 aerem
827 1506 1023 1552 putentem
1048 1503 1164 1542 celeri
1188 1504 1310 1552 lapsu,
1343 1507 1381 1542 et
1402 1502 1804 1551 madefaciuntfraena
1825 1515 1965 1542 veneno

141 1552 315 1594 innocuo.
348 1554 492 1593 Cristae
510 1558 648 1604 tegunt
661 1555 791 1607 capita
811 1567 956 1595 eorum
975 1570 984 1595 :
1014 1557 1175 1595 maculoe
1193 1556 1339 1595 virides
1356 1559 1492 1595 notant
1511 1560 1624 1605 terga
1650 1558 1839 1595 coerutea:
1862 1557 1965 1595 color

910 1657 1205 1673 OOOOOOOOOOO

143 1738 216 1778 per
230 1738 327 1765 saxa
347 1726 447 1767 Jun.
467 1738 552 1766 sec.
598 1727 740 1767 rimosa
767 1725 876 1775 furit
903 1739 976 1778 per
1005 1739 1102 1766 saxa
1134 1729 1231 1768 Vat.
1257 1728 1391 1780 q'uint.
1424 1727 1508 1768 inc.
1545 1728 1694 1768 Heius.
1726 1729 1828 1766 Put.
1859 1728 1966 1779 Reg.

145 1780 299 1820 Petav.
333 1792 398 1830 pr..
433 1779 535 1819 Jun.
570 1793 634 1831 pr.
658 1782 813 1820 Moret.
834 1793 898 1832 pr.
930 1782 1034 1820 Exc.
1054 1781 1207 1819 Petav.
1229 1787 1368 1833 quart.
1387 1782 1489 1822 Var.
1510 1783 1595 1821 LL.
1626 1793 1649 1820 e
1670 1793 1799 1832 marg.
1821 1781 1966 1820 Parm.

145 1833 229 1872 ruit
249 1832 333 1871 duo
347 1834 464 1872 Vatt.
485 1834 595 1884 Reg.
616 1834 767 1873 Petav.
789 1846 852 1885 pr.
873 1835 997 1873 Voss.
1014 1846 1076 1885 pr.
1092 1833 1239 1873 Ambr.
1252 1840 1354 1874 tert.
1372 1835 1476 1874 Cod.
1491 1835 1857 1874 Bartholiu.—174
1886 1833 1967 1871 Pu-

147 1886 254 1925 trida
269 1887 373 1925 Vat.
393 1898 475 1926 sec.
496 1887 602 1926 Cod.
634 1887 870 1926 Bartholin.
917 1888 1063 1926 Putria
1093 1888 1174 1926 inc.
1214 1888 1363 1928 Heins.
1399 1887 1508 1938 Reg.
1542 1888 1699 1927 Moret.
1729 1899 1793 1938 pr.
1825 1898 1879 1925 m.
1901 1897 1966 1936 pr.

146 1939 300 1979 Petav.
334 1952 398 1990 pr.
430 1941 534 1979 Exc.
567 1940 719 1980 Petav.
751 1946 889 1992 quart.
938 1941 1181 1991 Putridaque
1221 1940 1403 1980 obscoenis
1431 1941 1531 1981 Vat.
1557 1941 1691 1992 quint.
1737 1940 1882 1978 Putria
1900 1938 1970 1977 vel

148 1993 322 2032 Putrida
367 1993 490 2032 Voss.
523 1997 743 2032 sem—177
774 1994 843 2033 Sic
881 1993 978 2032 Vat.
1015 2005 1081 2043 pr.
1125 1996 1353 2032 sert-andam
1386 2000 1442 2032 νη.
1467 1993 1506 2041 f.
1537 1997 1670 2032 natam
1697 1993 1818 2031 Voss.
1848 2003 1971 2042 pr.—

150 2048 231 2085 179
264 2045 580 2096 Turriferamque
594 2046 697 2085 Vat.
719 2048 857 2098 quint.
898 2046 1077 2097 cybelem
1096 2045 1178 2085 inc.
1200 2047 1348 2085 Heius.
1363 2046 1466 2084 Put.
1485 2048 1590 2096 Reg.
1610 2047 1760 2085 Petav.
1781 2057 1845 2095 pr.
1865 2045 1972 2083 Exc.

150 2098 304 2138 Petav.
343 2104 483 2149 quart.
523 2098 591 2138 ed.
622 2099 767 2138 vicet.
813 2110 1012 2150 squamosa
1044 2110 1121 2149 pro
1154 2098 1308 2138 sinuosa
1339 2100 1440 2138 Vat.
1482 2100 1618 2138 Livin.
1664 2110 1837 2148 spumosa
1868 2098 1972 2136 Exc.

151 2151 306 2191 Petav.
337 2152 752 2203 quart.—180.Colla
783 2152 883 2191 Vat.
922 2163 1007 2191 sec.
1055 2152 1163 2190 Colla
1191 2152 1257 2189 vel
1293 2152 1472 2190 Membra
1507 2153 1632 2190 Voss.
1663 2162 1748 2190 sec.
1798 2147 1975 2187 Membra

150 2205 283 2255 rigent
300 2204 400 2245 Jun.
417 2217 500 2244 sec.
538 2205 685 2244 volucri
704 2206 771 2256 qui
786 2204 921 2256 pervia
954 2205 1057 2244 Put.
1078 2205 1182 2253 Reg.
1205 2204 1358 2244 Petav.
1378 2217 1442 2255 pr.
1463 2203 1611 2244 Ambr.
1641 2208 1739 2243 tert.
1768 2203 1871 2242 Exc.
1892 2201 1975 2241 Pe-

154 2264 242 2298 tav.
263 2263 404 2310 quart.
449 2258 595 2296 volueri
610 2270 680 2307 per
694 2258 830 2308 pervia
850 2258 934 2296 inc.
956 2257 1104 2305 Heius.
1122 2257 1221 2295 vat.
1242 2257 1378 2296 Livin.
1399 2257 1467 2297 ed.
1487 2257 1627 2295 Vicet.
1673 2256 1888 2305 volucrique
1905 2266 1975 2305 per

152 2312 242 2351 avia
267 2312 373 2351 Exc.
413 2310 670 2350 Laeti.—182
700 2311 885 2349 Frontem
914 2308 1060 2348 Ambr.
1099 2314 1196 2349 tert.
1237 2309 1358 2347 crista
1376 2310 1481 2357 regit
1497 2308 1577 2348 inc.
1598 2308 1884 2347 Heins.--183
1914 2307 1974 2345 in-

152 2364 333 2405 termicat
368 2364 436 2404 vel
471 2363 676 2403 interviret
711 2363 868 2402 Moret.
903 2374 966 2413 pr.
1003 2357 1207 2402 Heinsius
1243 2362 1448 2401 interviret
1481 2361 1666 2413 probare
1691 2360 1875 2411 videtur,
1901 2358 1975 2411 qui

977 2469 1150 2509 NOTAE

156 2550 268 2603 fuso,
279 2552 406 2591 rimas
427 2551 548 2604 petit,
562 2555 607 2591 et
624 2551 705 2591 hoc
719 2549 858 2590 acrius
877 2549 1036 2599 fertur,

157 2627 242 2668 quo
262 2615 482 2665 angustius
500 2629 508 2654 :
540 2614 638 2654 inde
658 2626 815 2666 pugna,
832 2612 932 2652 inde
949 2625 1036 2652 mo-

159 2684 246 2729 tus,
267 2683 312 2718 et
340 2678 375 2717 si
404 2691 487 2717 non
516 2683 665 2730 pateat
692 2679 848 2726 exitus,
868 2677 1038 2727 conglo-

159 2743 297 2791 batur,
312 2741 431 2792 furit,
447 2747 492 2781 et
507 2742 678 2781 tandem
693 2741 747 2781 ob
764 2740 938 2779 nimium
951 2752 1038 2779 mo-

161 2811 250 2846 tum
268 2805 310 2843 in
331 2805 473 2856 ignem
495 2805 693 2854 vertitur,
711 2810 754 2844 et
770 2802 956 2843 fulminis
977 2803 1036 2842 in-

161 2874 251 2909 star
270 2868 471 2918 erumpit,
492 2880 588 2907 cum
607 2873 748 2919 strage
765 2866 1037 2907 obstantium.

213 2931 322 2972 Saxa
335 2932 495 2984 rimosa]
521 2932 630 2971 Sunt
644 2943 801 2983 pumex
813 2936 856 2971 et
870 2930 1036 2981 tophus.

216 2998 295 3036 176
323 2995 502 3034 pondera
520 2994 656 3043 librat]
685 2994 735 3032 Id
753 2998 834 3039 est,
850 2997 1038 3044 torquet,

163 3062 207 3101 et
223 3058 340 3110 ejicit
359 3071 462 3097 saxa
479 3057 620 3108 magni
639 3057 851 3108 ponderis.

172 3154 175 3157 ⁴
218 3124 297 3161 178
326 3121 525 3172 Phrygios
544 3118 732 3169 Penates]
774 3118 960 3169 Phrygia
976 3129 1039 3156 re-

166 3183 233 3236 gio
251 3189 319 3223 est
338 3183 511 3222 minoris
530 3181 663 3232 Asiae,
701 3194 821 3221 sacra
853 3181 1040 3232 Cybelae.

165 3247 356 3286 Penates
393 3250 492 3285 sunt
523 3245 598 3284 Dii
630 3245 838 3284 tutelares
867 3243 1041 3294 alicujus

167 3307 367 3360 regionis,
401 3314 446 3347 et
476 3320 553 3359 pro
572 3308 666 3359 ipsa
685 3309 859 3360 regione
883 3318 1043 3358 ponun-

168 3377 253 3424 tur,
267 3375 314 3413 ut
331 3375 376 3412 et
394 3371 523 3421 lares,
540 3370 594 3427 de
609 3370 760 3424 quibus
776 3382 904 3424 supra
920 3370 1044 3424 (Cla-

1101 2548 1251 2599 riosque
1288 2545 1417 2596 lares)
1428 2558 1442 2592 ‚⁶
1470 2545 1545 2584 sed
1590 2543 1787 2596 apposite
1821 2542 1890 2582 hic
1926 2540 1975 2582 fit

1102 2611 1260 2650 mentio
1297 2609 1351 2648 de
1375 2607 1640 2648 Penatibus:
1670 2608 1746 2646 hos
1783 2603 1978 2655 μεγάλους

1105 2671 1212 2712 θεοὺς
1240 2671 1464 2720 vocabant,
1489 2682 1651 2719 magnos
1681 2670 1799 2719 Deos,
1819 2673 1872 2707 'et
1893 2668 1977 2718 Cy-

1106 2735 1202 2774 bele
1221 2740 1313 2774 erat
1333 2745 1386 2772 ex
1405 2733 1550 2771 horum
1569 2742 1756 2770 numero.
1918 2756 1923 2761 -

1161 2800 1239 2836 179
1268 2793 1536 2844 Tum-igeram]
1586 2793 1748 2845 Cybele
1775 2791 1978 2843 pingeba-

1105 2865 1175 2902 tur
1204 2871 1298 2898 cum
1337 2857 1554 2905 turribus;
1591 2855 1704 2907 quod
1739 2855 1900 2906 Cybele
1932 2859 1980 2895 et

1105 2923 1232 2962 tellus
1248 2922 1332 2960 sint
1357 2931 1484 2959 unum
1501 2925 1545 2959 et
1562 2917 1688 2958 idem.
1741 2918 1885 2957 Tellus
1907 2928 1977 2956 au·

1106 2991 1193 3026 tem
1212 2985 1224 3006 ‘
1241 2983 1414 3024 turritas
1439 2981 1618 3020 sustinet
1638 2979 1792 3020 urbes.'

1158 3048 1326 3088 sinuosa
1349 3042 1587 3093 Draconum]
1631 3043 1824 3092 Sinuesa,
1841 3041 1886 3081 id
1900 3046 1983 3094 est,

1106 3113 1151 3152 in
1187 3112 1324 3151 varios
1362 3109 1494 3158 sinus,
1527 3107 1736 3157 orbesque
1763 3117 1812 3144 ac
1842 3105 1980 3156 spiras

1108 3172 1299 3215 contrahi
1335 3171 1493 3220 solita;
1525 3169 1597 3207 sed
1629 3174 1673 3207 et
1707 3168 1869 3219 Cybele
1897 3179 1982 3208 non

1109 3243 1276 3279 tantum
1296 3236 1517 3283 dracones,
1534 3231 1606 3271 sed
1627 3237 1670 3270 et
1689 3232 1832 3270 leones
1853 3229 1984 3270 etiam

1110 3302 1152 3341 in
1169 3310 1295 3340 curru
1312 3296 1484 3348 agebat.

1165 3365 1243 3404 180
1271 3358 1436 3411 Pereia]
1479 3355 1564 3399 Alii
1592 3356 1752 3408 legunt,
1769 3354 1986 3407 volucrique
