2300 3906
738 228 817 265 DE
859 228 1057 267 annno
1096 230 1320 268 ammo
1366 231 1486 269 nm.
1913 220 2021 272 765

203 342 382 394 Italiae
410 359 636 410 poenas:
674 345 888 396 obsessi
912 348 1177 416 principis
1203 350 1368 402 armis

202 426 483 477 Excusate
510 426 694 477 nefas:
735 427 1181 498 deploratumque
1206 432 1443 486 Timavo

201 509 440 571 VulnuS‚
467 514 521 560 et
547 508 805 577 Alpinum
833 513 1030 577 gladiis
1054 515 1273 566 abolete
1298 517 1584 582 pudorem.

197 592 312 644 Hic
336 599 441 655 est,
468 609 630 659 quem
655 596 812 647 toties
836 598 1052 665 campis
1077 597 1298 650 fudistis
1325 598 1554 652 Achivis
1576 618 1591 666 3

199 674 382 738 Quem
403 675 617 727 discors
644 678 896 747 odiisque
923 696 1129 748 anceps
1156 681 1417 733 civilibus
1442 685 1613 747 orbiS‚
1910 686 2018 739 565

198 756 330 809 Non
357 773 459 808 sua
485 759 571 810 vis
598 765 774 813 tutata
794 762 906 826 diu,
935 764 1062 814 dum
1086 764 1299 816 foedera
1320 764 1495 818 fallax

195 841 383 903 Ludit,
410 847 465 893 et
492 843 718 896 alternae
745 846 991 914 perjuria
1017 847 1268 900 venditat
1292 849 1458 903 aulae.

191 1003 353 1042 Italiam
362 1001 633 1054 profanatam.-
661 1011 850 1045 removete
866 1006 1115 1057 opprobrium
1131 1007 1385 1060 Imperatoris
1397 1013 1612 1062 oppugnati
1629 1012 1734 1064 telis,
1753 1018 1791 1054 et
1810 1015 1936 1054 delete
1949 1026 2016 1054 en-

188 1056 295 1096 sibus
303 1057 460 1107 plagam
476 1057 686 1096 luctuosam
695 1059 868 1107 Timavo,
882 1063 920 1097 et
933 1061 1096 1100 dedecus
1117 1062 1316 1112 Alpinum.
1356 1064 1440 1104 Hic
1453 1071 1511 1104 est
1525 1066 1674 1116 hostis,
1687 1079 1796 1117 quem
1811 1067 2016 1107 domuistis

190 1108 304 1148 toties
323 1110 365 1148 in
383 1110 494 1159 agris
517 1110 683 1160 Graecis,
698 1123 808 1161 quem
827 1124 902 1151 non
921 1113 1038 1151 robur
1067 1114 1239 1159 defendit
1256 1127 1370 1155 suum
1387 1118 1470 1168 diu,
1498 1119 1573 1158 sed
1601 1122 1764 1159 mundus
1779 1120 1957 1159 turbatus
1975 1123 2015 1159 et

187 1163 370 1202 vacillans
388 1162 497 1202 bellis
511 1162 718 1212 civilibus;
746 1166 836 1204 dum
856 1165 985 1204 hostis
1003 1166 1114 1206 idem
1126 1168 1300 1220 perfidus
1312 1169 1454 1210 irridet
1459 1170 1627 1223 soedera,
1643 1177 1682 1212 et
1690 1174 1823 1221 jactat
1837 1174 2014 1225 perjuria

955 1271 1249 1287 “OOOOO‘OOOO

186 1340 321 1376 —562
364 1337 567 1377 Excusare
601 1339 703 1378 Vat.
736 1343 875 1391 quart.
915 1341 1085 1380 Bonon.
1133 1342 1347 1393 Explorate
1386 1341 1537 1383 Ambr.
1579 1349 1678 1384 tert.
1716 1345 1868 1384 Timavi
1910 1346 2011 1386 Vat.

186 1401 272 1430 sec.
305 1393 473 1442 tyranno
510 1403 589 1443 pro
631 1392 791 1432 Timavo
823 1394 922 1434 Vat.
960 1394 1228 1445 quina-563
1267 1395 1421 1435 abolere
1447 1397 1547 1437 Vat.
1581 1403 1724 1448 quart.
1758 1398 1921 1437 Bonon.
1950 1402 2013 1449 ty-

183 1456 352 1483 rannum
384 1443 483 1483 Ald.
517 1445 684 1484 dolorem
717 1445 836 1487 Med.
867 1454 1007 1499 quart.
1041 1448 1126 1488 inc.
1159 1448 1315 1488 Heius.
1344 1451 1532 1500 pudorem
1560 1451 1747 1489 Florent.
1781 1450 1864 1489 duo
1893 1451 2013 1492 Med.

184 1496 289 1537 Put.
321 1498 429 1548 Reg.
457 1498 620 1538 Thuan.
655 1499 815 1539 Mazar.
851 1501 1016 1541 Bonon.
1045 1502 1144 1541 Pat.
1177 1502 1344 1542 Tholos.
1373 1504 1501 1542 Voss.
1530 1515 1584 1543 m.
1619 1515 1705 1543 sec.
1742 1511 1827 1542 tres
1858 1503 2011 1544 Petav.

185 1549 366 1589 totidem
397 1550 543 1590 Ambr.
579 1553 684 1592 Exc.
718 1553 902 1592 Lucens.
942 1566 1005 1604 pr.
1043 1554 1112 1594 ed.
1150 1555 1294 1594 Parm.
1327 1560 1371 1594 et
1402 1556 1544 1596 Vicet.
1590 1557 1693 1596 item
1727 1557 1827 1597 Var.
1861 1557 1946 1596 LL.
1986 1568 2011 1597 e

183 1615 319 1654 marg.
356 1603 637 1644 Parm.—-564
676 1606 802 1657 caplis
838 1618 914 1657 pro
950 1607 1097 1657 campis
1132 1607 1250 1647 Med.
1285 1619 1369 1648 sec.
1403 1609 1522 1647 Leid.
1562 1622 1649 1649 sec.
1689 1622 1743 1648 m.
1787 1613 2009 1650 sec.—566

184 1657 267 1695 Nec
285 1668 355 1695 sua
377 1658 477 1696 Put.
500 1658 603 1709 Reg.
648 1663 808 1698 cantata
843 1671 921 1710 pro
954 1663 1084 1698 tutata
1105 1659 1254 1700 Ambr.
1283 1673 1350 1711 pr.
1391 1665 1535 1701 testata
1559 1663 1719 1704 Moret.
1736 1675 1803 1714 pr.
1850 1664 1918 1701 diu
1950 1666 2010 1702 est

181 1709 326 1750 Oxonff
343 1722 408 1761 pr.
447 1723 516 1750 nec
537 1712 603 1749 vel
622 1713 713 1750 dum
733 1712 890 1760 foedera
911 1713 1054 1753 Oxou.
1074 1716 1273 1763 pr.—567
1306 1715 1441 1754 Aoniae
1461 1727 1540 1766 pro
1572 1717 1733 1754 alter-noe
1765 1716 1884 1755 Med.
1920 1727 2007 1757 sec.

181 1762 294 1802 unde
315 1764 501 1803 Ausoniae
518 1764 775 1815 conjiciebat
794 1766 947 1805 Heius.
990 1766 1169 1805 venditat
1190 1767 1295 1818 Reg.
1319 1767 1473 1808 PetaV.
1495 1774 1594 1807 tert.
1616 1770 1780 1808 Bonon.
1801 1769 1899 1808 Pat.
1921 1768 2007 1808 duo

181 1814 331 1855 Ambr.
350 1818 454 1856 Exc.
476 1818 656 1857 Lucens.
678 1831 764 1857 sec.
795 1819 970 1858 vendicat
1000 1819 1120 1858 Leid.
1143 1832 1228 1860 sec.
1248 1820 1390 1860 Oxon.
1412 1833 1474 1871 pr.
1495 1822 1589 1861 Pal.
1619 1823 1745 1861 Farn.
1763 1822 1881 1861 Prie.
1902 1821 2007 1862 Put.

177 1868 339 1907 Thuan.
375 1868 524 1908 Ambr.
543 1875 641 1910 tert.
672 1871 794 1910 ambo
817 1873 977 1911 Moret.
996 1872 1079 1911 duo
1099 1872 1254 1911 Petav.
1286 1885 1432 1912 omues
1451 1875 1572 1913 Vatt.
1594 1876 1700 1915 Exc.
1726 1875 1836 1914 Laeti
1856 1880 1901 1914 et
1920 1874 2006 1913 Ge-

178 1926 285 1962 vart.
332 1922 509 1962 venditat
528 1923 596 1961 vel
616 1923 792 1963 vendicat
813 1925 1052 1965 Lov.—-568
1079 1926 1176 1964 socii
1203 1937 1279 1976 pro
1298 1938 1428 1965 omnes
1450 1925 1597 1966 Ambr.
1626 1940 1690 1979 pr.
1736 1930 1834 1966 dura
1853 1927 2004 1969 Ambr.

995 2054 1177 2095 NOTAE

172 2133 184 2155 ‘
204 2132 242 2174 O
257 2133 360 2174 socii
373 2133 399 2173 :'
421 2133 479 2174 sic
495 2134 638 2174 Caesar
653 2133 875 2174 excitabat
888 2134 1059 2186 milites,
1126 2135 1362 2186 vulnusque
1391 2133 1579 2186 Imperio
1609 2131 1849 2172 inflixerant
1870 2147 1881 2182 ;
1910 2134 2005 2174 hor-

173 2197 185 2219 ‘
206 2196 532 2237 commilitones'
549 2196 830 2249 appellando;
853 2209 948 2236 eum
968 2196 1058 2236 imi·
1126 2202 1325 2250 taturque
1353 2197 1466 2248 illos,
1503 2202 1551 2236 ut
1589 2209 1664 2235 sua
1701 2197 1859 2235 virtute
1896 2197 2004 2237 hanc

177 2260 258 2301 tati
276 2265 374 2299 sunt
394 2259 517 2299 multi
535 2259 835 2311 Imperatores.
886 2258 1054 2310 Augus·
1123 2261 1334 2300 maculam
1367 2261 1524 2300 eluant.
1579 2261 1651 2299 De
1678 2259 1851 2298 Timavo
1876 2257 2006 2298 fluvio

174 2330 241 2363 tus
272 2329 416 2363 tamen
445 2335 527 2362 non
559 2323 699 2362 ‘ullos
726 2322 906 2362 militum
940 2335 1054 2362 com·
1120 2334 1264 2373 supra.
1308 2324 1390 2362 Vel
1411 2335 1487 2374 per
1506 2322 1692 2372 Alpinum
1716 2324 1915 2372 pudorem,
1941 2322 2003 2362 in-

171 2386 387 2426 militones
408 2386 672 2438 appellabat,
703 2385 779 2424 sed
807 2385 1025 2434 milites,..
1042 2413 1052 2424 .

175 2450 437 2489 ambitiosius
476 2449 518 2488 id
550 2449 796 2488 existimans
824 2460 950 2499 quam
979 2453 1053 2487 aut

174 2512 283 2551 ratio
316 2512 529 2561 militaris,
557 2517 632 2550 aut
662 2516 901 2562 temporum
917 2511 1053 2562 quies,

172 2579 246 2613 aut
263 2579 340 2613 sua
359 2573 591 2626 domusque
620 2585 709 2613 suae
742 2574 939 2624 majestas
958 2585 1051 2624 pos·

172 2636 358 2677 tularet.’

228 2698 457 2749 Temeratoe]
485 2698 625 2737 Italiae
643 2699 832 2747 violatae,
852 2697 1050 2749 profana·

173 2768 254 2802 tae:
285 2762 377 2801 haec
406 2761 520 2801 enim
549 2773 674 2800 sacra
702 2761 938 2811 dicebatur,
957 2766 1002 2801 et
1023 2774 1048 2800 a

168 2825 360 2867 barbaris
375 2837 459 2864 non
475 2825 564 2864 sine
579 2825 803 2876 sacrilegio
818 2823 1045 2875 tangenda.

220 2892 299 2930 561
351 2889 507 2928 Obsessi
545 2889 755 2940 principis]
811 2890 1045 2928 Removete

166 2950 462 3003 opprobrium,
491 2952 604 3002 quod
635 2952 816 3003 suscipit
834 2952 1045 3002 Princeps

167 3014 402 3063 Honorius,
422 3026 546 3066 quem
566 3013 620 3053 ob
638 3014 849 3065 ignaviam
880 3018 1046 3053 nostro-

167 3090 258 3118 rum
279 3078 412 3118 Gothi
428 3077 626 3116 obsident
641 3077 893 3127 Mediolani,
907 3087 1045 3128 neque

167 3139 384 3180 abstinent
404 3152 428 3178 a
444 3139 738 3189 contumeliis3
769 3138 881 3191 quod
909 3138 1045 3189 nefas,

168 3201 282 3253 quod
297 3203 472 3242 crimen.

218 3267 298 3305 562
315 3266 572 3316 Deploratum
594 3264 771 3316 Timavo]
796 3263 1043 3316 Alloquitur

166 3326 336 3376 milites,
354 3327 424 3379 qui
442 3328 632 3368 Maximo
652 3333 831 3379 tyranno
847 3328 966 3378 prius
987 3327 1041 3366 ad

166 3389 303 3443 Alpes
320 3389 624 3444 Timavumque
652 3390 830 3444 addicti,
854 3390 1041 3432 dedecus

1121 2385 1268 2436 tellige
1305 2385 1493 2424 dedecus
1529 2396 1554 2422 a
1586 2384 1709 2422 nobis
1742 2390 2002 2436 susceptum,

1121 2446 1234 2498 quod
1273 2447 1409 2487 Getas
1443 2458 1528 2486 non
1565 2445 1827 2484 vetuerimus
1861 2444 2000 2498 Alpes

1120 2514 1364 2558 penetrare.

1171 2575 1250 2611 565
1281 2570 1460 2621 Discors]
1503 2570 1588 2610 Hic
1606 2575 1672 2609 est
1690 2569 1842 2616 hostis,
1873 2581 1998 2621 quem

1118 2645 1199 2672 non
1220 2645 1295 2672 sua
1315 2634 1392 2683 vis,
1412 2633 1487 2672 sed
1507 2632 1653 2671 mundi
1680 2632 1894 2671 discordia
1913 2645 1999 2681 sus-

1117 2702 1272 2736 tentat.
1329 2696 1439 2735 Haec
1479 2695 1696 2736 discordia
1723 2694 1951 2735 fovebatur
1971 2709 1996 2736 a

1115 2758 1282 2799 Rufino.

1168 2821 1337 2873 Anceps]
1367 2819 1438 2859 Ob
1469 2820 1581 2860 bella
1610 2819 1753 2860 civilia
1777 2818 1996 2872 dubitans,

1114 2897 1239 2938 quem
1260 2885 1410 2925 ducem
1431 2888 1645 2935 sequatur.

1167 2953 1247 2989 566
1277 2950 1442 2989 Foedera
1456 2948 1575 2998 ludit]
1622 2946 1805 2986 Foedera
1819 2957 1994 2998 percus·

1114 3024 1158 3051 sa
1179 3018 1379 3064 tanquam
1400 3009 1548 3049 l'udum
1564 3009 1756 3060 negligit.

1166 3077 1244 3114 567
1275 3073 1459 3122 Perjuvia
1489 3071 1683 3122 venditat]
1730 3071 1828 3111 Non
1858 3071 1992 3111 solum

1114 3138 1324 3189 perjurus,
1362 3134 1437 3175 sed
1457 3134 1586 3173 etiam
1603 3134 1810 3185 gloriatur
1823 3133 1876 3172 de
1893 3144 1990 3184 per-

1106 3202 1249 3252 jurii-³,
1269 3200 1422 3253 quibus
1443 3198 1602 3237 delusit
1620 3197 1877 3247 alternatim,
1899 3207 1988 3235 mo-

1111 3264 1164 3304 do
1187 3263 1337 3303 Aulam
1358 3260 1567 3313 Orientis,
1578 3260 1705 3301 modo
1725 3259 1878 3300 Aulam
1897 3257 1992 3298 Oe«

1109 3327 1304 3368 cidentis.
