2300 3906
367 205 474 258 544

372 339 601 408 Irrupit,
621 338 919 403 facilesque
945 334 1092 401 capi.

943 212 1037 251 ct..
1078 204 1428 248 CLAUDIAM
1469 205 1586 246 XX.

1167 331 1310 398 Spes
1329 328 1484 381 nulla
1504 326 1720 390 salutiS,

368 423 542 476 Nulla
562 422 722 489 fugae.
796 418 1056 472 Putribus
1073 415 1194 483 jam
1219 411 1638 481 propugnacula
1665 408 1821 465 saxis

367 506 558 573 Longo
582 506 888 558 corruerant
912 517 1052 564 αενο,
1076 499 1344 567 pacisque
1371 498 1617 547 senecta.

441 590 655 642 Interea
682 587 874 656 gelidae
895 585 1116 638 secretis
1141 581 1373 649 rupibus
1398 577 1519 630 Idae

369 674 518 727 Dum
540 674 714 735 sedet,
741 677 795 724 et
814 671 1018 722 thiasos
1047 670 1262 736 spectat
1281 665 1348 716 de
1372 677 1543 725 more,
1562 658 1803 729 Cybebe,

2081 655 2188 710 280

368 757 742 825 Curetumque
769 757 981 807 alacres
1005 754 1077 805 ad
1098 757 1359 820 tympana
1385 747 1618 800 suscitat
1639 757 1802 795 enses
1827 757 1842 808 3

366 839 578 903 Aurea,
604 844 916 892 sanctarum
941 837 1108 890 decus
1133 832 1438 886 immortale
1465 845 1764 891 comarum,

369 925 623 977 Defluxit
647 923 820 989 capiti
845 922 1024 983 turris,
1062 932 1386 982 summoque
1411 914 1634 966 volutus

368 1007 591 1059 Vertice
611 1005 827 1056 crinalis
851 1003 1091 1054 violatur
1116 1000 1339 1067 pulvere
1363 1012 1568 1048 murus.

369 1089 721 1155 Obstupuere
747 1092 929 1137 truces
956 1099 1117 1136 omen
1144 1081 1515 1148 CorybanteS,
1543 1084 1598 1131 et
1623 1094 1736 1130 uno

2083 1074 2191 1128 285

367 1173 517 1226 Fixa
539 1176 685 1223 metu
708 1171 910 1221 tacitas
934 1170 1246 1236 presserunt
1267 1165 1420 1232 orgia
1443 1165 1648 1216 buxos,

368 1345 502 1386 onibus
515 1346 718 1385 Getarum.
747 1344 949 1384 Barbarus
961 1347 1068 1383 tutus
1081 1343 1203 1381 irruit
1216 1340 1357 1393 oppida
1367 1339 1565 1389 facillima
1590 1341 1814 1390 expugnatu
1829 1351 1842 1377 .·
1866 1348 1952 1388 spes
1973 1335 2079 1374 nulla
2092 1335 2193 1374 salu·
2276 1381 2280 1386 ,

370 1400 425 1439 tis
442 1404 551 1448 erat,
568 1398 673 1436 nulla
687 1396 840 1449 effugii.
894 1398 989 1436 Jam
1013 1402 1144 1435 turres
1160 1396 1269 1434 saxis
1289 1393 1483 1445 corruptis
1508 1394 1625 1442 longa
1641 1395 1845 1441 vetustate,
1873 1395 1913 1430 et
1932 1388 2196 1429 diuturnitate

367 1452 494 1504 pacis,
512 1451 771 1490 conciderant.
790 1451 956 1489 Interim
972 1451 1062 1488 dum
1080 1448 1220 1500 Cybele
1231 1449 1337 1498 sedet
1352 1447 1394 1485 in
1413 1446 1523 1485 saxis
1536 1445 1696 1484 remotis
1714 1443 1986 1495 Idoefrigidae,
1997 1445 2035 1481 et
2051 1442 2196 1492 aspicit

369 1505 503 1543 choros
512 1516 583 1555 pro
601 1504 890 1551 consuetudine,
904 1507 942 1541 et
956 1503 1102 1541 excitat
1119 1501 1272 1551 gladios
1290 1502 1400 1539 laetos
1421 1500 1608 1538 Curetum
1625 1499 1676 1536 ad
1691 1497 1877 1536 sonitum
1897 1500 2166 1547 tympanorum
2180 1505 2196 1539 ‚·

372 1569 483 1607 apex
497 1558 662 1595 turritus
679 1561 856 1604 auratus,
875 1556 947 1606 qui
958 1561 1024 1594 est
1041 1555 1162 1593 honor
1176 1559 1344 1592 oeternus
1362 1552 1529 1591 crinium
1548 1551 1640 1601 ejus
1661 1552 1874 1599 sacrorum,
1892 1548 2039 1588 decidit
2057 1559 2111 1586 ex
2130 1559 2194 1585 ca-

368 1610 453 1661 pite
470 1610 577 1659 ejus,
595 1613 633 1648 et
640 1608 855 1658 fastigium
876 1608 1008 1658 ipsius
1026 1607 1265 1658 capillatum,
1280 1606 1490 1644 resolutum
1508 1605 1548 1642 in
1564 1604 1729 1642 culmine
1743 1604 1838 1652 alto,
1855 1604 2041 1652 turpatur
2050 1600 2195 1639 cinere.

371 1662 609 1713 Corybantes
624 1662 717 1700 saevi
737 1659 988 1712 obstupefacti
1006 1664 1098 1699 sunt
1113 1658 1324 1711 praesagio,
1341 1662 1380 1697 et
1403 1656 1532 1707 Orgia
1559 1656 1691 1709 defixa
1709 1668 1783 1694 uno
1801 1656 1941 1695 timore
1964 1663 2196 1710 compresse-

1129 1770 1426 1787 OOOOOOOOOOO

369 1828 471 1869 Vat.
493 1832 593 1867 tert.
621 1830 764 1868 securis
785 1828 902 1868 Med.
930 1832 1031 1868 tert.
1058 1829 1204 1868 securis
1235 1828 1305 1867 vel
1337 1825 1497 1867 secretis
1513 1825 1846 1865 Florent.—2⁷6
1873 1822 2033 1873 Inrupit
2051 1833 2195 1862 omnes
2225 1814 2230 1819 ’

369 1882 492 1920 Vatt.
514 1882 606 1920 Pal.
635 1882 762 1920 Farn.
784 1883 901 1920 Prie.
935 1881 1061 1920 Rott.
1084 1881 1221 1921 Oisel.
1241 1882 1346 1919 Exc.
1363 1878 1489 1919 Laeti.
1519 1878 1712 1928 Irrumpit
1732 1876 1854 1916 Med.
1879 1887 1966 1915 sec.
1976 1874 2193 1926 facilisque

370 1933 523 1973 PetaV.
554 1945 640 1972 sec.
668 1934 756 1984 rapi
790 1934 1085 1973 Thuan.-277
1113 1933 1292 1984 patribus
1310 1934 1410 1973 Vat.
1432 1944 1495 1983 pr.
1523 1943 1579 1970 m.
1614 1934 1817 1982 piu—278
1843 1932 2066 1969 terruerant
2092 1928 2197 1971 Var.

372 1986 460 2026 LL.
479 1985 548 2025 ed.
569 1985 838 2026 Antv.—279
856 1985 1044 2033 fecundis
1059 1986 1223 2026 Thuan.
1250 1987 1396 2025 securis
1427 1985 1496 2024 vel
1531 1984 1691 2023 secretis
1707 1984 1897 2023 Florent.
1917 1981 2078 2033 rupibus
2092 1980 2197 2026 Vat.

371 2050 437 2089 pr.
455 2043 499 2077 et
515 2043 617 2077 tert.
639 2039 773 2078 Oisel.
788 2039 907 2078 Med.
924 2044 1025 2079 tert.
1057 2040 1219 2078 Mazar.
1242 2039 1382 2078 Oxon.
1421 2049 1486 2088 pr.
1521 2042 1608 2077 vet.
1640 2037 1748 2088 Gyr.
1777 2038 1877 2076 Vat.
1912 2035 2052 2075 Livin.
2085 2035 2195 2076 Exc.
2261 2062 2263 2065 -

371 2092 550 2131 Lucens.
570 2103 656 2130 sec.
684 2092 859 2141 partibus
880 2097 965 2131 tres
995 2093 1034 2131 V
1037 2097 1116 2133 att.
1135 2093 1230 2131 Pal.
1251 2092 1379 2131 Farn.
1401 2092 1522 2130 Rott.
1544 2091 1652 2129 Exc.
1687 2090 1810 2129 Laeti.
1839 2088 2000 2140 rupibus
2019 2088 2194 2139 velpar-

370 2144 473 2183 tibus
492 2145 733 2195 Reg.-—280
764 2145 922 2196 Cybeles
940 2145 1058 2184 Med.
1073 2157 1158 2185 sec.
1190 2145 1346 2196 Cybelle
1364 2144 1613 2184 Prie—281
1643 2143 1787 2182 alacris
1805 2142 1966 2182 Μαῖαν.
1984 2142 2087 2180 Var.
2107 2141 2196 2181 LL.

375 2208 399 2236 e
419 2209 550 2248 marg.
574 2197 717 2236 Parm.
746 2200 912 2237 concitat
936 2199 1095 2237 Moret.
1117 2201 1318 2249 pru-282
1344 2209 1542 2236 sacrarum
1572 2197 1679 2236 Exc.
1717 2196 2031 2236 Gevart.'-—283
2058 2193 2196 2245 Deflu-

372 2253 455 2288 eret
471 2251 629 2289 Thuan.
659 2250 869 2290 Destructit
902 2253 1020 2291 Rott.
1049 2251 1235 2304 Defluxit
1270 2251 1335 2290 vel
1374 2249 1587 2290 Destruxit
1607 2248 1707 2287 Vat.
1727 2254 1829 2288 tert.
1858 2248 1999 2300 capitis
2029 2249 2194 2291 Thuan.

373 2305 505 2341 -285
539 2303 771 2353 Obstipuere
801 2303 949 2343 Ambr.
980 2309 1080 2343 tert.
1109 2305 1217 2343 Exc.
1250 2304 1359 2343 Laeti
1395 2309 1441 2343 et
1470 2304 1650 2343 Lucens.
1680 2313 1765 2341 sec.
1796 2301 2054 2352 Obstrepuere
2089 2302 2197 2352 Reg.

278 2387 293 2392 -
376 2353 516 2394 Oxon.
537 2368 602 2406 pr.
635 2357 866 2407 Corybantis
886 2358 1045 2396 Moret.
1066 2369 1150 2396 sec.
1169 2369 1247 2396 una
1266 2357 1419 2396 PetaV.
1436 2361 1536 2395 tert.
1556 2369 1610 2394 m.
1627 2366 1713 2394 sec.
1733 2355 1811 2393 imo
1830 2355 1931 2395 Vat.
1946 2366 2012 2404 pr.
2031 2358 2075 2392 ct
2095 2359 2197 2398 tert,

376 2407 510 2446 Oisel.
533 2415 712 2458 quatuor
741 2410 858 2449 Med.
891 2412 974 2449 inc.
996 2410 1147 2448 Heins.
1169 2410 1277 2449 Exc.
1299 2411 1483 2448 Lucens.
1504 2421 1567 2459 pr.
1589 2408 1659 2448 ed.
1678 2409 1819 2447 vicet.
1846 2420 1922 2446 uno
1941 2407 2024 2445 duo
2046 2407 2196 2448 Leidd.

375 2465 420 2498 et
437 2460 622 2499 sedecim
653 2461 739 2510 alii,
767 2462 873 2501 Exc.
913 2461 1023 2502 Laeti
1050 2470 1092 2501 et
1125 2462 1305 2502 Gevart.
1334 2462 1403 2501 ed.
1426 2463 1569 2501 Par-nu.
1596 2474 1671 2500 uno
1691 2461 1759 2499 vel
1779 2461 1854 2498 imo
1876 2461 2064 2499 Florent.
2084 2459 2197 2510 Reg.

372 2515 506 2552 —286
533 2514 657 2552 tacita
676 2513 776 2553 buxo
796 2515 982 2555 Florent.
1002 2526 1058 2553 m.
1080 2526 1143 2566 pr.
1162 2515 1333 2555 Tholos.
1367 2514 1518 2555 Ambr.
1541 2520 1643 2556 tert.
1673 2514 1797 2553 tacita
1816 2514 1919 2552 buxo
1952 2512 2021 2551 vel
2052 2511 2212 2568 tacitas,

1197 2622 1372 2663 NOTAE

425 2700 505 2737 278
563 2699 754 2751 Pac-isque
785 2703 956 2754 senecta]
1017 2702 1246 2754 Sapientes

375 2760 493 2812 pacis
524 2773 650 2801 causa
680 2764 834 2802 bellum
864 2770 1031 2816 gerunt,
1067 2766 1141 2804 sed
1161 2777 1247 2816 pax

376 2822 600 2874 aliquando
614 2831 753 2865 nocet.
811 2826 942 2877 Cujus
971 2827 1032 2866 rei
1051 2827 1248 2878 exempla

377 2883 552 2933 passim.
584 2886 736 2926 ‘Nunc
756 2887 944 2938 patimur
961 2888 1097 2940 longa»,
1131 2888 1249 2940 pacis

377 2944 516 2983 mala?
541 2945 696 2986 Juven.
1099 2949 1101 2951 ’

431 3009 511 3045 2⁷9
539 3008 642 3057 Idoe]
690 3011 856 3050 Nomen
892 3013 1010 3052 urbis
1029 3020 1073 3052 et
1091 3013 1249 3053 montis

376 3069 422 3111 in
435 3069 639 3121 Phrygia:
654 3071 751 3111 huic
766 3074 970 3124 praesidet
984 3075 1144 3125 Cybele
1164 3089 1249 3115 ma-

379 3136 447 3173 ter
465 3132 675 3172 Deorum.

430 3198 511 3238 280
543 3197 718 3248 Thiasos]
745 3198 928 3239 Choros:
971 3213 1067 3241 nam
1103 3201 1250 3253 θίασος,

376 3268 452 3299 seu
475 3257 656 3310 Thiasus,
673 3267 739 3300 est
751 3262 899 3301 chorus
929 3263 1251 3314 tripudiantium

377 3319 420 3359 in
440 3319 640 3361 honorem
659 3323 840 3363 numinis
851 3325 1040 3378 alicujus,
1052 3327 1125 3367 sed
1143 3340 1251 3380 prae-

379 3381 507 3434 cipue
524 3384 699 3426 Bacchi.

1368 2705 1445 2746 281
1478 2702 1619 2753 Enses]
1676 2699 1859 2741 Curetes
1893 2704 1936 2740 et
1976 2699 2196 2751 Coryban-

1315 2771 1396 2814 tes,
1433 2765 1615 2816 Cybeles
1637 2764 1832 2815 ministri,
1862 2763 2087 2802 vibrabant
2109 2763 2197 2813 gla-

1315 2827 1425 2879 dios,
1445 2833 1489 2867 et
1508 2839 1624 2879 saepe
1658 2838 1751 2867 sese
1783 2826 2028 2866 vulneribus
2056 2825 2197 2866 defor-
2278 2851 2280 2853 »

1313 2890 1503 2929 mabam.

1367 2957 1446 2992 283
1481 2953 1661 3004 Turris]
1698 2952 1848 2992 Crines
1893 2952 1937 2990 in
1979 2951 2195 2991 cumulum

1316 3016 1435 3063 elati,
1464 3016 1598 3055 instar
1613 3016 1760 3067 turris,
1774 3016 1883 3055 muri
1897 3015 2074 3068 fastigii,
2101 3027 2196 3055 vei·-
2249 3033 2252 3036 ¹

1315 3079 1425 3118 ticis,

1371 3145 1451 3181 286
1483 3141 1632 3195 Orgia]
1647 3139 1743 3180 Ἀπὸ
1757 3142 1830 3188 τῆς
1847 3139 1982 3192 ὀργῆς,
2005 3153 2030 3179 a
2040 3139 2198 3192 furore,

1318 3206 1379 3244 sic
1399 3205 1651 3254 dicta‚·sunt
1671 3216 1790 3244 sacra
1808 3204 1985 3243 Bacchi.
2041 3202 2127 3242 Sed
2149 3207 2213 3243 et.

1317 3274 1576 3318 usurpantur
1606 3279 1682 3319 pro
1730 3267 1858 3306 sacris
1891 3265 2101 3316 omnibus,
2150 3264 2216 3305 in'

1318 3329 1472 3381 quibus
1489 3328 1609 3371 furor
1623 3330 1867 3370 dominatur
1882 3342 1894 3368 :
1923 3328 2037 3378 orgia
2045 3335 2198 3379 pressei

1317 3396 1413 3432 runt
1428 3392 1565 3446 buxos,
1595 3391 1640 3432 id
1671 3396 1754 3445 est,
1785 3391 2056 3443 Corybantes
2075 3389 2219 3447 orgia.
