2300 3906
300 180 408 235 668
857 195 949 232 cr„
988 190 1338 232 cLAumANr
1381 189 1561 229 xxrv.

1079 470 1342 531 XXIV.

306 677 443 739 CL.
469 676 963 739 CLAUDIANI
990 677 1118 738 DE
1140 674 1569 738 SECUNDO
1594 669 2119 735 CONSULATU

548 791 681 852 FL.
715 790 1282 852 STILICHONIS
1316 790 1399 850 V.
1437 788 1520 849 C.
1563 784 1866 853 LIBER.

946 978 1485 1020 ARGUMENTUM.

359 1083 668 1124 CELEBRATUR
688 1084 888 1136 gaudium
922 1085 1070 1125 Romae
1090 1085 1281 1126 videntis
1312 1084 1607 1135 Stilichonem,
1627 1083 1836 1124 victorem
1866 1080 2127 1131 modestum,

304 1150 455 1203 priscis
476 1150 671 1190 Ducibus
704 1151 921 1202 majorem,
949 1153 1113 1191 cultum
1141 1151 1197 1192 ab
1224 1151 1436 1202 omnibus,
1455 1151 1573 1192 urbis
1594 1150 1886 1200 liberatorem,
1906 1145 2130 1200 reparato‘·

304 1228 394 1256 rem
422 1216 691 1266 Consulatus,
711 1216 885 1268 Imperii
914 1217 1280 1270 amplificatorem,
1313 1219 1520 1258 malorum
1549 1219 1783 1257 Rectorum
1817 1217 2026 1263 ultorem3
2057 1212 2131 1266 qui

306 1283 485 1322 Romam
516 1282 668 1322 iterum
689 1281 795 1322 fecit
828 1283 941 1322 orbis
962 1288 1112 1334 caput:
1142 1284 1241 1323 hinc
1274 1283 1537 1335 praedicatur
1556 1284 1649 1335 ipsa
1669 1283 1807 1322 Roma
1829 1282 1996 1321 urbium
2016 1279 2132 1320 altis-

306 1348 426 1398 sima,
442 1348 559 1388 Coelo
577 1350 742 1396 aemuIa,
762 1349 903 1399 legum
926 1361 1079 1400 parens
1116 1354 1161 1389 et
1192 1350 1373 1401 imperii,
1392 1349 1546 1389 victrix
1564 1352 1786 1400 materque
1806 1347 1994 1386 omnium
2031 1357 2133 1397 gen·-

307 1414 430 1464 tium,
445 1420 571 1453 terrae
592 1420 637 1454 et
655 1415 804 1464 maris3
826 1417 1019 1456 Deorum
1039 1416 1192 1467 amica,
1208 1426 1252 1457 et
1273 1416 1409 1456 sedes.
1438 1416 1630 1467 Populus
1651 1415 1756 1454 colit
1771 1405 2066 1461 Stilichonem,
2083 1416 2134 1451 ut

309 1480 503 1530 Patrem,
537 1486 666 1521 vocat
696 1482 939 1522 Dominum.
995 1483 1207 1523 Proceres
1239 1489 1283 1524 et
1312 1483 1508 1523 Victoria
1527 1482 1646 1521 illum
1678 1480 1871 1520 ambiunt
1890 1479 2136 1530 Consulem,

307 1547 394 1585 non
414 1546 538 1586 armis
567 1547 639 1586 sed
664 1560 807 1587 amore
836 1548 1062 1597 munitum,
1080 1554 1125 1588 et
1142 1549 1442 1589 liberatorem:
1472 1548 1588 1599 huie,
1615 1552 1665 1588 ut
1691 1545 1995 1586 liberalitatem
2014 1556 2135 1587 exet·

307 1618 420 1663 ceat‚
432 1612 616 1664 edatque
637 1614 899 1664 spectacula,
918 1614 1065 1653 Diana
1084 1614 1180 1666 ipsa
1197 1613 1310 1655 feras
1329 1615 1596 1667 suppeditat.

309 1845 521 1922 QUEM
550 1862 748 1929 populi
773 1861 994 1929 plaUSU,
1020 1878 1313 1929 procerum
1340 1879 1503 1930 quem
1527 1878 1666 1915 voce
1698 1862 1954 1929 petebas,

306 1947 538 2014 Aspice,
567 1945 771 2007 Roma,
797 1944 993 1996 virum.
1071 1945 1109 1997 J
1114 1962 1203 1997 am
1228 1950 1477 2015 tempora
1501 1946 1692 1998 desine
1717 1946 1902 2014 longae

308 2029 670 2082 Dinumerare
696 2030 820 2091 viae,
844 2029 1078 2095 visoque
1103 2044 1387 2095 assurgere
1411 2047 1629 2099 semper

307 2112 546 2166 Pulvere
568 2130 580 2163 :
618 2129 725 2163 non
751 2111 934 2163 dubiis
957 2112 1103 2163 ultra
1128 2114 1458 2179 torquebere
1483 2115 1651 2166 votiS.

307 2197 481 2250 Totus
507 2197 663 2248 adest
684 2196 879 2259 oculiS,
906 2192 1095 2247 aderat
1121 2196 1216 2262 qui
1240 2198 1516 2248 mentibus
1543 2198 1692 2260 olim,
2101 2198 2137 2248 5

309 2282 426 2350 Spe
450 2282 650 2349 major,
672 2280 821 2331 fama
843 2280 1052 2331 melior.
1125 2279 1400 2332 Venerare
1425 2281 1688 2345 curulem,
2014 2290 2017 2292 ’

367 2429 407 2469 0
430 2431 574 2479 Roma,
592 2430 743 2468 intuere
761 2429 902 2480 virum,
920 2441 1030 2480 quem
1047 2430 1252 2490 expetebas
1277 2432 1463 2481 applausu
1486 2430 1619 2481 populi
1635 2434 1674 2468 et
1691 2428 1966 2468 acclamatione
1986 2428 2140 2468 Primo-

309 2485 548 2524 rum..1am
566 2494 671 2522 cessa
687 2494 889 2521 numerare
908 2487 1057 2543 tempus
1073 2472 1231 2521 itineris
1246 2484 1440 2531 diuturni,
1458 2488 1497 2522 et
1514 2495 1674 2532 surgere
1691 2483 1870 2521 continuo
1889 2483 1940 2521 ad
1957 2481 2139 2534 primum
2211 2506 2214 2509 -

306 2539 498 2597 pulverem
517 2535 748 2575 excitatum.-
778 2547 853 2573 non
879 2535 1039 2584 angeris
1069 2536 1235 2586 amplius
1263 2512 1468 2575 desideriis
1485 2536 1693 2586 suspensis.
1749 2536 1825 2574 Ille
1843 2539 1949 2574 totus
1969 2546 2140 2586 praesens

308 2595 368 2630 est
384 2589 502 2629 oculis
521 2588 622 2639 tuis,
641 2589 707 2639 qui
723 2588 823 2627 alias
835 2600 1005 2639 praesens
1024 2593 1109 2628 erat
1124 2589 1252 2628 animo
1273 2596 1361 2640 tuo,
1385 2589 1584 2639 ingentior
1602 2590 1688 2640 ipsa
1706 2588 1989 2640 expectatione,
2004 2587 2138 2627 melior

1069 2707 1092 2720 Ο
1098 2707 1369 2723 OOOO‘O‘O‘OO

367 2790 389 2826 1
418 2787 589 2837 Populus
607 2787 727 2826 Rott.
746 2787 879 2825 clausu
896 2786 999 2827 Jun.
1019 2799 1086 2838 pr.
1103 2799 1306 2838 procerum
1326 2790 1394 2828 vel
1415 2790 1570 2841 placida
1587 2790 1688 2828 Vat.
1718 2801 1782 2840 pr.
1797 2787 1957 2840 potebas
1973 2787 2142 2827 Tholos.

311 2843 390 2879 ——2
418 2839 586 2890 Auspice
603 2839 722 2878 Med.
757 2845 860 2879 tert.
894 2842 1026 2879 desine
1056 2844 1228 2891 tempora
1262 2842 1367 2881 Lov.
1372 2847 1450 2882 -3
1479 2855 1598 2882 morae
1627 2842 1776 2882 Ambr.
1796 2854 1862 2893 pr
1865 2845 1945 2880 -4
1971 2852 2039 2881 nec
2057 2840 2139 2879 inc.

311 2891 466 2932 Heius.
483 2905 552 2932 ver
567 2893 662 2933 Pal.
678 2894 882 2943 procedere
900 2894 1000 2934 Jun.
1031 2905 1096 2945 pr.
1102 2897 1180 2932 -6
1207 2897 1359 2936 curules
1389 2897 1496 2948 Reg.
1499 2900 1578 2935 -7
1607 2899 1648 2936 te
1664 2897 1787 2936 Voss.
1796 2855 1925 2935 p.Exc
1956 2893 2138 2933 Gevart.

1135 3015 1315 3056 NOTAE

369 3108 392 3144 1
425 3105 548 3150 Quem
578 3105 724 3154 populi,
752 3105 840 3155 ea]
870 3106 1030 3146 Procul
1063 3108 1192 3148 dubio
1261 3109 1453 3149 siderant
1487 3113 1533 3148 et
1562 3111 1824 3158 expectant:
1868 3118 1967 3144 nam
1993 3104 2140 3145 statim

313 3166 451 3208 Roma
467 3167 697 3219 impensius
719 3168 899 3218 optabat
915 3169 1193 3211 Stilichonem
1260 3177 1391 3223 atque
1425 3171 1576 3222 globus
1610 3170 1795 3222 pulveris
1825 3169 2040 3208 excitatus
2059 3173 2145 3219 est,

315 3228 541 3270 consulem
566 3229 870 3268 renuntiatum·
1261 3240 1488 3286 assurgunt
1522 3234 1649 3273 visuri
1683 3245 1737 3274 an
1773 3232 1916 3272 veniat
1944 3231 1981 3271 is
2014 3242 2140 3284 quem

368 3294 393 3331 3
441 3291 619 3342 Visoque
633 3303 835 3341 assurgere
863 3294 1039 3345 pulvere]
1066 3295 1192 3334 More
1261 3302 1510 3348 expectant.

315 3365 481 3407 eorum,
508 3354 581 3408 qui
600 3351 832 3407 impensius
853 3367 1094 3409 quenquam
1119 3357 1192 3398 de·
1314 3362 1341 3398 6
1368 3360 1445 3410 Spe
1472 3357 1615 3409 mqior]
1654 3358 1794 3410 Major
1824 3362 1892 3398 est
1912 3369 2038 3411 quam
2066 3369 2140 3398 ex-
