2300 3906
353 172 462 241 870
747 197 755 206 ·
904 185 999 224 οι..
1033 177 1396 225 ἁε’.·ι,.ιιυι)ι.ιιι·ιι
1438 177 1634 217 xxix.

351 302 513 367 Quos
540 302 798 370 Phrygiae
825 303 1049 357 matreS,
1077 294 1394 362 Argaeaque
1419 295 1661 362 gramina
1687 298 1887 362 pastae,

351 389 571 440 Semine
599 383 996 452 Cappadocum
1023 378 1199 431 sacris
1225 379 1576 446 praesepibus
1601 377 1788 441 edunt,

348 471 570 524 Primus
594 472 778 520 honos.
852 464 1088 518 Gemino
1111 477 1246 514 mox
1272 462 1418 513 idem
1443 463 1678 514 culmine
1709 462 1872 514 duxit

347 554 608 622 Agmina,
631 552 1064 617 commissosque
1088 550 1243 600 labor
1269 548 1350 599 sic
1377 548 1549 613 gessit
1571 549 1824 610 honores,

345 639 425 689 Ut
451 654 671 704 semper
695 637 887 688 merito
915 635 1209 701 PrincepS,
1238 649 1366 684 cum
1389 647 1589 699 magna
1613 632 1887 696 dedisset,
2064 631 2171 685 195

350 723 592 775 Deberet
614 722 832 790 majora
855 726 1060 773 tamen.
1135 718 1197 770 Si
1221 717 1427 770 bellica
1449 718 1628 769 nubes

344 807 639 873 Ingrueret,
667 808 920 874 quamvis
947 806 1100 857 annis
1125 809 1179 857 et
1196 805 1320 872 jure
1347 803 1548 855 minori

342 890 549 943 Cedere
575 891 900 958 grandaevos
927 892 1174 959 equitum
1196 890 1554 958 peditumque
1578 889 1870 955 magistros

339 1044 485 1079 matres
498 1040 703 1092 Phrygiae,
721 1045 758 1080 et
778 1041 943 1082 nutv-itte
970 1041 1102 1081 herbis
1114 1041 1290 1092 Argaeis‚
1311 1046 1356 1081 et
1381 1041 1526 1081 semine
1545 1051 1749 1093 equorum
1772 1038 2029 1090 Cappadocioe
2055 1038 2168 1078 emit·

338 1098 427 1133 tunt
447 1096 487 1133 in
506 1094 670 1132 stabulis
690 1095 972 1145 imperatoriis.
1028 1094 1175 1135 Statim
1197 1097 1298 1135 idem
1317 1095 1496 1134 Stilicho
1512 1098 1706 1145 potestate
1718 1093 1914 1143 duplicata
1932 1093 2038 1131 rexit
2050 1103 2162 1144 exer?

335 1149 452 1195 citus,
471 1151 509 1185 et
528 1147 721 1187 industria
741 1149 832 1199 ejus
850 1149 908 1188 ita
928 1150 1219 1189 administravit
1251 1149 1466 1198 dignitates
1498 1148 1716 1199 impositas,
1748 1151 1792 1186 ut
1824 1147 2043 1195 Imperator
2078 1146 2166 1184 cuni

335 1201 552 1239 donavisset
557 1201 650 1250 jure
668 1203 795 1252 ampla
816 1203 1002 1252 praemia,
1020 1207 1149 1241 tamen
1168 1202 1319 1241 deberet
1339 1214 1487 1253 semper
1504 1201 1706 1252 ampliora.
1763 1198 1888 1240 Quod
1906 1198 1940 1237 si
1955 1202 2165 1249 tempestas

336 1254 424 1293 beu-i
440 1255 677 1305 immineret,
694 1256 842 1295 videres
869 1268 976 1295 senes
1000 1255 1208 1307 proefectos
1226 1256 1418 1307 equitatui
1437 1268 1481 1295 ac
1494 1255 1692 1307 ,peditami
1711 1254 1911 1293 concedere
1925 1251 2166 1301 stilichoni,

1098 1363 1399 1380 000000000000

336 1427 501 1468 Buslid.
524 1429 664 1469 Oxou.
685 1442 768 1470 sec.
807 1431 912 1469 Exc.
947 1430 1049 1470 Pat.
1082 1441 1169 1469 rec.
1208 1430 1386 1469 Lucens.
1424 1441 1488 1479 pr.
1526 1429 1593 1468 ed.
1628 1428 1908 1467 Parm.—l9l
1934 1429 2063 1478 partae
2081 1437 2162 1477 pro

330 1486 456 1532 pastae
478 1483 577 1521 Vat.
596 1489 735 1531 quart.
755 1487 880 1534 ραι-ἰῶ
896 1483 1049 1522 Petav.
1071 1494 1133 1533 pr.
1156 1482 1298 1522 Oxon.
1317 1483 1519 1521 sec.Var.
1537 1482 1622 1520 LL.
1637 1481 1706 1519 ed.
1728 1480 1860 1518 Antv.
1882 1492 1934 1518 m.
1954 1491 2020 1529 pr.
2046 1491 2159 1530 posse

336 1535 637 1574 Rasum—193
670 1535 826 1574 Primus
843 1536 964 1574 honor
1117 1535 1198 1574 inc.
1219 1534 1370 1572 Heius.
1399 1535 1493 1573 odor
1519 1534 1682 1572 Moret.
1706 1544 1767 1582 pr.
1796 1543 1904 1571 amor
1923 1532 2030 1570 Exc.
2061 1532 2162 1573 Pat.

334 1600 423 1625 rec.
440 1588 561 1625 honor
580 1593 670 1626 tres
689 1588 812 1627 Vatt.
832 1588 926 1626 Pal.
950 1589 1069 1627 Rott.
1092 1586 1229 1626 Oisel.
1246 1586 1367 1627 Med.
1393 1593 1529 1639 quart.
1554 1598 1699 1635 genero
1720 1586 1815 1625 Vat.
1834 1585 1970 1624 Livin.
1999 1585 2164 1624 Primus

330 1640 449 1678 honor
478 1644 667 1690 tantaque
689 1641 774 1693 fide
793 1640 972 1679 victricia
1002 1640 1118 1679 duxit
1144 1639 1289 1679 Ambr.
1319 1645 1423 1680 tert.
1452 1640 1616 1679 Primus
1649 1635 1770 1678 honor
1792 1639 1948 1688 gemino
1978 1651 2070 1678 mox
2100 1636 2164 1677 in‘?

326 1694 507 1741 germina
519 1695 624 1732 novit
641 1692 718 1732 Am
726 1694 785 1733 br.
803 1706 865 1744 pr.
879 1693 1036 1742 gemino
1053 1706 1145 1733 mox
1160 1693 1250 1732 inde
1262 1706 1281 1731 e
1291 1693 1469 1743 gramine
1481 1693 1599 1732 duxit
1620 1692 1741 1731 Med.
1757 1696 1896 1744 quart.
1908 1692 2064 1742 gemino
2082 1697 2161 1731 nox

328 1746 418 1784 inde
436 1759 456 1785 e
470 1744 651 1796 gramine
672 1747 762 1785 Pal.
775 1749 929 1795 gemino
946 1759 1051 1786 nexu
1068 1747 1143 1786 tibi
1154 1747 1332 1796 germina
1359 1748 1398 1786 d.
1427 1746 1586 1788 Buslid.
1600 1748 1754 1796 gemino
1784 1758 1863 1785 nox
1876 1746 1967 1786 inde
1980 1746 2161 1795 germine

330 1800 427 1837 Vat.
455 1807 593 1850 quart.
619 1801 787 1849 gemina>
806 1813 882 1840 nex
901 1801 990 1839 inde
1018 1800 1059 1839 in
1073 1801 1255 1850 germine
1270 1799 1420 1840 Ambr.
1443 1813 1508 1851 pr.
1530 1799 1634 1840 Cod.
1655 1799 1806 1851 Epigr.
1829 1799 1976 1839 Ambr.
1991 1798 2160 1848 gemime

327 1865 405 1891 nex
418 1852 508 1893 inde
531 1853 743 1893 Germania
763 1854 865 1894 Put.
883 1854 1051 1902 geminae
1069 1866 1147 1893 nex
1164 1854 1254 1893 iude
1271 1855 1451 1904 germina
1465 1854 1619 1895 Petav.
1639 1865 1725 1892 see.
1748 1852 1890 1893 Oxon.
1909 1852 2161 1902 meg-emine

326 1906 508 1945 ‘neminum
524 1908 708 1956 gramina
726 1909 828 1947 vat.
857 1919 942 1947 sec.
972 1908 1127 1957 gemino
1145 1920 1213 1947 nec
1228 1909 1315 1947 inde
1330 1908 1466 1958 gemin
1486 1936 1496 1946 .
1522 1936 1533 1947 .
1555 1935 1565 1946 .
1587 1935 1596 1946 .
1616 1907 1734 1946 duxit
1761 1907 1868 1946 Exc.
1887 1906 2070 1946 Lucens.
2089 1916 2155 1956 pr.

322 1960 480 2007 gemine
499 1973 573 1998 non
605 1960 669 1999 ide
695 1961 873 2010 germine
907 1961 1006 2000 Vat.
1040 1967 1139 2000 tert.
1159 1974 1214 2000 m.
1237 1974 1323 2001 sec.
1354 1962 1398 2012 [a
1418 1974 1471 2000 m.
1492 1973 1557 2012 pr.
1579 1961 1746 2012 reliqua
1763 1957 1964 2009 deerant]
1987 1958 2157 2008 gemina»

332 2012 426 2052 Vat.
448 2019 544 2053 tert.
567 2015 731 2064 reliqua
759 2026 862 2053 vero
895 2013 1261 2063 desiderabantur,
1285 2015 1347 2054 uti
1367 2021 1414 2054 et
1432 2016 1475 2053 in
1494 2015 1659 2053 Thuan.
1680 2018 1726 2054 et
1744 2014 1898 2052 Petav.
1913 2048 1934 2058 ,,
1947 2024 2012 2064 ρι’.
2028 2012 2154 2061 gemi-

323 2078 384 2103 noe
411 2079 503 2105 mox
523 2067 614 2105 inde
645 2067 834 2106 Florent.
871 2068 1029 2117 gemino
1048 2068 1202 2106 Judaeae
1220 2069 1329 2107 Exc.
1364 2068 1463 2108 Pat.
1497 2080 1583 2107 rec.
1611 2068 1780 2116 geminae
1806 2078 1877 2105 nec
1902 2066 1946 2104 in
1988 2065 2156 2105 Bonon-

323 2131 404 2157 ηοω
421 2120 512 2157 inde
527 2120 708 2168 germina
740 2121 856 2159 Rott.
886 2121 971 2159 Idae
988 2126 1073 2159 vet.
1095 2120 1334 2172 Gya-‚jude
1348 2122 1507 2161 Moret.
1526 2133 1590 2171 pr.
1620 2119 1726 2160 Ald.>
1738 2120 1808 2159 ed.
1828 2119 1972 2158 Parm.
2001 2117 2092 2157 inde
2127 2123 2154 2157 α’

320 2172 497 2219 germine
513 2173 615 2211 Vat.
642 2185 705 2223 pr.
734 2174 824 2212 inde
853 2185 873 2211 e
904 2173 1004 2211 Vat.
1026 2173 1162 2212 Livin.
1190 2174 1234 2212 in
1253 2186 1273 2212 e
1293 2173 1411 2212 Med.
1433 2186 1495 2224 ρι’.
1524 2175 1615 2212 inde
1708 2173 1828 2211 movit
1859 2170 2012 2211 Sched.
2032 2170 2150 2212 Gud.

328 2224 529 2263 Heinsius
552 2227 834 2277 ascripserat,
861 2227 926 2264 De
958 2225 1188 2265 Stilichonis
1205 2226 1413 2266 honoribus
1444 2226 1542 2266 vide
1573 2226 1886 2275 Inscriptiones
1906 2223 2023 2276 apud
2052 2224 2154 2263 Cas-

324 2278 397 2316 tal.
419 2279 461 2317 in
482 2278 618 2318 Rutil.
637 2291 679 2328 p.
709 2282 936 2319 loz—194
963 2279 1084 2317 libens
1114 2292 1192 2329 pro
1208 2280 1317 2318 labor
1336 2281 1372 2317 V
1377 2285 1432 2321 at.
1456 2287 1596 2330 quart.
1615 2278 1748 2328 fregit
1767 2278 1885 2317 Med.
1908 2289 1995 2317 sec.
2021 2277 2151 2316 Hein-

322 2331 405 2369 sius
439 2333 713 2382 ascripserat,
741 2332 802 2371 sic
838 2332 953 2381 apud
987 2332 1144 2370 Horat.
1185 2333 1196 2354 ‘
1220 2331 1420 2382 frangere
1456 2333 1568 2371 diem
1604 2331 1781 2371 labore?
1810 2331 1886 2370 sed
1921 2330 2150 2386 ablegabat

318 2384 522 2422 lectorem
543 2386 595 2423 ad
617 2384 709 2424 Lib.
730 2396 780 2424 11.
800 2384 843 2424 in
867 2385 1045 2435 Eutrop.
1078 2398 1137 2425 νε.
1157 2389 1252 2425 562.
1273 2386 1346 2425 ubi
1374 2386 1462 2425 vid.
1484 2386 1560 2424 has
1586 2386 1690 2425 Var.
1709 2381 1930 2425 LL.-195
1959 2385 2050 2423 miti
2071 2396 2148 2435 pro

317 2437 456 2476 merito
477 2438 571 2477 Pal.
587 2439 670 2476 duo
702 2438 958 2477 Med.-196
987 2439 1161 2478 Auderet
1180 2451 1258 2489 pro
1279 2439 1450 2479 Deberet
1468 2440 1568 2479 Vat.
1597 2444 1736 2491 quart.
1758 2437 1948 2488 Deferret
1984 2438 2052 2477 vel
2074 2436 2149 2485 Of-

307 2490 439 2535 ferret
459 2493 542 2542 leg.
564 2492 718 2531 Heius.
750 2492 892 2541 majore
928 2493 1028 2532 Vat.
1047 2496 1244 2542 pin—197
1275 2493 1481 2543 Inger-eret
1501 2493 1620 2532 Med.
1639 2505 1723 2534 sec.
1742 2505 1833 2532 rure
1851 2492 2042 2532 Florent.
2061 2490 2148 2531 duo

317 2544 436 2584 Med.
478 2546 622 2585 minari
659 2545 957 2586 Buslid.—l98
1007 2547 1178 2586 Credere
1226 2546 1417 2588 Florent.
1455 2546 1575 2587 Med.
1613 2558 1698 2588 sec.
1741 2545 1843 2586 Put.
1887 2545 2147 2597 comitumque

314 2756 385 2795 que
404 2745 619 2795 Magister.
674 2746 766 2786 Hoc
794 2747 991 2796 geminum
1020 2753 1089 2787 est
1115 2748 1195 2787 cul-
1262 2754 1400 2800 πωλοι,
1451 2747 1594 2788 Varios
1636 2747 1855 2799 velocesque
1902 2746 2029 2798 pullos
2075 2745 2145 2785 1³oe-

314 2819 400 2846 men
419 2819 495 2846 seu
518 2808 681 2859 duplex
699 2809 848 2859 honos,
863 2810 917 2849 ad
937 2822 1063 2863 quem
1082 2809 1196 2848 Stili-
1262 2811 1408 2851 bentes.

312 2870 408 2919 cho,
426 2871 545 2911 velut
578 2872 633 2911 ad
665 2872 927 2923 dignitatum
960 2873 1193 2925 pulcherri-
1313 2873 1481 2925 Argaea]
1517 2873 1698 2925 Argaeus
1735 2877 1804 2914 est
1830 2883 1951 2913 mons
1969 2872 2141 2923 Cappa-

310 2944 473 2971 marum
489 2932 726 2985 fastigium,
745 2942 922 2976 evectus
939 2943 1020 2977 est.
1059 2936 1128 2976 Sic
1146 2934 1192 2976 et
1261 2938 1414 2989 doeiae,
1430 2938 1484 2976 de
1504 2950 1587 2990 quo
1604 2949 1748 2990 supra.

311 2995 424 3045 apud
445 2996 629 3036 Francos
650 2999 661 3019 ‘
678 2999 832 3038 Comes
852 3000 1012 3039 stabuli
1035 2997 1192 3051 Regii,'
1314 3004 1392 3042 192
1438 3000 1574 3040 Sam-is
1603 2998 1858 3051 prasepibus]
1910 2996 2136 3039 Stabulum

313 3058 580 3108 Connestable‚
623 3060 764 3110 prima
795 3060 881 3101 fuit
922 3061 967 3101 in
1002 3074 1049 3102 re
1083 3063 1191 3103 mili·
1257 3076 1439 3114 sacrum,
1457 3062 1811 3114 Imperatorium:
1842 3059 1951 3101 adeo
1980 3073 2032 3101 ea
2049 3072 2138 3100 om-

308 3119 392 3159 tari
411 3120 613 3171 dignitas.
1256 3127 1328 3166 nia
1348 3138 1471 3165 sacra
1485 3125 1699 3174 dicuntur,
1717 3133 1812 3175 quae
1836 3122 2001 3172 Regum
2021 3127 2138 3166 sunt.

361 3186 439 3226 191
472 3183 678 3235 Phrygioe,
713 3185 801 3237 Era]
842 3187 952 3238 Equi
989 3192 1035 3227 et
1063 3199 1186 3242 equae
1310 3192 1389 3230 196
1417 3188 1569 3228 Bellica
1598 3185 1736 3236 nubes]
1794 3186 1996 3226 Incursus
2026 3185 2135 3225 Bar·

307 3246 524 3297 Phrygum
563 3246 607 3286 in
645 3248 785 3298 pretio
817 3248 1102 3302 habebantur,
1140 3255 1187 3293 et
1255 3251 1468 3300 batorum,
1486 3248 1610 3290 nubis
1640 3248 1792 3298 instar,
1826 3258 2056 3298 erumpens
2087 3252 2135 3292 et

303 3309 385 3360 ipsi
421 3309 622 3363 Phryges
665 3311 720 3351 ab
752 3311 944 3351 Homero
983 3313 1186 3354 dicuntur
1252 3311 1600 3366 effervescensin
1617 3311 1813 3364 regiones
1827 3311 2052 3355 Romanas.

304 3372 526 3428 ἱππόδαμυι,
540 3375 741 3428 Equorum
751 3372 958 3418 domitores
966 3387 982 3425 ‚·
997 3382 1043 3418 et
1056 3374 1188 3419 αιόλόε
