2300 3906
347 197 457 253 978
889 206 985 247 cu.
1025 199 1380 242 anumAm
1421 198 1634 238 xxxv.

351 329 660 383 Occurrunt
684 322 903 394 properi
924 321 1072 372 lecta
1098 319 1166 370 de
1192 318 1357 386 plebe
1381 315 1615 368 ministri
1639 333 1652 369 ε

351 415 494 466 Pars
522 414 665 464 altos
692 410 955 461 revocant
974 420 1190 467 ourruS,
1214 403 1515 470 fraenisque
1543 401 1742 455 solutis

354 498 590 550 Vertunt
614 492 867 546 emeritos
891 487 963 540 ad
990 503 1203 556 pascua
1227 491 1356 539 nota
1370 487 1607 556 jugales.

352 581 495 633 Pars
521 580 700 631 aulaea
726 579 935 628 tenent:
976 573 1070 626 alii
1094 576 1401 642 praetexere
1426 572 1598 624 ramis

353 665 593 726 Limina,
622 671 675 714 et
701 663 758 712 in
783 660 1086 712 thalamum
1113 659 1291 711 cultas
1317 657 1578 710 extollere
1600 660 1803 709 vestes·

356 748 628 814 Reginam
657 751 813 798 casto
841 746 1132 797 cinxerunt
1157 742 1369 810 agmine
1395 746 1600 794 matres

356 832 590 899 Elysiae,
618 834 910 897 teneroque
936 831 1127 882 levant
1154 843 1402 880 sermone
1426 827 1666 890 timores,

2075 567 2182 621 320

355 995 531 1035 celeriter
548 994 719 1033 obviam.-
746 1005 838 1044 pars
853 1005 1000 1033 eorum
1015 994 1192 1034 restituit
1211 1006 1286 1034 suo
1302 995 1397 1034 loco
1412 1006 1569 1034 carram
1581 993 1796 1044 ingentem,
1815 996 1855 1033 et
1868 991 2027 1032 habenis
2040 991 2191 1031 detrac-

355 1049 411 1087 tis
428 1048 534 1086 (lucit
553 1061 669 1098 equos
690 1045 829 1086 officio
839 1045 1001 1095 functos
1014 1050 1066 1087 ad
1082 1052 1197 1099 prata
1215 1049 1342 1088 solita.
1377 1049 1479 1088 Pars
1495 1049 1659 1087 tendunt
1675 1052 1848 1098 tapetes.-
1875 1046 1947 1085 alii
1966 1048 2192 1096 coeperunt

359 1114 498 1140 ornare
521 1102 685 1149 januam
706 1099 930 1151 frondibus,
955 1105 995 1140 et
1017 1101 1159 1151 ferunt
1190 1102 1233 1141 in
1265 1101 1477 1142 cubiculum
1508 1101 1682 1152 nuptiale
1710 1103 1936 1140 ornamenta
1967 1097 2190 1151 magnifica.

359 1156 409 1195 H
409 1155 546 1194 eroince
560 1166 780 1205 camporum
801 1155 1025 1206 Elysiorum
1042 1156 1379 1195 circumdederunt
1394 1156 1592 1206 Reginam
1607 1154 1909 1206 Proserpinam
1924 1156 2024 1192 coetu
2037 1151 2193 1203 pudico,

1131 1263 1430 1278 OO‘OO‘OOOO‘O

361 1333 500 1379 verat,
517 1330 818 1369 Bartholinum
838 1330 977 1381 ipsum
998 1330 1222 1381 monuisse,
1242 1331 1286 1370 in
1305 1330 1444 1371 veteri
1467 1330 1626 1371 Codice
1646 1328 1731 1380 legi
1759 1332 1948 1378 tetroque,
1977 1325 2050 1377 qui
2071 1323 2197 1375 proin

363 1382 559 1422 diversus
578 1384 631 1422 ab
646 1384 975 1435 illossssartholini
996 1385 1171 1432 Codice,
1187 1397 1311 1437 quem
1333 1385 1514 1423 versavit
1529 1383 1746 1430 Heinsius,
1763 1379 1979 1432 quippejn
1995 1390 2078 1430 quo
2092 1377 2198 1416 illud

365 1448 450 1475 non
482 1443 720 1487 comparet.
751 1441 851 1475 tosto
882 1438 1056 1487 legebat
1076 1438 1293 1476 Heinsius.
1323 1436 1451 1476 Ovid.
1474 1447 1524 1475 11.
1544 1436 1725 1474 Metam.
1746 1445 1807 1472 vs.
1827 1435 1922 1472 283.
1953 1434 1965 1454 ‘
1989 1434 2123 1470 tostos
2144 1441 2198 1470 en

363 1489 508 1539 aspice
542 1489 851 1528 vultus.'-317
912 1492 1160 1528 Concurrunt
1188 1489 1290 1529 Jun.
1325 1499 1410 1527 sec.
1453 1487 1696 1526 Succurrant
1726 1486 1810 1524 inc.
1844 1485 1996 1524 Heius.
2033 1495 2201 1534 propere

366 1542 457 1581 lecti
476 1542 576 1580 Vat.
611 1554 673 1590 pr.
694 1547 737 1580 et
759 1541 895 1593 quint.
919 1541 1043 1581 Voss.
1069 1553 1132 1591 pr.
1154 1541 1258 1581 Cod.
1282 1541 1520 1580 Bartholin.
1559 1551 1723 1591 propere
1743 1540 1842 1578 lecta
1873 1539 1974 1577 Vat.
1994 1549 2080 1576 sec.
2103 1536 2200 1577 Pal.

361 1594 521 1645 properi
540 1595 637 1632 lecta
657 1596 755 1632 Vat.
776 1599 877 1633 tert.
900 1599 945 1633 et
964 1594 1008 1633 d.
1034 1595 1221 1634 Florent.
1239 1594 1322 1633 duo
1341 1594 1462 1633 Med.
1476 1594 1560 1633 duo
1578 1593 1725 1632 Heius.
1743 1593 1843 1631 Put.
1859 1592 2024 1631 Bonon.
2040 1591 2202 1631 Moret.

369 1659 431 1697 pr.
450 1647 550 1688 Jun.
573 1659 657 1686 sec.
681 1647 823 1686 Oxou.
845 1659 928 1686 sec.
948 1647 1104 1688 Petav.
1120 1652 1259 1700 quart.
1283 1648 1380 1689 Ald.
1396 1649 1500 1687 Var.
1519 1648 1607 1687 LL.
1629 1660 1652 1686 e
1669 1645 1961 1696 marg.Parm.
1990 1645 2081 1683 laeta
2100 1644 2203 1685 Jun.

366 1712 455 1739 sec.
500 1701 600 1739 lecta
620 1700 688 1738 vel
708 1700 798 1747 lecti
826 1699 948 1740 Voss.
982 1713 1067 1740 sec.
1109 1703 1197 1740 sede
1230 1701 1312 1741 inc.
1344 1701 1497 1741 Heius.
1534 1701 1636 1740 Var.
1669 1700 1755 1739 LL.
1789 1711 1814 1738 e
1834 1711 1970 1750 marg.
2004 1697 2204 1738 Parm.—-

368 1757 449 1792 318
490 1754 590 1792 altos
608 1753 707 1794 Jun.
728 1766 814 1794 sec.
854 1753 954 1793 alios
986 1754 1082 1794 Pal.
1104 1755 1258 1794 Heins.
1294 1755 1351 1795 H.
1384 1755 1467 1794 duo
1500 1754 1622 1794 Med.
1652 1753 1732 1792 alia
1762 1753 1865 1793 Put.
1883 1753 1960 1792 alio
1980 1752 2080 1790 Vat.
2101 1755 2205 1791 tert.

367 1811 522 1846 revocat
544 1813 631 1846 tres
651 1808 768 1847 Vatt.
784 1807 940 1847 Petav.
959 1819 1025 1859 pr.
1050 1809 1217 1848 Bonon.
1239 1809 1401 1849 Moret.
1420 1821 1484 1860 pr.
1500 1807 1604 1850 Jun.
1626 1819 1688 1857 pr.
1705 1807 1845 1847 Oxon.
1867 1818 1951 1846 sec.
1967 1805 2092 1844 Voss.
2115 1816 2206 1844 sec.

370 1860 476 1899 Cod.
495 1861 732 1901 Bartholin.
773 1864 952 1900 revocant
969 1863 1071 1902 Vat.
1093 1867 1192 1902 tert.
1211 1863 1314 1903 Jun.
1335 1874 1420 1902 sec.
1450 1874 1585 1901 cursus
1603 1861 1699 1902 Pal.
1717 1860 2021 1900 Thalos-4319
2061 1857 2204 1910 pabula

370 1912 519 1952 Ambr.
542 1917 776 1954 tert.—32l
821 1915 989 1954 Lumina
1006 1917 1108 1955 Vat.
1143 1920 1244 1955 tert.
1273 1918 1429 1956 Petav.
1450 1928 1536 1955 sec.
1577 1903 1831 1954 in‘thalamos
1848 1914 1950 1952 Vat.
1970 1924 2057 1954 sec.
2078 1912 2207 1951 Voss.

370 1979 459 2006 sec.
486 1968 702 2007 thalamum
722 1967 808 2007 duo
830 1969 946 2008 Vatt.
967 1974 1012 2008 et
1031 1969 1074 2008 d.
1103 1969 1208 2009 Cod.
1234 1969 1474 2009 Bartholin.
1498 1969 1687 2008 Florent.
1707 1967 1791 2008 duo
1813 1966 1930 2007 Med.
1951 1965 2034 2005 duo
2054 1964 2206 2004 Heius.

371 2020 475 2060 Put.
499 2022 607 2072 Reg.
631 2022 796 2061 Bonon.
816 2022 985 2062 Tholos.
1020 2023 1179 2062 Moret.
1202 2035 1265 2073 pr.
1283 2025 1409 2063 Voss.
1431 2035 1496 2074 pr.
1517 2022 1602 2062 duo
1622 2022 1724 2063 Jun.
1746 2020 1830 2060 duo
1851 2020 1995 2060 Oxon.
2018 2025 2104 2058 tres
2125 2018 2209 2058 Pe-

372 2079 460 2114 tav.
481 2075 588 2114 Exc.
609 2074 763 2114 Petav.
786 2082 927 2127 quart.
947 2075 1046 2115 ΑΜ.
1062 2077 1166 2115 Var.
1183 2077 1268 2116 LL.
1287 2089 1311 2116 e
1331 2089 1465 2127 marg.
1487 2076 1635 2116 Parm.
1676 2075 1860 2114 thalamis
1879 2074 1934 2112 al.
1955 2076 2111 2112 cunctas
2130 2083 2208 2123 pro

372 2128 497 2165 cultas
515 2128 615 2167 Vat.
638 2140 702 2177 pr.
727 2129 819 2167 Pal.
839 2129 1008 2168 Bonon.
1045 2130 1196 2169 cunctis
1217 2129 1319 2170 Put.
1338 2134 1465 2169 certas
1498 2130 1605 2168 Exc.
1627 2129 1784 2167 Petav.
1819 2131 1958 2178 quart.
1998 2126 2210 2165 extendere

371 2179 496 2219 Voss.
517 2192 582 2230 pr.
606 2182 689 2218 Ms.
707 2181 988 2221 Pulm.—322
1017 2186 1133 2219 castae
1146 2183 1246 2221 Vat.
1267 2195 1331 2233 pr.
1359 2184 1553 2222 duxerunt
1577 2181 1682 2221 Cod.
1701 2180 1940 2220 Bar-thulin.
1968 2179 2212 2226 circumdant

373 2232 402 2273 J
408 2244 475 2271 un.
496 2244 583 2270 sec.
626 2232 795 2280 undique
816 2244 894 2281 pro
914 2233 1070 2281 agmine
1101 2233 1205 2272 Jun.
1237 2238 1434 2282 pr.—323
1478 2239 1702 2282 tenerosque
1721 2233 1875 2270 Petav.
1897 2244 1962 2280 pr.
1984 2231 2052 2270 ed.
2072 2231 2213 2271 Vicet.

373 2290 577 2335 teneroque
595 2285 696 2323 Vat.
716 2284 854 2324 Livin.
888 2296 984 2323 cum
1017 2284 1315 2323 novemdecim
1350 2285 1461 2334 aliis,
1492 2286 1596 2324 Var.
1618 2285 1703 2324 LL.
1740 2296 1763 2323 e
1784 2295 1917 2334 marg.
1938 2283 2083 2323 Parm.
2104 2284 2211 2324 Exc.

373 2337 528 2377 Petav.
547 2341 686 2390 quart.
715 2337 874 2377 timores
893 2336 975 2376 duo
994 2337 1021 2379 J
1028 2349 1101 2378 un.
1120 2337 1300 2378 totidem
1322 2337 1466 2378 Oxou.
1487 2343 1532 2378 et
1546 2339 1672 2378 Voss.
1693 2336 1794 2377 Ald.
1810 2337 1913 2378 Var.
1933 2338 2015 2378 LL.
2035 2349 2060 2377 e
2080 2349 2215 2390 marg.

1212 2425 1389 2465 NOTAE

376 2503 471 2543 viro
504 2503 658 2542 Phoebi
678 2503 831 2543 chorus
861 2503 1142 2543 assurrexerit
1174 2516 1261 2543 om·
1328 2501 1444 2544 Aula
1459 2504 1592 2544 Attali
1605 2504 1855 2556 Regis,cum
1872 2504 2077 2557 populum
2091 2504 2213 2546 Rom.

379 2566 472 2606 nis!
527 2567 585 2606 Et
619 2567 810 2606 Statius:
857 2566 1091 2620 ‘Assurgit
1123 2568 1262 2609 Musae
1330 2568 1503 2619 scripsit
1543 2567 1773 2619 haeredem,
1808 2567 1994 2618 primum
2039 2567 2216 2608 inventa

378 2634 527 2668 nostra
547 2630 750 2668 Camoena
772 2629 886 2670 tuae.’
1332 2635 1444 2671 snut.

436 2695 514 2731 317
548 2693 767 2733 Occurrunt
787 2694 950 2734 lecta-de
966 2694 1093 2748 plebe]
1109 2694 1165 2734 Id
1182 2699 1266 2745 est,

381 2755 514 2795 electi
533 2767 587 2794 ex
623 2757 749 2808 plebe
780 2758 958 2798 veniunt
993 2757 1165 2798 obviam
1197 2770 1269 2799 ce-

382 2817 543 2857 leriter.
824 2854 833 2869 x

438 2883 519 2919 319
552 2881 767 2933 Emeritos]
795 2883 1014 2923 Eme-ritus
1033 2889 1101 2924 est
1131 2883 1271 2934 miles,

384 2941 457 2992 qui
490 2943 719 2994 completis
751 2945 977 2997 stipendiis
1006 2947 1172 2986 militiae
1204 2959 1273 2988 sa·—

385 3011 607 3044 eramento
626 3007 791 3047 solutus
811 3014 905 3049 est:
947 3008 1047 3049 inde
1064 3009 1273 3048 emeritus

380 3061 566 3115 dicitur,
585 3065 639 3105 de
664 3067 712 3106 iis
745 3070 817 3120 qui
838 3082 913 3109 suo
949 3071 1094 3110 labore
1115 3069 1272 3111 officio·

387 3139 472 3180 que
489 3126 705 3178 perfuncti
725 3137 826 3169 sunt
847 3144 859 3179 3
890 3139 937 3173 ut
970 3134 1135 3173 emeriti
1156 3134 1273 3186 equi,

390 3190 465 3244 qui
483 3191 630 3230 labore
648 3191 800 3232 diurno
818 3192 956 3234 functi
972 3202 1084 3236 sunt.

443 3257 524 3294 320
551 3254 730 3306 Aulam]
764 3256 1031 3298 ornamenta
1049 3258 1104 3299 ad
1123 3270 1274 3299 ornau-

390 3315 492 3357 dam
523 3318 685 3370 regiam
718 3320 978 3376 nuptialem,
1004 3327 1050 3361 et
1083 3323 1273 3374 parietes

391 3380 654 3424 vestiendos.
712 3380 866 3425 Auloea
900 3383 1034 3436 dicta,
1088 3384 1190 3438 quia
1227 3384 1276 3427 in

1388 2691 1546 2743 Ramis]
1581 2694 1646 2732 Ex
1667 2704 1787 2731 more
1807 2693 2110 2743 Romanorum,
2138 2692 2213 2745 qui

1336 2756 1487 2796 diebus
1523 2755 1649 2797 festis
1689 2755 1860 2807 januas,
1915 2756 2131 2807 arborum,
2170 2760 2217 2796 et

1337 2820 1576 2871 praesertim
1596 2819 1720 2871 lauri,
1737 2819 1865 2858 ramis
1886 2819 2110 2859 ornabant.

1389 2885 1469 2922 321
1502 2883 1747 2934 Thalamum]
1773 2882 1997 2921 Thalamus
2015 2886 2084 2922 est
2100 2880 2218 2921 cubi-

1337 2945 1477 2985 culum
1496 2945 1718 2996 utriusque
1749 2943 1962 2996 conjugis,
1977 2955 2051 2984 seu
2078 2943 2218 2983 lectus

1339 3008 1557 3060 nuptialis.

1394 3074 1474 3112 322
1503 3071 1659 3111 Matres
1690 3069 1860 3122 Elysiae]
1888 3069 1997 3107 Sunt
2029 3067 2218 3109 heroinae

1339 3134 1440 3184 illae,
1459 3134 1553 3186 quae
1583 3131 1816 3173 secundum
1854 3132 2089 3171 Homerum
2110 3144 2222 3174 cam-

1341 3208 1416 3248 pos
1437 3196 1604 3248 Elysios
1622 3195 1834 3234 habitant.

1408 3261 1487 3298 323
1534 3257 1725 3307 Timores]

1780 3258 2019 3310 Puellares,
2072 3259 2219 3312 quales
2247 3282 2254 3291 =

1341 3327 1440 3362 suut
1455 3321 1625 3362 timores
1638 3321 1868 3374 virginum,
1882 3334 1978 3375 quae
1992 3322 2220 3366 ducuntur.
2299 3327 2300 3335 ¹
