2300 3906
387 203 495 259 586
699 181 708 191 ’
995 210 1088 254 ct..
1127 207 1480 252 anomAm
1519 203 1634 248 xx.

386 335 650 398 Advolat,
677 351 744 388 ac
763 334 939 387 niveis
962 332 1219 385 reducem
1239 328 1627 396 complectitur
1650 327 1811 390 ulnis,

388 420 737 487 Insunditque
759 418 938 469 animo
963 414 1153 467 furiale
1177 426 1275 481 per
1292 412 1486 464 oscula
1509 411 1680 464 virus.
1747 474 1754 478 Δ

374 503 649 570 -Principe
675 518 837 569 quam
856 501 1004 566 largo
1029 498 1236 559 veniat,
1262 512 1402 563 quas
1424 495 1551 547 inde
1575 496 1810 561 reportet

386 586 653 648 Divitias,
681 592 800 638 astu
828 585 1033 636 rabiem
1056 586 1289 643 motura,
1316 580 1557 647 requirit.
2099 576 2206 629 190

385 669 513 731 Ille,
535 671 638 721 iter
659 672 947 737 ingratum,
976 685 1144 720 vanos
1166 665 1362 718 deflere
1380 666 1626 717 labores:

386 750 545 816 Quos
574 771 741 820 super
765 754 997 805 eunuchi
1015 752 1211 813 fastuS,
1240 766 1366 817 quae
1392 749 1594 816 probra
1620 747 1850 799 tulisset.

383 834 651 889 Continuo
677 842 825 888 secat
848 852 1023 903 ungue
1048 851 1231 901 genaS,
1258 843 1311 885 et
1330 839 1574 900 tempore
1596 830 1786 899 pandit

382 918 620 988 Arrepto
644 922 907 987 gemitus:
948 921 977 971 I
1002 936 1163 981 nunc,
1191 919 1426 970 devotus
1447 917 1646 968 aratris

382 1002 587 1054 Scinde
614 1005 815 1066 solum,
839 1005 1128 1069 positoque
1156 1006 1279 1053 tuos
1303 1015 1558 1052 mucrone
1579 999 1795 1051 sodales
2100 992 2208 1049 195

380 1083 473 1136 Ad
498 1092 699 1137 rastros
725 1086 918 1137 sudare
945 1086 1117 1137 doce:
1157 1087 1295 1136 bene
1320 1100 1450 1135 rura
1475 1082 1831 1150 Gruthungus

382 1168 639 1233 Excolet,
665 1174 718 1220 et
742 1176 889 1222 certo
915 1170 1166 1236 disponet
1192 1167 1365 1220 sidere
1389 1167 1550 1218 vites.

381 1247 601 1303 Felices
629 1253 779 1317 aliae,
807 1269 946 1321 quas
971 1252 1251 1304 debellata
1278 1251 1487 1303 maritis

379 1333 626 1402 Oppida,
655 1352 793 1403 quas
816 1336 1030 1403 magnis
1054 1335 1308 1403 quaesitae
1336 1335 1549 1387 viribus
1575 1338 1769 1387 ornant

379 1481 565 1530 occurrit,
591 1485 706 1532 atque
733 1484 981 1533 amplectitur
1009 1481 1179 1520 brachiis
1211 1480 1309 1520 albis
1342 1479 1603 1530 Targibilum
1633 1482 1899 1530 revertentem,
1929 1482 1968 1518 et
1995 1478 2202 1518 osculando

376 1533 543 1583 inspirat
576 1535 656 1585 ipsi
688 1547 871 1574 venenum
899 1535 1168 1586 perniciosum.
1225 1534 1307 1572 Illa
1339 1534 1561 1573 excitatura
1587 1535 1674 1572 dolo
1691 1532 1889 1580 furorem,
1918 1532 2023 1583 petit
2037 1544 2151 1583 quam
2180 1543 2206 1570 α

376 1586 529 1626 liberali
559 1587 793 1638 Imperatore
821 1589 966 1636 ven'iat,
997 1600 1092 1638 quas
1124 1587 1270 1635 referat
1297 1588 1387 1625 inde
1413 1599 1513 1637 opes.
1554 1586 1629 1624 Ille
1653 1586 1892 1636 Targibilus
1912 1586 2048 1635 coepit
2077 1585 2204 1623 dolere

375 1640 480 1678 viam
494 1639 766 1689 infoemmtam,
785 1654 896 1679 curas
911 1643 1058 1690 inanes,
1084 1646 1129 1679 et
1147 1652 1262 1690 quam
1291 1643 1483 1689 proeterea
1515 1651 1650 1689 passus
1668 1643 1764 1677 esset
1781 1637 2001 1689 superbiam
2030 1636 2208 1688 eunuchi,

375 1696 421 1731 et
439 1704 524 1742 quoe
540 1694 742 1743 opprobria
756 1692 776 1733 s?
803 1694 953 1733 Statim
973 1694 1153 1733 Bellona
1171 1695 1317 1732 lacerat
1343 1693 1491 1731 vultum
1523 1704 1644 1730 suum
1669 1690 1877 1741 unguibus,
1897 1694 1935 1730 et
1953 1694 2069 1730 nacta
2097 1703 2207 1730 occa-

376 1744 538 1795 sionem,
557 1750 686 1796 aperit
705 1759 781 1785 sua
796 1747 978 1797 suspiria.
1037 1746 1289 1796 Proficiscere
1322 1757 1434 1795 nunc,
1461 1746 1637 1783 addictus
1667 1744 1811 1783 vomeri
1840 1745 1948 1783 sulca
1978 1755 2146 1795 campos,
2163 1747 2204 1784 et

371 1798 508 1846 gladio
526 1798 687 1849 coiecto,
702 1802 815 1838 edoce
830 1799 951 1838 socios
968 1804 1057 1838 tuos
1083 1800 1264 1838 insudare
1282 1799 1334 1837 ad
1346 1801 1475 1837 rastra
1486 1811 1500 1838 .·
1530 1797 1791 1847 Gruthungus
1806 1798 1904 1836 colet
1920 1797 2063 1848 optime
2075 1809 2208 1849 agros,

374 1854 412 1888 et
430 1855 531 1890 seret
545 1851 657 1902 vites,
671 1852 904 1903 temporibus
920 1853 1052 1891 certis.
1110 1853 1150 1892 Ο
1170 1851 1390 1899 fortunatae
1407 1855 1547 1890 ceteroe
1560 1851 1780 1902 conjuges,
1794 1862 1890 1901 quas
1915 1850 2029 1889 urbes
2046 1850 2160 1889 victoe
2179 1862 2207 1889 a

373 1904 530 1942 maritis
544 1909 582 1943 et
599 1905 725 1955 spotia
742 1908 966 1956 comparatu
992 1905 1121 1944 labore
1152 1916 1292 1953 magno
1323 1905 1575 1954 locupletant.-
1607 1904 1746 1954 quibus
1774 1908 1931 1943 matres
1966 1903 2135 1954 Groecae,
2165 1907 2205 1943 et

1141 2020 1408 2038 OO‘OO‘O‘ON
1414 2022 1436 2037 O

375 2091 497 2129 nudos
515 2091 582 2129 vel
602 2090 734 2141 nigros
752 2103 830 2142 pro
848 2091 995 2130 virides
1024 2091 1139 2131 Med.
1158 2094 1381 2132 sea—18⁷
1410 2095 1450 2131 et
1467 2091 1593 2131 niveis
1621 2090 1704 2131 duo
1724 2092 1844 2132 Vatt.
1882 2091 1974 2131 Pal.
2005 2105 2051 2131 ac
2077 2090 2204 2132 niveis

377 2144 484 2194 Reg.
501 2143 642 2183 Oxon.
663 2156 727 2195 pr.
747 2144 868 2184 Leid.
889 2156 952 2196 pr.
974 2145 1162 2184 Florent.
1178 2145 1287 2184 Exc.
1309 2146 1493 2185 Lucens.
1524 2156 1607 2184 sec.
1635 2146 1856 2184 redeuntem
1875 2145 1984 2184 Exc.
2016 2145 2128 2185 Laeti
2147 2157 2213 2186 m.-

375 2208 443 2247 pr.
460 2197 570 2236 urnis
587 2197 822 2237 Pau—188
852 2197 1105 2248 Infunditque
1121 2198 1290 2238 Tholos.
1310 2198 1394 2238 duo
1413 2196 1564 2238 Ambr.
1585 2197 1815 2250 Insuditque
1829 2198 1930 2238 Vat.
1951 2211 2016 2249 pr.
2035 2204 2080 2238 et
2100 2203 2202 2239 tert.

377 2250 497 2290 Rott.
515 2250 646 2291 Oisel.
664 2251 825 2291 Thuan.
845 2251 1006 2291 Mazar.
1026 2251 1128 2292 Jun.
1149 2257 1195 2290 et
1213 2251 1356 2291 Oxou.
1391 2263 1456 2302 pr.
1474 2252 1577 2291 Vat.
1609 2251 1748 2291 Livin.
1778 2251 2058 2303 Diffunditque
2077 2252 2205 2292 male·

374 2302 451 2343 bat
471 2303 623 2343 Heius.
654 2304 797 2343 iterum
831 2316 909 2355 pro
941 2304 1067 2343 animo
1098 2304 1200 2345 Jun.
1229 2308 1432 2356 pr.—189
1457 2317 1574 2356 quam
1607 2307 1673 2344 vel
1692 2307 1792 2356 quod
1826 2306 1931 2355 Reg.
1967 2306 2109 2345 Oxou.
2139 2317 2203 2357 pr.

373 2356 501 2395 veniet
518 2356 619 2397 Jun.
640 2361 815 2408 reportat
835 2357 961 2397 Farn.
981 2357 1103 2397 Med.
1126 2361 1350 2397 sec—190
1378 2363 1467 2397 astu
1487 2359 1554 2397 vel
1582 2362 1672 2398 actu
1693 2359 1801 2410 Reg.
1832 2358 1939 2397 rabie
1966 2358 2086 2398 Leid.
2117 2370 2203 2400 sec.

372 2410 566 2448 moritura
586 2409 687 2450 Put.
705 2423 758 2450 m.
778 2413 996 2450 secu—191
1026 2419 1164 2450 vacuos
1182 2411 1284 2451 Vat.
1314 2422 1402 2451 sec.
1429 2412 1524 2451 Pal.
1556 2412 1674 2450 Med.
1706 2424 1771 2462 pr.
1805 2412 1936 2450 varios
1960 2412 2080 2452 Med.
2100 2416 2202 2453 tert.

370 2460 559 2513 defletque
579 2463 684 2503 Exc.
703 2463 887 2503 Lucens.
907 2467 1128 2503 sec.—-l92
1158 2476 1238 2516 pro
1258 2475 1345 2515 quae
1360 2465 1503 2516 probra
1536 2465 1622 2504 Ms.
1645 2465 1772 2504 Pulm
1793 2476 1838 2505 et
1871 2477 2007 2516 marg.
2044 2464 2200 2516 Isingr.

371 2527 483 2566 quem
501 2516 775 2556 Roma—193
801 2516 934 2567 prodit
952 2516 1259 2557 'rimam—194
1290 2518 1456 2557 Arrecto
1474 2518 1643 2557 Thuan.
1654 2517 1743 2566 jam
1763 2531 1865 2557 nunc
1883 2520 1984 2558 Vat.
2002 2530 2088 2557 sec.
2106 2519 2202 2559 Pal.

370 2567 498 2608 Farn.
519 2567 653 2607 Oisel.
675 2568 796 2610 Med.
815 2581 876 2620 pr.
889 2570 1048 2609 Thuan.
1060 2570 1223 2609 Mazar.
1237 2570 1253 2608 i
1269 2571 1337 2609 vel
1345 2571 1434 2619 J'am
1454 2571 1552 2610 Vat.
1574 2583 1638 2621 pr.
1660 2576 1706 2610 et
1721 2575 2000 2622 quarn—195
2030 2575 2099 2611 tuo
2117 2584 2200 2612 mu-

372 2631 486 2660 crone
502 2621 858 2673 Vat.qu·1nt.1²nt.
874 2623 979 2662 Exc.
995 2623 1119 2663 Laeti.
1138 2624 1293 2663 novales
1310 2624 1378 2663 vel
1395 2624 1542 2663 sodales
1558 2623 1675 2664 Med.
1695 2627 1916 2664 sec—196
1937 2625 2202 2675 Gruthungus

372 2679 462 2717 vet.
483 2673 587 2726 Gyr.
606 2675 769 2715 Bonon.
789 2675 872 2715 duo
893 2675 1040 2715 Leidd.
1060 2681 1106 2715 et
1137 2675 1287 2715 Ambr.
1306 2677 1411 2716 Exc.
1442 2677 1626 2716 Lucens.
1657 2688 1743 2716 sec.
1776 2677 2037 2727 Grutunghus
2055 2677 2199 2719 Oxou.

372 2736 456 2766 sec.
475 2726 731 2767 Grutkurmus
741 2729 838 2769 Vat.
859 2740 923 2779 pr.
939 2729 1055 2768 Rott.
1072 2730 1173 2768 Vat.
1188 2729 1326 2769 Livin.
1346 2729 1581 2769 Gruturmus
1598 2729 1625 2769 J
1631 2741 1701 2768 un.
1718 2742 1782 2780 pr.
1798 2731 1958 2769 Mazar.
1977 2730 2045 2770 ed.
2057 2730 2200 2771 Vicet.

374 2779 604 2820 Grotunnus
623 2781 772 2821 decem
793 2782 878 2821 alii.
913 2782 1144 2821 Gothunnus
1162 2783 1287 2822 Farn.
1320 2783 1544 2831 Gritungus
1563 2782 1683 2822 Med.
1709 2788 1810 2823 tert.
1832 2784 2064 2833 Gothungus
2082 2783 2200 2824 Prie.

374 2832 728 2886 Grotundus'Reg.
749 2834 890 2875 Oxon.
922 2847 984 2886 pr.
1009 2835 1259 2886 Grotlwngus
1278 2836 1378 2874 Vat.
1401 2843 1538 2887 quart.
1573 2841 1616 2874 et
1636 2836 1771 2887 quint.
1805 2837 1957 2876 Petav.
1988 2849 2054 2887 pr.
2090 2836 2199 2877 Gru-

371 2885 540 2935 thungus
559 2888 748 2928 Florem.
772 2888 891 2928 Med.
912 2900 999 2927 sec.
1019 2888 1170 2928 Petav.
1206 2893 1307 2928 tert.
1331 2888 1502 2928 Tholos.
1522 2888 1754 2939 Grutongus
1774 2890 1892 2928 Med.
1922 2896 2060 2941 quart.
2089 2891 2198 2931 Exc.

374 2937 555 2978 Gevart.
589 2940 818 2981 Grutaemdus
851 2942 1009 2982 Moret.
1039 2954 1126 2982 sec.
1161 2942 1418 2992 Bruthongus
1451 2943 1602 2982 Petav.
1635 2954 1720 2983 sec.
1755 2942 2004 2994 Guitkargus
2038 2943 2199 2984 Sched.

375 2990 492 3031 Gud.
515 2992 768 3044 Gruthongus
787 2995 855 3034 vel
876 2995 1098 3044 Glutongus
1131 2995 1236 3036 LoV.
1261 2996 1524 3046 Gruthungus
1543 2996 1611 3035 vel
1635 2996 1920 3047 Gruthungrus
1935 2998 2042 3038 Exc.
2069 2997 2196 3037 Laeti.

368 3046 503 3084 -197
532 3045 693 3085 Excolit
709 3047 874 3087 Tholos.
893 3048 1065 3099 disponit
1082 3049 1183 3087 Vat.
1219 3053 1320 3089 tert.
1354 3049 1531 3100 dispones
1560 3049 1681 3089 Med.
1711 3055 1812 3090 tert.
1844 3052 2007 3101 deponet
2021 3050 2194 3090 Tholos.

370 3096 498 3137 uidere
511 3097 700 3139 Florent.
718 3112 814 3140 cum
833 3101 972 3153 glossa
988 3102 1017 3141 i.
1035 3113 1068 3142 e.
1082 3105 1400 3153 tempora-198
1423 3103 1573 3143 Felices
1590 3103 1734 3143 animoe
1745 3104 1848 3143 Var.
1867 3103 1953 3143 LL.
1970 3103 2040 3145 ed.
2061 3102 2195 3144 Antv.

1197 3231 1372 3273 NOTAE

369 3338 417 3373 et
434 3333 566 3374 habet
581 3334 636 3375 ob
650 3334 808 3376 saniem
823 3336 1076 3378 cadaverum
1092 3339 1137 3379 in
1155 3338 1245 3380 bel·
1309 3353 1408 3392 gaes
1425 3345 1610 3383 mutarat
1626 3341 1671 3383 in
1685 3339 1818 3382 flavos
1835 3338 1992 3381 crines.

367 3397 407 3436 lo
427 3403 705 3443 mortuorum.
757 3399 842 3441 Sed
863 3405 953 3442 tum
981 3402 1158 3444 Bellona
1176 3416 1243 3443 an-
