<?xml version="1.0" encoding="UTF-8"?>
<!DOCTYPE html PUBLIC "-//W3C//DTD XHTML 1.0 Transitional//EN"
    "http://www.w3.org/TR/xhtml1/DTD/xhtml1-transitional.dtd">
<html xmlns="http://www.w3.org/1999/xhtml" xml:lang="en" lang="en">
 <head>
  <title>
</title>
<meta http-equiv="Content-Type" content="text/html;charset=utf-8" />
  <meta name='ocr-system' content='tesseract 3.04.00' />
  <meta name='ocr-capabilities' content='ocr_page ocr_carea ocr_par ocr_line ocrx_word'/>
</head>
<body>
  <div class='ocr_page' id='page_1' title='image "./operaomniaexedit02clauuoft/operaomniaexedit02clauuoft_0262.png"; bbox 0 0 2300 3906; ppageno 0'>
   <div class='ocr_carea' id='block_1_1' title="bbox 276 208 1545 263">
    <p class='ocr_par' dir='ltr' id='par_1_1' title="bbox 276 208 1545 263">
     <span class='ocr_line' id='line_1_1' title="bbox 276 208 1545 263; baseline -0.006 0"><span class='ocrx_word' id='word_1_1' title='bbox 276 208 385 263; x_wconf 84' lang='grc'>764</span> <span class='ocrx_word' id='word_1_2' title='bbox 827 221 922 260; x_wconf 72' lang='lat' dir='ltr'>cn.</span> <span class='ocrx_word' id='word_1_3' title='bbox 963 214 1318 257; x_wconf 72' lang='lat' dir='ltr'>cLAvaNl</span> <span class='ocrx_word' id='word_1_4' title='bbox 1360 214 1545 255; x_wconf 79' lang='lat' dir='ltr'>xxvi.</span> 
     </span>
    </p>
   </div>
   <div class='ocr_carea' id='block_1_2' title="bbox 275 334 2106 1076">
    <p class='ocr_par' dir='ltr' id='par_1_2' title="bbox 279 334 1522 411">
     <span class='ocr_line' id='line_1_2' title="bbox 279 334 1522 411; baseline -0.008 -15"><span class='ocrx_word' id='word_1_5' title='bbox 279 341 329 394; x_wconf 93' lang='grc' dir='ltr'><strong>Ο</strong></span> <span class='ocrx_word' id='word_1_6' title='bbox 356 358 573 411; x_wconf 81' lang='lat' dir='ltr'><strong>semper</strong></span> <span class='ocrx_word' id='word_1_7' title='bbox 597 341 766 394; x_wconf 88' lang='lat' dir='ltr'>tacita</span> <span class='ocrx_word' id='word_1_8' title='bbox 791 342 965 390; x_wconf 83' lang='lat' dir='ltr'>sortes</span> <span class='ocrx_word' id='word_1_9' title='bbox 991 335 1223 401; x_wconf 83' lang='lat' dir='ltr'>ambage</span> <span class='ocrx_word' id='word_1_10' title='bbox 1248 334 1522 401; x_wconf 77' lang='lat' dir='ltr'>malignae,</span> 
     </span>
    </p>

    <p class='ocr_par' dir='ltr' id='par_1_3' title="bbox 277 417 1538 494">
     <span class='ocr_line' id='line_1_3' title="bbox 277 417 1538 494; baseline -0.007 -14"><span class='ocrx_word' id='word_1_11' title='bbox 277 427 598 494; x_wconf 86' lang='lat' dir='ltr'>Eventuque</span> <span class='ocrx_word' id='word_1_12' title='bbox 623 429 839 492; x_wconf 82' lang='lat' dir='ltr'>patenS,</span> <span class='ocrx_word' id='word_1_13' title='bbox 867 429 920 472; x_wconf 89' lang='lat' dir='ltr'>et</span> <span class='ocrx_word' id='word_1_14' title='bbox 937 419 1131 471; x_wconf 88' lang='lat' dir='ltr'>nescia</span> <span class='ocrx_word' id='word_1_15' title='bbox 1157 417 1375 469; x_wconf 85' lang='lat' dir='ltr'>vatibus</span> <span class='ocrx_word' id='word_1_16' title='bbox 1398 419 1538 486; x_wconf 86' lang='lat' dir='ltr'>ipsis</span> 
     </span>
    </p>

    <p class='ocr_par' dir='ltr' id='par_1_4' title="bbox 275 503 1576 571">
     <span class='ocr_line' id='line_1_4' title="bbox 275 503 1576 571; baseline -0.008 -6"><span class='ocrx_word' id='word_1_17' title='bbox 275 510 410 564; x_wconf 88' lang='lat' dir='ltr'>Veri</span> <span class='ocrx_word' id='word_1_18' title='bbox 429 528 548 563; x_wconf 87' lang='lat' dir='ltr'>sera</span> <span class='ocrx_word' id='word_1_19' title='bbox 571 508 740 560; x_wconf 87' lang='lat' dir='ltr'>fides!</span> <span class='ocrx_word' id='word_1_20' title='bbox 780 506 1043 571; x_wconf 86' lang='lat' dir='ltr'>Ligurum</span> <span class='ocrx_word' id='word_1_21' title='bbox 1071 503 1286 568; x_wconf 81' lang='lat' dir='ltr'>regione</span> <span class='ocrx_word' id='word_1_22' title='bbox 1314 518 1576 569; x_wconf 87' lang='lat' dir='ltr'>suprema</span> 
     </span>
    </p>

    <p class='ocr_par' dir='ltr' id='par_1_5' title="bbox 277 585 2102 746">
     <span class='ocr_line' id='line_1_5' title="bbox 277 585 2102 652; baseline -0.005 -4"><span class='ocrx_word' id='word_1_23' title='bbox 277 594 536 647; x_wconf 85' lang='lat' dir='ltr'>Pervenit</span> <span class='ocrx_word' id='word_1_24' title='bbox 559 594 630 645; x_wconf 85' lang='lat' dir='ltr'>ad</span> <span class='ocrx_word' id='word_1_25' title='bbox 654 592 902 652; x_wconf 83' lang='lat' dir='ltr'>fluvium,</span> <span class='ocrx_word' id='word_1_26' title='bbox 929 589 1051 640; x_wconf 89' lang='lat' dir='ltr'>miri</span> <span class='ocrx_word' id='word_1_27' title='bbox 1077 586 1441 652; x_wconf 82' lang='lat' dir='ltr'><strong>cognominis,</strong></span> <span class='ocrx_word' id='word_1_28' title='bbox 1469 585 1696 638; x_wconf 86' lang='lat' dir='ltr'>Urbem.</span> <span class='ocrx_word' id='word_1_29' title='bbox 1993 587 2102 640; x_wconf 81' lang='lat'>555</span> 
     </span>
     <span class='ocr_line' id='line_1_6' title="bbox 278 672 1712 746; baseline -0.006 -14"><span class='ocrx_word' id='word_1_30' title='bbox 278 678 468 746; x_wconf 85' lang='lat' dir='ltr'>Atque</span> <span class='ocrx_word' id='word_1_31' title='bbox 493 679 611 730; x_wconf 92' lang='lat' dir='ltr'>illic</span> <span class='ocrx_word' id='word_1_32' title='bbox 638 678 872 728; x_wconf 89' lang='lat' dir='ltr'>domitus</span> <span class='ocrx_word' id='word_1_33' title='bbox 897 676 994 727; x_wconf 84' lang='lat' dir='ltr'>vix</span> <span class='ocrx_word' id='word_1_34' title='bbox 1020 672 1241 725; x_wconf 89' lang='lat' dir='ltr'>tandem</span> <span class='ocrx_word' id='word_1_35' title='bbox 1263 673 1554 739; x_wconf 85' lang='lat' dir='ltr'>interprete</span> <span class='ocrx_word' id='word_1_36' title='bbox 1579 687 1712 724; x_wconf 89' lang='lat' dir='ltr'>casu</span> 
     </span>
    </p>

    <p class='ocr_par' dir='ltr' id='par_1_6' title="bbox 277 755 1388 829">
     <span class='ocr_line' id='line_1_7' title="bbox 277 755 1388 829; baseline -0.005 -15"><span class='ocrx_word' id='word_1_37' title='bbox 277 761 524 829; x_wconf 89' lang='lat' dir='ltr'>Agnovit</span> <span class='ocrx_word' id='word_1_38' title='bbox 549 762 730 813; x_wconf 88' lang='lat' dir='ltr'>dubiis</span> <span class='ocrx_word' id='word_1_39' title='bbox 756 761 918 811; x_wconf 87' lang='lat' dir='ltr'>illusa</span> <span class='ocrx_word' id='word_1_40' title='bbox 943 756 1217 810; x_wconf 88' lang='lat' dir='ltr'>vocabula</span> <span class='ocrx_word' id='word_1_41' title='bbox 1240 755 1388 808; x_wconf 78' lang='lat' dir='ltr'>fatis,</span> 
     </span>
    </p>

    <p class='ocr_par' dir='ltr' id='par_1_7' title="bbox 279 843 1681 911">
     <span class='ocr_line' id='line_1_8' title="bbox 279 843 1681 911; baseline -0.004 -11"><span class='ocrx_word' id='word_1_42' title='bbox 279 848 407 900; x_wconf 90' lang='lat' dir='ltr'>Nec</span> <span class='ocrx_word' id='word_1_43' title='bbox 433 864 541 898; x_wconf 91' lang='lat' dir='ltr'>non</span> <span class='ocrx_word' id='word_1_44' title='bbox 565 851 620 898; x_wconf 88' lang='lat' dir='ltr'>et</span> <span class='ocrx_word' id='word_1_45' title='bbox 642 845 906 897; x_wconf 90' lang='lat' dir='ltr'>Stilichon</span> <span class='ocrx_word' id='word_1_46' title='bbox 933 858 1175 911; x_wconf 85' lang='lat' dir='ltr'>pugnam</span> <span class='ocrx_word' id='word_1_47' title='bbox 1198 843 1486 909; x_wconf 85' lang='lat' dir='ltr'>poscentia</span> <span class='ocrx_word' id='word_1_48' title='bbox 1509 843 1681 894; x_wconf 85' lang='lat' dir='ltr'>movit</span> 
     </span>
    </p>

    <p class='ocr_par' dir='ltr' id='par_1_8' title="bbox 278 925 1670 993">
     <span class='ocr_line' id='line_1_9' title="bbox 278 925 1670 993; baseline -0.005 -10"><span class='ocrx_word' id='word_1_49' title='bbox 278 930 454 982; x_wconf 90' lang='lat' dir='ltr'>Pleno</span> <span class='ocrx_word' id='word_1_50' title='bbox 482 934 665 981; x_wconf 85' lang='lat' dir='ltr'>castra</span> <span class='ocrx_word' id='word_1_51' title='bbox 691 928 881 993; x_wconf 85' lang='lat' dir='ltr'>gradu,</span> <span class='ocrx_word' id='word_1_52' title='bbox 910 927 1185 993; x_wconf 83' lang='lat' dir='ltr'>dictisque</span> <span class='ocrx_word' id='word_1_53' title='bbox 1204 925 1430 991; x_wconf 85' lang='lat' dir='ltr'>instigat</span> <span class='ocrx_word' id='word_1_54' title='bbox 1455 932 1670 979; x_wconf 86' lang='lat' dir='ltr'>euntes.</span> 
     </span>
    </p>

    <p class='ocr_par' dir='ltr' id='par_1_9' title="bbox 279 1009 2106 1076">
     <span class='ocr_line' id='line_1_10' title="bbox 279 1009 2106 1076; baseline -0.002 -9"><span class='ocrx_word' id='word_1_55' title='bbox 279 1014 466 1076; x_wconf 83' lang='lat' dir='ltr'>Nunc,</span> <span class='ocrx_word' id='word_1_56' title='bbox 492 1030 538 1064; x_wconf 92' lang='lat' dir='ltr'>o.</span> <span class='ocrx_word' id='word_1_57' title='bbox 552 1029 718 1075; x_wconf 91' lang='lat' dir='ltr'>nunc,</span> <span class='ocrx_word' id='word_1_58' title='bbox 748 1011 919 1062; x_wconf 87' lang='lat' dir='ltr'>socii!</span> <span class='ocrx_word' id='word_1_59' title='bbox 955 1014 1233 1062; x_wconf 78' lang='lat' dir='ltr'>temeratae</span> <span class='ocrx_word' id='word_1_60' title='bbox 1262 1009 1458 1062; x_wconf 87' lang='lat' dir='ltr'>sumite</span> <span class='ocrx_word' id='word_1_61' title='bbox 1479 1012 1696 1064; x_wconf 86' lang='lat' dir='ltr'>tandem</span> <span class='ocrx_word' id='word_1_62' title='bbox 2000 1010 2106 1064; x_wconf 88' lang='grc'>560</span> 
     </span>
    </p>
   </div>
   <div class='ocr_carea' id='block_1_3' title="bbox 268 1161 2110 1483">
    <p class='ocr_par' dir='ltr' id='par_1_10' title="bbox 268 1161 2110 1483">
     <span class='ocr_line' id='line_1_11' title="bbox 275 1161 2110 1225; baseline -0.002 -22"><span class='ocrx_word' id='word_1_63' title='bbox 275 1164 543 1213; x_wconf 79' lang='lat' dir='ltr'>arrogantiam</span> <span class='ocrx_word' id='word_1_64' title='bbox 562 1163 688 1214; x_wconf 87' lang='lat' dir='ltr'>hujus</span> <span class='ocrx_word' id='word_1_65' title='bbox 707 1165 872 1203; x_wconf 83' lang='lat' dir='ltr'>inanem.</span> <span class='ocrx_word' id='word_1_66' title='bbox 932 1165 968 1202; x_wconf 93' lang='grc' dir='ltr'><strong>Ο</strong></span> <span class='ocrx_word' id='word_1_67' title='bbox 982 1176 1163 1214; x_wconf 84' lang='lat' dir='ltr'>responsa</span> <span class='ocrx_word' id='word_1_68' title='bbox 1181 1165 1374 1203; x_wconf 81' lang='lat' dir='ltr'>Deorum</span> <span class='ocrx_word' id='word_1_69' title='bbox 1396 1164 1587 1225; x_wconf 85' lang='lat' dir='ltr'>implicita</span> <span class='ocrx_word' id='word_1_70' title='bbox 1605 1163 1914 1203; x_wconf 78' lang='lat' dir='ltr'>dubitationibus</span> <span class='ocrx_word' id='word_1_71' title='bbox 1928 1161 2110 1207; x_wconf 53' lang='lat' dir='ltr'>set-reti„</span> 
     </span>
     <span class='ocr_line' id='line_1_12' title="bbox 277 1210 2110 1269; baseline -0.002 -13"><span class='ocrx_word' id='word_1_72' title='bbox 277 1222 315 1257; x_wconf 87' lang='lat' dir='ltr'>et</span> <span class='ocrx_word' id='word_1_73' title='bbox 335 1230 359 1257; x_wconf 94' lang='grc' dir='ltr'>ο</span> <span class='ocrx_word' id='word_1_74' title='bbox 366 1217 473 1269; x_wconf 83' lang='lat' dir='ltr'>fides</span> <span class='ocrx_word' id='word_1_75' title='bbox 490 1218 671 1256; x_wconf 84' lang='lat' dir='ltr'>veritatis</span> <span class='ocrx_word' id='word_1_76' title='bbox 688 1219 800 1256; x_wconf 84' lang='lat' dir='ltr'>tarde</span> <span class='ocrx_word' id='word_1_77' title='bbox 823 1219 1080 1266; x_wconf 80' lang='lat' dir='ltr'>cognoscenda</span> <span class='ocrx_word' id='word_1_78' title='bbox 1100 1218 1188 1256; x_wconf 88' lang='lat' dir='ltr'>solo</span> <span class='ocrx_word' id='word_1_79' title='bbox 1217 1210 1345 1265; x_wconf 78' lang='lat' dir='ltr'>exitu,</span> <span class='ocrx_word' id='word_1_80' title='bbox 1364 1221 1402 1256; x_wconf 91' lang='lat' dir='ltr'>et</span> <span class='ocrx_word' id='word_1_81' title='bbox 1420 1218 1621 1264; x_wconf 72' lang='lat' dir='ltr'>incognita</span> <span class='ocrx_word' id='word_1_82' title='bbox 1635 1218 1733 1268; x_wconf 83' lang='lat' dir='ltr'>ipsis</span> <span class='ocrx_word' id='word_1_83' title='bbox 1758 1213 2110 1256; x_wconf 75' lang='lat' dir='ltr'>vaticinatoribus!</span> 
     </span>
     <span class='ocr_line' id='line_1_13' title="bbox 276 1247 2109 1332; baseline -0.002 -22"><span class='ocrx_word' id='word_1_84' title='bbox 276 1271 329 1310; x_wconf 92' lang='lat' dir='ltr'>In</span> <span class='ocrx_word' id='word_1_85' title='bbox 349 1275 480 1310; x_wconf 86' lang='lat' dir='ltr'>tractu</span> <span class='ocrx_word' id='word_1_86' title='bbox 492 1271 627 1310; x_wconf 86' lang='lat' dir='ltr'>ultimo</span> <span class='ocrx_word' id='word_1_87' title='bbox 647 1271 837 1332; x_wconf 80' lang='lat' dir='ltr'>Ligurum</span> <span class='ocrx_word' id='word_1_88' title='bbox 854 1271 1073 1321; x_wconf 81' lang='lat' dir='ltr'>penetravit</span> <span class='ocrx_word' id='word_1_89' title='bbox 1087 1271 1296 1321; x_wconf 86' lang='lat' dir='ltr'>adflumen</span> <span class='ocrx_word' id='word_1_90' title='bbox 1314 1247 1478 1310; x_wconf 82' lang='lat' dir='ltr'>d&#39;ictnm</span> <span class='ocrx_word' id='word_1_91' title='bbox 1504 1272 1647 1310; x_wconf 87' lang='lat' dir='ltr'>Urbem</span> <span class='ocrx_word' id='word_1_92' title='bbox 1666 1274 1917 1320; x_wconf 86' lang='lat' dir='ltr'>cognomento</span> <span class='ocrx_word' id='word_1_93' title='bbox 1934 1268 2109 1309; x_wconf 85' lang='lat' dir='ltr'>admira</span> 
     </span>
     <span class='ocr_line' id='line_1_14' title="bbox 277 1322 2110 1374; baseline -0.001 -12"><span class='ocrx_word' id='word_1_94' title='bbox 277 1324 371 1363; x_wconf 86' lang='lat' dir='ltr'>bili·</span> <span class='ocrx_word' id='word_1_95' title='bbox 358 1354 367 1364; x_wconf 92' lang='lat'>.</span> <span class='ocrx_word' id='word_1_96' title='bbox 401 1329 438 1363; x_wconf 90' lang='lat' dir='ltr'>et</span> <span class='ocrx_word' id='word_1_97' title='bbox 455 1325 535 1363; x_wconf 86' lang='lat' dir='ltr'>ill-ic</span> <span class='ocrx_word' id='word_1_98' title='bbox 552 1324 691 1373; x_wconf 85' lang='lat' dir='ltr'>victus,</span> <span class='ocrx_word' id='word_1_99' title='bbox 709 1324 779 1362; x_wconf 81' lang='lat' dir='ltr'>vix</span> <span class='ocrx_word' id='word_1_100' title='bbox 795 1326 962 1370; x_wconf 71' lang='lat' dir='ltr'>dentum,</span> <span class='ocrx_word' id='word_1_101' title='bbox 975 1337 1018 1362; x_wconf 83' lang='lat' dir='ltr'>er</span> <span class='ocrx_word' id='word_1_102' title='bbox 1021 1328 1112 1362; x_wconf 79' lang='lat' dir='ltr'>enta</span> <span class='ocrx_word' id='word_1_103' title='bbox 1128 1324 1359 1374; x_wconf 81' lang='lat' dir='ltr'>explicante,</span> <span class='ocrx_word' id='word_1_104' title='bbox 1373 1325 1493 1362; x_wconf 88' lang='lat' dir='ltr'>sensit</span> <span class='ocrx_word' id='word_1_105' title='bbox 1508 1325 1622 1363; x_wconf 84' lang='lat' dir='ltr'>verba</span> <span class='ocrx_word' id='word_1_106' title='bbox 1638 1325 1719 1363; x_wconf 87' lang='lat' dir='ltr'>sibi</span> <span class='ocrx_word' id='word_1_107' title='bbox 1736 1325 1866 1372; x_wconf 89' lang='lat' dir='ltr'>dicta,</span> <span class='ocrx_word' id='word_1_108' title='bbox 1883 1335 1975 1362; x_wconf 86' lang='lat' dir='ltr'>esse</span> <span class='ocrx_word' id='word_1_109' title='bbox 1994 1322 2110 1361; x_wconf 82' lang='lat' dir='ltr'>illusa</span> 
     </span>
     <span class='ocr_line' id='line_1_15' title="bbox 268 1377 2109 1428; baseline -0.002 -12"><span class='ocrx_word' id='word_1_110' title='bbox 268 1377 375 1425; x_wconf 87' lang='lat' dir='ltr'>satis</span> <span class='ocrx_word' id='word_1_111' title='bbox 385 1377 592 1426; x_wconf 77' lang='lat' dir='ltr'>ambiguis.</span> <span class='ocrx_word' id='word_1_112' title='bbox 624 1379 678 1416; x_wconf 76' lang='lat' dir='ltr'>Et</span> <span class='ocrx_word' id='word_1_113' title='bbox 700 1377 863 1416; x_wconf 81' lang='lat' dir='ltr'>Stilicho</span> <span class='ocrx_word' id='word_1_114' title='bbox 881 1378 999 1416; x_wconf 85' lang='lat' dir='ltr'>etiam</span> <span class='ocrx_word' id='word_1_115' title='bbox 1023 1378 1214 1428; x_wconf 85' lang='lat' dir='ltr'>promovit</span> <span class='ocrx_word' id='word_1_116' title='bbox 1231 1377 1369 1416; x_wconf 82' lang='lat' dir='ltr'>audaci</span> <span class='ocrx_word' id='word_1_117' title='bbox 1380 1378 1509 1426; x_wconf 72' lang='lat' dir='ltr'>gradu</span> <span class='ocrx_word' id='word_1_118' title='bbox 1527 1378 1656 1428; x_wconf 87' lang='lat' dir='ltr'>copias</span> <span class='ocrx_word' id='word_1_119' title='bbox 1665 1381 1840 1428; x_wconf 87' lang='lat' dir='ltr'>petentes</span> <span class='ocrx_word' id='word_1_120' title='bbox 1854 1377 2049 1427; x_wconf 81' lang='lat' dir='ltr'>proelium,</span> <span class='ocrx_word' id='word_1_121' title='bbox 2070 1379 2109 1414; x_wconf 87' lang='lat' dir='ltr'>et</span> 
     </span>
     <span class='ocr_line' id='line_1_16' title="bbox 274 1428 2108 1483; baseline -0.001 -13"><span class='ocrx_word' id='word_1_122' title='bbox 274 1431 403 1470; x_wconf 80' lang='lat' dir='ltr'>verbis</span> <span class='ocrx_word' id='word_1_123' title='bbox 410 1432 560 1471; x_wconf 75' lang='lat' dir='ltr'>excitat</span> <span class='ocrx_word' id='word_1_124' title='bbox 565 1432 825 1483; x_wconf 58' lang='lat' dir='ltr'>procedente&amp;</span> <span class='ocrx_word' id='word_1_125' title='bbox 841 1431 885 1469; x_wconf 93' lang='lat' dir='ltr'><em>N</em></span> <span class='ocrx_word' id='word_1_126' title='bbox 885 1444 972 1482; x_wconf 86' lang='lat' dir='ltr'>unc,</span> <span class='ocrx_word' id='word_1_127' title='bbox 983 1444 1126 1481; x_wconf 75' lang='lat' dir='ltr'>cnunc,</span> <span class='ocrx_word' id='word_1_128' title='bbox 1136 1430 1442 1471; x_wconf 83' lang='lat' dir='ltr'>commilitones!</span> <span class='ocrx_word' id='word_1_129' title='bbox 1457 1431 1642 1482; x_wconf 80' lang='lat' dir='ltr'>reposcite</span> <span class='ocrx_word' id='word_1_130' title='bbox 1651 1433 1803 1471; x_wconf 85' lang='lat' dir='ltr'>tandem</span> <span class='ocrx_word' id='word_1_131' title='bbox 1811 1430 2041 1482; x_wconf 81' lang='lat' dir='ltr'>supplicium</span> <span class='ocrx_word' id='word_1_132' title='bbox 2054 1428 2108 1469; x_wconf 92' lang='lat' dir='ltr'>ob</span> 
     </span>
    </p>
   </div>
   <div class='ocr_carea' id='block_1_4' title="bbox 1048 1536 1341 1550">
    <p class='ocr_par' dir='ltr' id='par_1_11' title="bbox 1048 1536 1341 1550">
     <span class='ocr_line' id='line_1_17' title="bbox 1048 1536 1341 1550; baseline 0 0"><span class='ocrx_word' id='word_1_133' title='bbox 1048 1536 1341 1550; x_wconf 55' lang='lat' dir='ltr'>eeeeeeeeeeee</span> 
     </span>
    </p>
   </div>
   <div class='ocr_carea' id='block_1_5' title="bbox 277 1600 2116 2242">
    <p class='ocr_par' dir='ltr' id='par_1_12' title="bbox 277 1600 2116 2242">
     <span class='ocr_line' id='line_1_18' title="bbox 277 1600 2113 1653; baseline -0.001 -12"><span class='ocrx_word' id='word_1_134' title='bbox 277 1604 433 1642; x_wconf 81' lang='lat' dir='ltr'>oracula</span> <span class='ocrx_word' id='word_1_135' title='bbox 442 1602 573 1651; x_wconf 82' lang='lat' dir='ltr'>fastos</span> <span class='ocrx_word' id='word_1_136' title='bbox 591 1605 693 1643; x_wconf 89' lang='lat' dir='ltr'>Vat.</span> <span class='ocrx_word' id='word_1_137' title='bbox 727 1609 828 1643; x_wconf 85' lang='lat' dir='ltr'>tert.</span> <span class='ocrx_word' id='word_1_138' title='bbox 856 1605 1008 1643; x_wconf 85' lang='lat' dir='ltr'>Petav.</span> <span class='ocrx_word' id='word_1_139' title='bbox 1043 1608 1279 1644; x_wconf 60' lang='lat' dir='ltr'>tert—553</span> <span class='ocrx_word' id='word_1_140' title='bbox 1314 1605 1577 1653; x_wconf 80' lang='lat' dir='ltr'>Eventumque</span> <span class='ocrx_word' id='word_1_141' title='bbox 1606 1605 1750 1653; x_wconf 85' lang='lat' dir='ltr'>putans</span> <span class='ocrx_word' id='word_1_142' title='bbox 1768 1600 1868 1642; x_wconf 85' lang='lat' dir='ltr'>Jun.</span> <span class='ocrx_word' id='word_1_143' title='bbox 1899 1614 1963 1652; x_wconf 85' lang='lat' dir='ltr'>pr.</span> <span class='ocrx_word' id='word_1_144' title='bbox 1992 1601 2113 1641; x_wconf 84' lang='lat' dir='ltr'>noxia</span> 
     </span>
     <span class='ocr_line' id='line_1_19' title="bbox 280 1655 2111 1704; baseline 0 -10"><span class='ocrx_word' id='word_1_145' title='bbox 280 1668 425 1694; x_wconf 88' lang='lat' dir='ltr'>omnes</span> <span class='ocrx_word' id='word_1_146' title='bbox 443 1656 562 1696; x_wconf 89' lang='lat' dir='ltr'>Vatt.</span> <span class='ocrx_word' id='word_1_147' title='bbox 584 1657 677 1695; x_wconf 87' lang='lat' dir='ltr'>Pal.</span> <span class='ocrx_word' id='word_1_148' title='bbox 698 1657 822 1695; x_wconf 88' lang='lat' dir='ltr'>Farn.</span> <span class='ocrx_word' id='word_1_149' title='bbox 842 1657 959 1697; x_wconf 91' lang='lat' dir='ltr'>Pric.</span> <span class='ocrx_word' id='word_1_150' title='bbox 982 1659 1102 1696; x_wconf 76' lang='lat' dir='ltr'>Rott.</span> <span class='ocrx_word' id='word_1_151' title='bbox 1126 1657 1260 1696; x_wconf 87' lang='lat' dir='ltr'>Oisel.</span> <span class='ocrx_word' id='word_1_152' title='bbox 1292 1658 1399 1695; x_wconf 88' lang='lat' dir='ltr'>Exc.</span> <span class='ocrx_word' id='word_1_153' title='bbox 1429 1657 1695 1695; x_wconf 57' lang='lat' dir='ltr'>Luem—554</span> <span class='ocrx_word' id='word_1_154' title='bbox 1722 1668 1833 1695; x_wconf 87' lang='lat' dir='ltr'>sacra</span> <span class='ocrx_word' id='word_1_155' title='bbox 1854 1656 1959 1694; x_wconf 84' lang='lat' dir='ltr'>Exc.</span> <span class='ocrx_word' id='word_1_156' title='bbox 1980 1655 2111 1704; x_wconf 86' lang='lat' dir='ltr'>Laeti,</span> 
     </span>
     <span class='ocr_line' id='line_1_20' title="bbox 280 1708 2111 1761; baseline 0.001 -14"><span class='ocrx_word' id='word_1_157' title='bbox 280 1708 348 1747; x_wconf 87' lang='lat' dir='ltr'>ed.</span> <span class='ocrx_word' id='word_1_158' title='bbox 362 1709 501 1748; x_wconf 87' lang='lat' dir='ltr'>Vicet.</span> <span class='ocrx_word' id='word_1_159' title='bbox 521 1721 607 1748; x_wconf 86' lang='lat' dir='ltr'>sera</span> <span class='ocrx_word' id='word_1_160' title='bbox 626 1710 708 1748; x_wconf 89' lang='lat' dir='ltr'>duo</span> <span class='ocrx_word' id='word_1_161' title='bbox 727 1709 880 1748; x_wconf 89' lang='lat' dir='ltr'>Leidd.</span> <span class='ocrx_word' id='word_1_162' title='bbox 901 1716 945 1748; x_wconf 87' lang='lat' dir='ltr'>et</span> <span class='ocrx_word' id='word_1_163' title='bbox 966 1710 1120 1761; x_wconf 87' lang='lat' dir='ltr'>viginti</span> <span class='ocrx_word' id='word_1_164' title='bbox 1142 1717 1228 1749; x_wconf 89' lang='lat' dir='ltr'>tres</span> <span class='ocrx_word' id='word_1_165' title='bbox 1244 1711 1455 1758; x_wconf 65' lang='lat' dir='ltr'>alii7Exc.</span> <span class='ocrx_word' id='word_1_166' title='bbox 1476 1710 1656 1749; x_wconf 86' lang='lat' dir='ltr'>Gevart.</span> <span class='ocrx_word' id='word_1_167' title='bbox 1679 1710 1859 1748; x_wconf 86' lang='lat' dir='ltr'>Lucens.</span> <span class='ocrx_word' id='word_1_168' title='bbox 1877 1721 1938 1760; x_wconf 90' lang='lat' dir='ltr'>pr.</span> <span class='ocrx_word' id='word_1_169' title='bbox 1958 1708 2111 1749; x_wconf 83' lang='lat' dir='ltr'>Sched.</span> 
     </span>
     <span class='ocr_line' id='line_1_21' title="bbox 280 1761 2114 1814; baseline 0.001 -13"><span class='ocrx_word' id='word_1_170' title='bbox 280 1761 392 1801; x_wconf 83' lang='lat' dir='ltr'>Gud.</span> <span class='ocrx_word' id='word_1_171' title='bbox 415 1762 519 1800; x_wconf 86' lang='lat' dir='ltr'>Var.</span> <span class='ocrx_word' id='word_1_172' title='bbox 543 1763 627 1801; x_wconf 90' lang='lat' dir='ltr'>LL.</span> <span class='ocrx_word' id='word_1_173' title='bbox 649 1774 672 1801; x_wconf 90' lang='lat' dir='ltr'>e</span> <span class='ocrx_word' id='word_1_174' title='bbox 695 1775 828 1813; x_wconf 81' lang='lat' dir='ltr'>marg.</span> <span class='ocrx_word' id='word_1_175' title='bbox 861 1763 1004 1802; x_wconf 86' lang='lat' dir='ltr'>Parm.</span> <span class='ocrx_word' id='word_1_176' title='bbox 1041 1770 1086 1802; x_wconf 90' lang='lat' dir='ltr'>et</span> <span class='ocrx_word' id='word_1_177' title='bbox 1119 1764 1186 1803; x_wconf 82' lang='lat' dir='ltr'>ed.</span> <span class='ocrx_word' id='word_1_178' title='bbox 1222 1763 1352 1803; x_wconf 89' lang='lat' dir='ltr'>Antv.</span> <span class='ocrx_word' id='word_1_179' title='bbox 1386 1763 1518 1802; x_wconf 86' lang='lat' dir='ltr'>nescia</span> <span class='ocrx_word' id='word_1_180' title='bbox 1548 1769 1593 1802; x_wconf 88' lang='lat' dir='ltr'>et</span> <span class='ocrx_word' id='word_1_181' title='bbox 1623 1775 1711 1802; x_wconf 85' lang='lat' dir='ltr'>sera</span> <span class='ocrx_word' id='word_1_182' title='bbox 1737 1774 1904 1814; x_wconf 84' lang='lat' dir='ltr'>quoque</span> <span class='ocrx_word' id='word_1_183' title='bbox 1935 1762 2114 1814; x_wconf 86' lang='lat' dir='ltr'>legebat</span> 
     </span>
     <span class='ocr_line' id='line_1_22' title="bbox 280 1815 2113 1868; baseline 0.001 -13"><span class='ocrx_word' id='word_1_184' title='bbox 280 1815 549 1855; x_wconf 78' lang='lat' dir='ltr'>Gronovius</span> <span class='ocrx_word' id='word_1_185' title='bbox 540 1828 581 1854; x_wconf 87' lang='lat' dir='ltr'>m</span> <span class='ocrx_word' id='word_1_186' title='bbox 607 1816 711 1855; x_wconf 84' lang='lat' dir='ltr'>Exc.</span> <span class='ocrx_word' id='word_1_187' title='bbox 744 1817 926 1856; x_wconf 86' lang='lat' dir='ltr'>Schotti.</span> <span class='ocrx_word' id='word_1_188' title='bbox 960 1817 1164 1857; x_wconf 88' lang='lat' dir='ltr'>Heinsius</span> <span class='ocrx_word' id='word_1_189' title='bbox 1197 1817 1457 1868; x_wconf 84' lang='lat' dir='ltr'>ascripserat</span> <span class='ocrx_word' id='word_1_190' title='bbox 1483 1818 1626 1856; x_wconf 88' lang='lat' dir='ltr'>locum</span> <span class='ocrx_word' id='word_1_191' title='bbox 1645 1817 1740 1856; x_wconf 89' lang='lat' dir='ltr'>Val.</span> <span class='ocrx_word' id='word_1_192' title='bbox 1775 1817 1914 1856; x_wconf 87' lang='lat' dir='ltr'>Flacc.</span> <span class='ocrx_word' id='word_1_193' title='bbox 1937 1829 1997 1855; x_wconf 82' lang='lat' dir='ltr'>VS.</span> <span class='ocrx_word' id='word_1_194' title='bbox 2019 1819 2113 1856; x_wconf 82' lang='lat'>261.</span> 
     </span>
     <span class='ocr_line' id='line_1_23' title="bbox 279 1869 2114 1921; baseline 0.001 -14"><span class='ocrx_word' id='word_1_195' title='bbox 279 1869 292 1891; x_wconf 93' lang='lat'>‘</span> <span class='ocrx_word' id='word_1_196' title='bbox 315 1874 360 1907; x_wconf 90' lang='lat' dir='ltr'>et</span> <span class='ocrx_word' id='word_1_197' title='bbox 379 1869 482 1908; x_wconf 84' lang='lat' dir='ltr'>data</span> <span class='ocrx_word' id='word_1_198' title='bbox 503 1869 587 1907; x_wconf 85' lang='lat' dir='ltr'>seri</span> <span class='ocrx_word' id='word_1_199' title='bbox 607 1869 737 1918; x_wconf 82' lang='lat' dir='ltr'>Signa</span> <span class='ocrx_word' id='word_1_200' title='bbox 768 1870 895 1912; x_wconf 88' lang='lat' dir='ltr'>mali&#39;</span> <span class='ocrx_word' id='word_1_201' title='bbox 915 1870 989 1910; x_wconf 91' lang='lat' dir='ltr'>ubi</span> <span class='ocrx_word' id='word_1_202' title='bbox 1011 1871 1161 1910; x_wconf 88' lang='lat' dir='ltr'>Carrio</span> <span class='ocrx_word' id='word_1_203' title='bbox 1182 1871 1294 1910; x_wconf 89' lang='lat' dir='ltr'>male</span> <span class='ocrx_word' id='word_1_204' title='bbox 1314 1871 1408 1910; x_wconf 84' lang='lat' dir='ltr'>soevi</span> <span class='ocrx_word' id='word_1_205' title='bbox 1437 1882 1490 1909; x_wconf 86' lang='lat' dir='ltr'>ex</span> <span class='ocrx_word' id='word_1_206' title='bbox 1512 1870 1621 1910; x_wconf 90' lang='lat' dir='ltr'>Cod.</span> <span class='ocrx_word' id='word_1_207' title='bbox 1650 1883 1726 1910; x_wconf 89' lang='lat' dir='ltr'>suo</span> <span class='ocrx_word' id='word_1_208' title='bbox 1747 1870 1954 1921; x_wconf 83' lang='lat' dir='ltr'>reposuit.</span> <span class='ocrx_word' id='word_1_209' title='bbox 1973 1869 2114 1920; x_wconf 84' lang='lat' dir='ltr'>supina</span> 
     </span>
     <span class='ocr_line' id='line_1_24' title="bbox 279 1913 2114 1974; baseline 0.002 -14"><span class='ocrx_word' id='word_1_210' title='bbox 279 1921 398 1962; x_wconf 90' lang='lat' dir='ltr'>Med.</span> <span class='ocrx_word' id='word_1_211' title='bbox 430 1927 571 1974; x_wconf 83' lang='lat' dir='ltr'>quart.</span> <span class='ocrx_word' id='word_1_212' title='bbox 575 1927 707 1962; x_wconf 86' lang='lat'>——555</span> <span class='ocrx_word' id='word_1_213' title='bbox 739 1925 860 1962; x_wconf 83' lang='lat' dir='ltr'>nostri</span> <span class='ocrx_word' id='word_1_214' title='bbox 893 1936 970 1973; x_wconf 87' lang='lat' dir='ltr'>pro</span> <span class='ocrx_word' id='word_1_215' title='bbox 1001 1925 1095 1963; x_wconf 86' lang='lat' dir='ltr'>miri</span> <span class='ocrx_word' id='word_1_216' title='bbox 1129 1925 1272 1965; x_wconf 87' lang='lat' dir='ltr'>Oxon.</span> <span class='ocrx_word' id='word_1_217' title='bbox 1307 1936 1392 1964; x_wconf 88' lang='lat' dir='ltr'>sec.</span> <span class='ocrx_word' id='word_1_218' title='bbox 1426 1913 1524 1963; x_wconf 86' lang='lat' dir='ltr'>Urbi</span> <span class='ocrx_word' id='word_1_219' title='bbox 1554 1925 1712 1964; x_wconf 86' lang='lat' dir='ltr'>Moret.</span> <span class='ocrx_word' id='word_1_220' title='bbox 1748 1937 1833 1963; x_wconf 85' lang='lat' dir='ltr'>sec.</span> <span class='ocrx_word' id='word_1_221' title='bbox 1838 1926 1969 1962; x_wconf 86' lang='lat'>--557</span> <span class='ocrx_word' id='word_1_222' title='bbox 2011 1923 2114 1963; x_wconf 86' lang='lat' dir='ltr'>illisa</span> 
     </span>
     <span class='ocr_line' id='line_1_25' title="bbox 280 1975 2113 2030; baseline 0.001 -17"><span class='ocrx_word' id='word_1_223' title='bbox 280 1975 409 2014; x_wconf 88' lang='lat' dir='ltr'>Farn.</span> <span class='ocrx_word' id='word_1_224' title='bbox 413 1979 547 2014; x_wconf 81' lang='lat'>—558</span> <span class='ocrx_word' id='word_1_225' title='bbox 563 1977 709 2026; x_wconf 82' lang='lat' dir='ltr'>pugnis</span> <span class='ocrx_word' id='word_1_226' title='bbox 728 1978 833 2027; x_wconf 79' lang='lat' dir='ltr'>Reg.</span> <span class='ocrx_word' id='word_1_227' title='bbox 855 1978 996 2016; x_wconf 84' lang='lat' dir='ltr'>castris</span> <span class='ocrx_word' id='word_1_228' title='bbox 1015 1991 1091 2027; x_wconf 82' lang='lat' dir='ltr'>pro</span> <span class='ocrx_word' id='word_1_229' title='bbox 1110 1979 1230 2018; x_wconf 75' lang='lat' dir='ltr'>movit</span> <span class='ocrx_word' id='word_1_230' title='bbox 1250 1978 1408 2018; x_wconf 66' lang='lat' dir='ltr'>Mor-,et</span> <span class='ocrx_word' id='word_1_231' title='bbox 1429 1991 1493 2028; x_wconf 80' lang='lat' dir='ltr'>pr.</span> <span class='ocrx_word' id='word_1_232' title='bbox 1498 1982 1631 2017; x_wconf 82' lang='grc'><strong>-559</strong></span> <span class='ocrx_word' id='word_1_233' title='bbox 1651 1980 1841 2030; x_wconf 77' lang='lat' dir='ltr'>ductuque</span> <span class='ocrx_word' id='word_1_234' title='bbox 1861 1978 2003 2018; x_wconf 84' lang='lat' dir='ltr'>Oxon.</span> <span class='ocrx_word' id='word_1_235' title='bbox 2027 1988 2113 2017; x_wconf 87' lang='lat' dir='ltr'>sec.</span> 
     </span>
     <span class='ocr_line' id='line_1_26' title="bbox 280 1992 2114 2083; baseline 0.001 -16"><span class='ocrx_word' id='word_1_236' title='bbox 280 2029 462 2079; x_wconf 81' lang='lat' dir='ltr'>dictuque</span> <span class='ocrx_word' id='word_1_237' title='bbox 480 2028 583 2069; x_wconf 87' lang='lat' dir='ltr'>Jun.</span> <span class='ocrx_word' id='word_1_238' title='bbox 605 2042 669 2080; x_wconf 80' lang='lat' dir='ltr'>pl.</span> <span class='ocrx_word' id='word_1_239' title='bbox 691 2030 825 2078; x_wconf 85' lang='lat' dir='ltr'>dictis,</span> <span class='ocrx_word' id='word_1_240' title='bbox 856 2031 946 2069; x_wconf 79' lang='lat' dir='ltr'>sine</span> <span class='ocrx_word' id='word_1_241' title='bbox 977 2032 1148 2082; x_wconf 86' lang='lat' dir='ltr'>copula,</span> <span class='ocrx_word' id='word_1_242' title='bbox 1171 2032 1262 2070; x_wconf 88' lang='lat' dir='ltr'>Pal.</span> <span class='ocrx_word' id='word_1_243' title='bbox 1292 2031 1414 2071; x_wconf 90' lang='lat' dir='ltr'>Med.</span> <span class='ocrx_word' id='word_1_244' title='bbox 1436 2044 1502 2082; x_wconf 88' lang='lat' dir='ltr'>pr.</span> <span class='ocrx_word' id='word_1_245' title='bbox 1523 2033 1628 2082; x_wconf 81' lang='lat' dir='ltr'>Reg.</span> <span class='ocrx_word' id='word_1_246' title='bbox 1651 1992 1793 2072; x_wconf 36' lang='lat' dir='ltr'>Oxou?</span> <span class='ocrx_word' id='word_1_247' title='bbox 1813 2044 1876 2083; x_wconf 90' lang='lat' dir='ltr'>pr.</span> <span class='ocrx_word' id='word_1_248' title='bbox 1895 2029 2114 2081; x_wconf 82' lang='lat' dir='ltr'>inflammat</span> 
     </span>
     <span class='ocr_line' id='line_1_27' title="bbox 282 2082 2115 2134; baseline 0.001 -12"><span class='ocrx_word' id='word_1_249' title='bbox 282 2082 350 2122; x_wconf 84' lang='lat' dir='ltr'>ed.</span> <span class='ocrx_word' id='word_1_250' title='bbox 369 2083 510 2121; x_wconf 90' lang='lat' dir='ltr'>Vicet.</span> <span class='ocrx_word' id='word_1_251' title='bbox 543 2082 711 2132; x_wconf 84' lang='lat' dir='ltr'>instigat</span> <span class='ocrx_word' id='word_1_252' title='bbox 735 2085 840 2122; x_wconf 91' lang='lat' dir='ltr'>Lov.</span> <span class='ocrx_word' id='word_1_253' title='bbox 871 2085 975 2123; x_wconf 88' lang='lat' dir='ltr'>Exc.</span> <span class='ocrx_word' id='word_1_254' title='bbox 999 2085 1110 2123; x_wconf 81' lang='lat' dir='ltr'>Laeti</span> <span class='ocrx_word' id='word_1_255' title='bbox 1130 2090 1174 2124; x_wconf 87' lang='lat' dir='ltr'>et</span> <span class='ocrx_word' id='word_1_256' title='bbox 1194 2086 1373 2124; x_wconf 82' lang='lat' dir='ltr'>Lucens.</span> <span class='ocrx_word' id='word_1_257' title='bbox 1408 2097 1493 2124; x_wconf 88' lang='lat' dir='ltr'>sec.</span> <span class='ocrx_word' id='word_1_258' title='bbox 1525 2089 1678 2124; x_wconf 86' lang='lat' dir='ltr'>euntem</span> <span class='ocrx_word' id='word_1_259' title='bbox 1710 2086 1813 2124; x_wconf 89' lang='lat' dir='ltr'>Lov.</span> <span class='ocrx_word' id='word_1_260' title='bbox 1817 2088 1952 2124; x_wconf 83' lang='lat'>—560</span> <span class='ocrx_word' id='word_1_261' title='bbox 1982 2085 2115 2134; x_wconf 83' lang='lat' dir='ltr'>Nunc,</span> 
     </span>
     <span class='ocr_line' id='line_1_28' title="bbox 281 2135 2116 2189; baseline 0.001 -15"><span class='ocrx_word' id='word_1_262' title='bbox 281 2147 304 2174; x_wconf 88' lang='lat' dir='ltr'>o</span> <span class='ocrx_word' id='word_1_263' title='bbox 335 2148 435 2174; x_wconf 82' lang='lat' dir='ltr'>nunc</span> <span class='ocrx_word' id='word_1_264' title='bbox 466 2136 563 2174; x_wconf 84' lang='lat' dir='ltr'>Pal.</span> <span class='ocrx_word' id='word_1_265' title='bbox 596 2135 746 2175; x_wconf 86' lang='lat' dir='ltr'>Ambr.</span> <span class='ocrx_word' id='word_1_266' title='bbox 781 2141 884 2176; x_wconf 89' lang='lat' dir='ltr'>tert.</span> <span class='ocrx_word' id='word_1_267' title='bbox 923 2138 1039 2176; x_wconf 85' lang='lat' dir='ltr'>Nunc</span> <span class='ocrx_word' id='word_1_268' title='bbox 1072 2151 1173 2177; x_wconf 79' lang='lat' dir='ltr'>num·</span> <span class='ocrx_word' id='word_1_269' title='bbox 1205 2152 1226 2177; x_wconf 90' lang='grc' dir='ltr'><strong><em>ο</em></strong></span> <span class='ocrx_word' id='word_1_270' title='bbox 1261 2138 1357 2176; x_wconf 87' lang='lat' dir='ltr'>socii</span> <span class='ocrx_word' id='word_1_271' title='bbox 1392 2138 1492 2178; x_wconf 85' lang='lat' dir='ltr'>Vat.</span> <span class='ocrx_word' id='word_1_272' title='bbox 1524 2150 1587 2188; x_wconf 89' lang='lat' dir='ltr'>pr.</span> <span class='ocrx_word' id='word_1_273' title='bbox 1617 2151 1748 2189; x_wconf 83' lang='lat' dir='ltr'>poenas</span> <span class='ocrx_word' id='word_1_274' title='bbox 1788 2138 1923 2177; x_wconf 83' lang='lat' dir='ltr'>Italiae</span> <span class='ocrx_word' id='word_1_275' title='bbox 1960 2138 2116 2177; x_wconf 87' lang='lat' dir='ltr'>tandem</span> 
     </span>
     <span class='ocr_line' id='line_1_29' title="bbox 282 2190 2113 2242; baseline 0.001 -14"><span class='ocrx_word' id='word_1_276' title='bbox 282 2194 465 2240; x_wconf 83' lang='lat' dir='ltr'>quatuor</span> <span class='ocrx_word' id='word_1_277' title='bbox 498 2190 622 2229; x_wconf 81' lang='lat' dir='ltr'>Vatt.</span> <span class='ocrx_word' id='word_1_278' title='bbox 648 2190 744 2230; x_wconf 79' lang='lat' dir='ltr'>Pal.</span> <span class='ocrx_word' id='word_1_279' title='bbox 781 2191 899 2230; x_wconf 88' lang='lat' dir='ltr'>Prie.</span> <span class='ocrx_word' id='word_1_280' title='bbox 939 2191 1057 2232; x_wconf 84' lang='lat' dir='ltr'>Rott.</span> <span class='ocrx_word' id='word_1_281' title='bbox 1097 2191 1233 2231; x_wconf 83' lang='lat' dir='ltr'>Oisel.</span> <span class='ocrx_word' id='word_1_282' title='bbox 1267 2190 1386 2231; x_wconf 88' lang='lat' dir='ltr'>Med.</span> <span class='ocrx_word' id='word_1_283' title='bbox 1415 2203 1521 2242; x_wconf 86' lang='lat' dir='ltr'>pr.—-</span> <span class='ocrx_word' id='word_1_284' title='bbox 1536 2195 1613 2230; x_wconf 85' lang='lat'>561</span> <span class='ocrx_word' id='word_1_285' title='bbox 1655 2190 1843 2230; x_wconf 82' lang='lat' dir='ltr'>obsessum</span> <span class='ocrx_word' id='word_1_286' title='bbox 1874 2190 2016 2230; x_wconf 86' lang='lat' dir='ltr'>Oxon.</span> <span class='ocrx_word' id='word_1_287' title='bbox 2046 2202 2113 2242; x_wconf 87' lang='lat' dir='ltr'>pr.</span> 
     </span>
    </p>
   </div>
   <div class='ocr_carea' id='block_1_6' title="bbox 1108 2313 1282 2353">
    <p class='ocr_par' dir='ltr' id='par_1_13' title="bbox 1108 2313 1282 2353">
     <span class='ocr_line' id='line_1_30' title="bbox 1108 2313 1282 2353; baseline 0.011 -2"><span class='ocrx_word' id='word_1_288' title='bbox 1108 2313 1282 2353; x_wconf 84' lang='lat' dir='ltr'>NOTAE</span> 
     </span>
    </p>
   </div>
   <div class='ocr_carea' id='block_1_7' title="bbox 282 2391 1172 3458">
    <p class='ocr_par' dir='ltr' id='par_1_14' title="bbox 282 2391 1168 2697">
     <span class='ocr_line' id='line_1_31' title="bbox 336 2391 1163 2442; baseline 0.001 -11"><span class='ocrx_word' id='word_1_289' title='bbox 336 2395 416 2431; x_wconf 84' lang='lat'>552</span> <span class='ocrx_word' id='word_1_290' title='bbox 459 2391 595 2431; x_wconf 83' lang='lat' dir='ltr'>Sortes</span> <span class='ocrx_word' id='word_1_291' title='bbox 621 2391 822 2442; x_wconf 77' lang='lat' dir='ltr'>malignae]</span> <span class='ocrx_word' id='word_1_292' title='bbox 866 2392 1054 2432; x_wconf 86' lang='lat' dir='ltr'>Oracula</span> <span class='ocrx_word' id='word_1_293' title='bbox 1080 2405 1163 2432; x_wconf 88' lang='lat' dir='ltr'>ma-</span> 
     </span>
     <span class='ocr_line' id='line_1_32' title="bbox 282 2454 1167 2507; baseline -0.002 -12"><span class='ocrx_word' id='word_1_294' title='bbox 282 2455 413 2507; x_wconf 85' lang='lat' dir='ltr'>ligna,</span> <span class='ocrx_word' id='word_1_295' title='bbox 450 2454 548 2506; x_wconf 88' lang='lat' dir='ltr'>quia</span> <span class='ocrx_word' id='word_1_296' title='bbox 578 2454 828 2505; x_wconf 83' lang='lat' dir='ltr'>ambagibus</span> <span class='ocrx_word' id='word_1_297' title='bbox 857 2455 898 2493; x_wconf 90' lang='lat' dir='ltr'>in</span> <span class='ocrx_word' id='word_1_298' title='bbox 941 2463 1167 2506; x_wconf 87' lang='lat' dir='ltr'>utramque</span> 
     </span>
     <span class='ocr_line' id='line_1_33' title="bbox 282 2517 1168 2571; baseline -0.001 -13"><span class='ocrx_word' id='word_1_299' title='bbox 282 2524 451 2571; x_wconf 86' lang='lat' dir='ltr'>partem</span> <span class='ocrx_word' id='word_1_300' title='bbox 466 2517 734 2569; x_wconf 78' lang='lat' dir='ltr'>explicandis</span> <span class='ocrx_word' id='word_1_301' title='bbox 757 2518 914 2557; x_wconf 85' lang='lat' dir='ltr'>multos</span> <span class='ocrx_word' id='word_1_302' title='bbox 928 2517 1168 2569; x_wconf 88' lang='lat' dir='ltr'>decipiunt,</span> 
     </span>
     <span class='ocr_line' id='line_1_34' title="bbox 283 2580 1167 2634; baseline -0.002 -12"><span class='ocrx_word' id='word_1_303' title='bbox 283 2582 473 2634; x_wconf 89' lang='lat' dir='ltr'>dantque</span> <span class='ocrx_word' id='word_1_304' title='bbox 501 2581 769 2620; x_wconf 88' lang='lat' dir='ltr'>occasionem</span> <span class='ocrx_word' id='word_1_305' title='bbox 801 2580 1000 2632; x_wconf 85' lang='lat' dir='ltr'>audendi,</span> <span class='ocrx_word' id='word_1_306' title='bbox 1026 2581 1167 2620; x_wconf 87' lang='lat' dir='ltr'>simul-</span> 
     </span>
     <span class='ocr_line' id='line_1_35' title="bbox 285 2644 783 2697; baseline -0.004 -13"><span class='ocrx_word' id='word_1_307' title='bbox 285 2656 366 2697; x_wconf 91' lang='lat' dir='ltr'>que</span> <span class='ocrx_word' id='word_1_308' title='bbox 386 2644 541 2695; x_wconf 85' lang='lat' dir='ltr'>saepius</span> <span class='ocrx_word' id='word_1_309' title='bbox 562 2644 783 2696; x_wconf 87' lang='lat' dir='ltr'>pereundi.</span> 
     </span>
    </p>

    <p class='ocr_par' dir='ltr' id='par_1_15' title="bbox 284 2706 1172 3458">
     <span class='ocr_line' id='line_1_36' title="bbox 338 2706 1166 2757; baseline -0.001 -9"><span class='ocrx_word' id='word_1_310' title='bbox 338 2711 417 2748; x_wconf 82' lang='lat'>553</span> <span class='ocrx_word' id='word_1_311' title='bbox 449 2706 624 2757; x_wconf 84' lang='lat' dir='ltr'>Eventu]</span> <span class='ocrx_word' id='word_1_312' title='bbox 652 2706 664 2727; x_wconf 93' lang='lat'>‘</span> <span class='ocrx_word' id='word_1_313' title='bbox 696 2707 934 2746; x_wconf 89' lang='lat' dir='ltr'>Stultorum</span> <span class='ocrx_word' id='word_1_314' title='bbox 964 2708 1046 2747; x_wconf 89' lang='lat' dir='ltr'>iste</span> <span class='ocrx_word' id='word_1_315' title='bbox 1080 2720 1166 2747; x_wconf 87' lang='lat' dir='ltr'>ma-</span> 
     </span>
     <span class='ocr_line' id='line_1_37' title="bbox 286 2770 1168 2823; baseline -0.001 -12"><span class='ocrx_word' id='word_1_316' title='bbox 286 2771 418 2823; x_wconf 85' lang='lat' dir='ltr'>gister</span> <span class='ocrx_word' id='word_1_317' title='bbox 453 2770 550 2818; x_wconf 87' lang='lat' dir='ltr'>est,’</span> <span class='ocrx_word' id='word_1_318' title='bbox 585 2777 634 2810; x_wconf 85' lang='lat' dir='ltr'>ut</span> <span class='ocrx_word' id='word_1_319' title='bbox 670 2770 731 2810; x_wconf 86' lang='lat' dir='ltr'>ait</span> <span class='ocrx_word' id='word_1_320' title='bbox 764 2770 920 2811; x_wconf 87' lang='lat' dir='ltr'>Fabius</span> <span class='ocrx_word' id='word_1_321' title='bbox 953 2772 1168 2811; x_wconf 87' lang='lat' dir='ltr'>Maximus</span> 
     </span>
     <span class='ocr_line' id='line_1_38' title="bbox 284 2834 1169 2886; baseline 0 -13"><span class='ocrx_word' id='word_1_322' title='bbox 284 2834 400 2885; x_wconf 87' lang='lat' dir='ltr'>apud</span> <span class='ocrx_word' id='word_1_323' title='bbox 421 2834 613 2874; x_wconf 87' lang='lat' dir='ltr'>Livium:</span> <span class='ocrx_word' id='word_1_324' title='bbox 657 2834 771 2874; x_wconf 89' lang='lat' dir='ltr'>unde</span> <span class='ocrx_word' id='word_1_325' title='bbox 791 2846 962 2875; x_wconf 87' lang='lat' dir='ltr'>versus:</span> <span class='ocrx_word' id='word_1_326' title='bbox 1003 2835 1169 2886; x_wconf 86' lang='lat' dir='ltr'>Vulgus</span> 
     </span>
     <span class='ocr_line' id='line_1_39' title="bbox 285 2897 1168 2949; baseline 0.003 -13"><span class='ocrx_word' id='word_1_327' title='bbox 285 2898 297 2918; x_wconf 92' lang='lat'>‘</span> <span class='ocrx_word' id='word_1_328' title='bbox 329 2897 383 2937; x_wconf 86' lang='lat' dir='ltr'>ab</span> <span class='ocrx_word' id='word_1_329' title='bbox 424 2902 581 2938; x_wconf 88' lang='lat' dir='ltr'>eventu</span> <span class='ocrx_word' id='word_1_330' title='bbox 633 2897 750 2937; x_wconf 84' lang='lat' dir='ltr'>facta</span> <span class='ocrx_word' id='word_1_331' title='bbox 789 2898 978 2937; x_wconf 87' lang='lat' dir='ltr'>notanda</span> <span class='ocrx_word' id='word_1_332' title='bbox 1017 2898 1168 2949; x_wconf 60' lang='lat' dir='ltr'>putat?</span> 
     </span>
     <span class='ocr_line' id='line_1_40' title="bbox 288 2958 1172 3010; baseline 0.003 -12"><span class='ocrx_word' id='word_1_333' title='bbox 288 2958 485 2999; x_wconf 87' lang='lat' dir='ltr'>Ovidius.</span> <span class='ocrx_word' id='word_1_334' title='bbox 514 2959 575 2999; x_wconf 84' lang='lat' dir='ltr'>At</span> <span class='ocrx_word' id='word_1_335' title='bbox 590 2971 644 2998; x_wconf 87' lang='lat' dir='ltr'>ex</span> <span class='ocrx_word' id='word_1_336' title='bbox 663 2962 841 3010; x_wconf 88' lang='lat' dir='ltr'>Seneca,</span> <span class='ocrx_word' id='word_1_337' title='bbox 867 2963 879 2983; x_wconf 80' lang='lat'><strong><em>⁴</em></strong></span> <span class='ocrx_word' id='word_1_338' title='bbox 899 2962 1062 3001; x_wconf 87' lang='lat' dir='ltr'>initium</span> <span class='ocrx_word' id='word_1_339' title='bbox 1085 2975 1172 3001; x_wconf 92' lang='lat' dir='ltr'>om-</span> 
     </span>
     <span class='ocr_line' id='line_1_41' title="bbox 285 3023 1170 3077; baseline 0.005 -16"><span class='ocrx_word' id='word_1_340' title='bbox 285 3023 402 3062; x_wconf 88' lang='lat' dir='ltr'>nium</span> <span class='ocrx_word' id='word_1_341' title='bbox 418 3034 559 3061; x_wconf 87' lang='lat' dir='ltr'>rerum</span> <span class='ocrx_word' id='word_1_342' title='bbox 577 3025 763 3075; x_wconf 87' lang='lat' dir='ltr'>sapiens,</span> <span class='ocrx_word' id='word_1_343' title='bbox 774 3037 857 3064; x_wconf 89' lang='lat' dir='ltr'>non</span> <span class='ocrx_word' id='word_1_344' title='bbox 872 3026 1034 3066; x_wconf 83' lang='lat' dir='ltr'>exitum</span> <span class='ocrx_word' id='word_1_345' title='bbox 1049 3038 1170 3077; x_wconf 88' lang='lat' dir='ltr'>spec·</span> 
     </span>
     <span class='ocr_line' id='line_1_42' title="bbox 288 3084 1171 3140; baseline 0.003 -17"><span class='ocrx_word' id='word_1_346' title='bbox 288 3088 385 3123; x_wconf 79' lang='lat' dir='ltr'>tat:</span> <span class='ocrx_word' id='word_1_347' title='bbox 414 3084 536 3123; x_wconf 85' lang='lat' dir='ltr'>initia</span> <span class='ocrx_word' id='word_1_348' title='bbox 562 3086 603 3124; x_wconf 89' lang='lat' dir='ltr'>in</span> <span class='ocrx_word' id='word_1_349' title='bbox 636 3092 853 3136; x_wconf 84' lang='lat' dir='ltr'>potestate</span> <span class='ocrx_word' id='word_1_350' title='bbox 885 3094 1027 3127; x_wconf 82' lang='lat' dir='ltr'>nostra</span> <span class='ocrx_word' id='word_1_351' title='bbox 1060 3094 1171 3140; x_wconf 82' lang='lat' dir='ltr'>sunt,</span> 
     </span>
     <span class='ocr_line' id='line_1_43' title="bbox 289 3147 1170 3200; baseline 0.006 -14"><span class='ocrx_word' id='word_1_352' title='bbox 289 3147 343 3187; x_wconf 89' lang='lat' dir='ltr'>de</span> <span class='ocrx_word' id='word_1_353' title='bbox 372 3155 529 3187; x_wconf 88' lang='lat' dir='ltr'>eventu</span> <span class='ocrx_word' id='word_1_354' title='bbox 562 3147 737 3187; x_wconf 85' lang='lat' dir='ltr'>fortuna</span> <span class='ocrx_word' id='word_1_355' title='bbox 758 3149 953 3200; x_wconf 57' lang='lat' dir='ltr'>judicat?</span> <span class='ocrx_word' id='word_1_356' title='bbox 988 3152 1170 3191; x_wconf 81' lang='lat' dir='ltr'>Demos-</span> 
     </span>
     <span class='ocr_line' id='line_1_44' title="bbox 290 3209 1172 3264; baseline 0.006 -15"><span class='ocrx_word' id='word_1_357' title='bbox 290 3211 452 3260; x_wconf 77' lang='lat' dir='ltr'>thenes,</span> <span class='ocrx_word' id='word_1_358' title='bbox 480 3210 528 3250; x_wconf 77' lang='grc' dir='ltr'>τὸ</span> <span class='ocrx_word' id='word_1_359' title='bbox 558 3209 631 3260; x_wconf 78' lang='grc' dir='ltr'>μὲν</span> <span class='ocrx_word' id='word_1_360' title='bbox 661 3209 779 3262; x_wconf 83' lang='grc' dir='ltr'>πέρας</span> <span class='ocrx_word' id='word_1_361' title='bbox 815 3213 864 3252; x_wconf 80' lang='grc' dir='ltr'>ὡς</span> <span class='ocrx_word' id='word_1_362' title='bbox 901 3213 948 3252; x_wconf 73' lang='grc' dir='ltr'>ἂν</span> <span class='ocrx_word' id='word_1_363' title='bbox 984 3215 1004 3252; x_wconf 87' lang='grc' dir='ltr'><em>ὁ</em></span> <span class='ocrx_word' id='word_1_364' title='bbox 1030 3213 1172 3264; x_wconf 76' lang='grc' dir='ltr'><strong><em>δαίμων</em></strong></span> 
     </span>
     <span class='ocr_line' id='line_1_45' title="bbox 291 3273 1172 3330; baseline 0.006 -17"><span class='ocrx_word' id='word_1_365' title='bbox 291 3277 466 3327; x_wconf 78' lang='grc' dir='ltr'><strong><em>βουληθῇ</em></strong></span> <span class='ocrx_word' id='word_1_366' title='bbox 499 3273 654 3314; x_wconf 80' lang='grc' dir='ltr'>πάντων</span> <span class='ocrx_word' id='word_1_367' title='bbox 681 3275 848 3324; x_wconf 73' lang='grc' dir='ltr'>γίνεται,</span> <span class='ocrx_word' id='word_1_368' title='bbox 874 3276 898 3323; x_wconf 82' lang='grc' dir='ltr'>ἡ</span> <span class='ocrx_word' id='word_1_369' title='bbox 925 3277 966 3316; x_wconf 86' lang='grc' dir='ltr'>δὲ</span> <span class='ocrx_word' id='word_1_370' title='bbox 998 3278 1172 3330; x_wconf 76' lang='grc' dir='ltr'>προαίρε·</span> 
     </span>
     <span class='ocr_line' id='line_1_46' title="bbox 291 3339 1171 3389; baseline 0.003 -10"><span class='ocrx_word' id='word_1_371' title='bbox 291 3353 352 3380; x_wconf 76' lang='lat' dir='ltr'>&lt;ns</span> <span class='ocrx_word' id='word_1_372' title='bbox 385 3339 483 3388; x_wconf 74' lang='grc' dir='ltr'>αὐτὴ</span> <span class='ocrx_word' id='word_1_373' title='bbox 517 3339 591 3387; x_wconf 76' lang='grc' dir='ltr'>τὴν</span> <span class='ocrx_word' id='word_1_374' title='bbox 629 3340 701 3379; x_wconf 81' lang='grc' dir='ltr'>τοῦ</span> <span class='ocrx_word' id='word_1_375' title='bbox 735 3339 960 3389; x_wconf 82' lang='grc' dir='ltr'>συμβούλου</span> <span class='ocrx_word' id='word_1_376' title='bbox 1002 3341 1171 3382; x_wconf 77' lang='grc' dir='ltr'><strong><em>διάνοιαν</em></strong></span> 
     </span>
     <span class='ocr_line' id='line_1_47' title="bbox 293 3403 1169 3458; baseline 0 -12"><span class='ocrx_word' id='word_1_377' title='bbox 293 3405 430 3453; x_wconf 68' lang='grc' dir='ltr'><strong>δηλοῖς</strong></span> <span class='ocrx_word' id='word_1_378' title='bbox 475 3403 651 3445; x_wconf 79' lang='lat' dir='ltr'>Eventus</span> <span class='ocrx_word' id='word_1_379' title='bbox 676 3404 829 3458; x_wconf 81' lang='lat' dir='ltr'>quidem</span> <span class='ocrx_word' id='word_1_380' title='bbox 848 3409 892 3446; x_wconf 75' lang='lat' dir='ltr'>ut</span> <span class='ocrx_word' id='word_1_381' title='bbox 911 3405 1027 3447; x_wconf 75' lang='lat' dir='ltr'>Deus</span> <span class='ocrx_word' id='word_1_382' title='bbox 1043 3407 1169 3449; x_wconf 74' lang='lat' dir='ltr'>volue-</span> 
     </span>
    </p>
   </div>
   <div class='ocr_carea' id='block_1_8' title="bbox 1233 2394 2118 3387">
    <p class='ocr_par' dir='ltr' id='par_1_16' title="bbox 1233 2394 2116 2506">
     <span class='ocr_line' id='line_1_48' title="bbox 1233 2394 2116 2446; baseline 0.002 -14"><span class='ocrx_word' id='word_1_383' title='bbox 1233 2394 1291 2433; x_wconf 88' lang='lat' dir='ltr'>rit</span> <span class='ocrx_word' id='word_1_384' title='bbox 1309 2397 1367 2434; x_wconf 87' lang='lat' dir='ltr'>est</span> <span class='ocrx_word' id='word_1_385' title='bbox 1384 2394 1426 2434; x_wconf 84' lang='lat' dir='ltr'>in</span> <span class='ocrx_word' id='word_1_386' title='bbox 1444 2394 1631 2441; x_wconf 79' lang='lat' dir='ltr'>omnibus,</span> <span class='ocrx_word' id='word_1_387' title='bbox 1657 2395 1857 2434; x_wconf 84' lang='lat' dir='ltr'>consilium</span> <span class='ocrx_word' id='word_1_388' title='bbox 1874 2406 1964 2434; x_wconf 87' lang='lat' dir='ltr'>vero</span> <span class='ocrx_word' id='word_1_389' title='bbox 1990 2394 2116 2446; x_wconf 85' lang='lat' dir='ltr'>ipsum</span> 
     </span>
     <span class='ocr_line' id='line_1_49' title="bbox 1233 2457 1856 2506; baseline 0.002 -10"><span class='ocrx_word' id='word_1_390' title='bbox 1233 2457 1450 2496; x_wconf 84' lang='lat' dir='ltr'>consiliarii</span> <span class='ocrx_word' id='word_1_391' title='bbox 1465 2457 1660 2506; x_wconf 73' lang='lat' dir='ltr'>judiciam</span> <span class='ocrx_word' id='word_1_392' title='bbox 1676 2459 1856 2498; x_wconf 86' lang='lat' dir='ltr'>ostendit.</span> 
     </span>
    </p>

    <p class='ocr_par' dir='ltr' id='par_1_17' title="bbox 1235 2519 2118 3137">
     <span class='ocr_line' id='line_1_50' title="bbox 1289 2519 2118 2572; baseline 0.005 -14"><span class='ocrx_word' id='word_1_393' title='bbox 1289 2524 1368 2559; x_wconf 88' lang='lat'>555</span> <span class='ocrx_word' id='word_1_394' title='bbox 1404 2519 1566 2571; x_wconf 87' lang='lat' dir='ltr'>Urbem]</span> <span class='ocrx_word' id='word_1_395' title='bbox 1597 2522 1695 2560; x_wconf 85' lang='lat' dir='ltr'>Vox</span> <span class='ocrx_word' id='word_1_396' title='bbox 1728 2521 1772 2559; x_wconf 89' lang='lat' dir='ltr'>in</span> <span class='ocrx_word' id='word_1_397' title='bbox 1799 2521 1919 2572; x_wconf 85' lang='lat' dir='ltr'>sylva</span> <span class='ocrx_word' id='word_1_398' title='bbox 1947 2520 2118 2562; x_wconf 85' lang='lat' dir='ltr'>dixerat</span> 
     </span>
     <span class='ocr_line' id='line_1_51' title="bbox 1235 2581 2117 2636; baseline 0.003 -15"><span class='ocrx_word' id='word_1_399' title='bbox 1235 2581 1426 2632; x_wconf 88' lang='lat' dir='ltr'>Alarico,</span> <span class='ocrx_word' id='word_1_400' title='bbox 1456 2584 1468 2606; x_wconf 84' lang='lat'>‘</span> <span class='ocrx_word' id='word_1_401' title='bbox 1492 2584 1587 2623; x_wconf 91' lang='lat' dir='ltr'>Hoc</span> <span class='ocrx_word' id='word_1_402' title='bbox 1608 2584 1788 2636; x_wconf 86' lang='lat' dir='ltr'>impiger</span> <span class='ocrx_word' id='word_1_403' title='bbox 1808 2597 1917 2624; x_wconf 85' lang='lat' dir='ltr'>anno</span> <span class='ocrx_word' id='word_1_404' title='bbox 1938 2584 2117 2635; x_wconf 79' lang='lat' dir='ltr'>Alpibus</span> 
     </span>
     <span class='ocr_line' id='line_1_52' title="bbox 1236 2645 2118 2699; baseline 0.006 -15"><span class='ocrx_word' id='word_1_405' title='bbox 1236 2645 1374 2685; x_wconf 86' lang='lat' dir='ltr'>Italiae</span> <span class='ocrx_word' id='word_1_406' title='bbox 1398 2647 1542 2697; x_wconf 78' lang='lat' dir='ltr'>ruptis</span> <span class='ocrx_word' id='word_1_407' title='bbox 1572 2648 1816 2699; x_wconf 86' lang='lat' dir='ltr'>penetrabis</span> <span class='ocrx_word' id='word_1_408' title='bbox 1846 2648 1899 2687; x_wconf 91' lang='lat' dir='ltr'>ad</span> <span class='ocrx_word' id='word_1_409' title='bbox 1924 2647 2118 2690; x_wconf 64' lang='lat' dir='ltr'>Urbem?</span> 
     </span>
     <span class='ocr_line' id='line_1_53' title="bbox 1237 2707 2116 2761; baseline 0.007 -15"><span class='ocrx_word' id='word_1_410' title='bbox 1237 2707 1433 2748; x_wconf 87' lang='lat' dir='ltr'>Alaricus</span> <span class='ocrx_word' id='word_1_411' title='bbox 1464 2709 1517 2748; x_wconf 89' lang='lat' dir='ltr'>de</span> <span class='ocrx_word' id='word_1_412' title='bbox 1551 2710 1656 2749; x_wconf 89' lang='lat' dir='ltr'>urbe</span> <span class='ocrx_word' id='word_1_413' title='bbox 1698 2711 1832 2750; x_wconf 85' lang='lat' dir='ltr'>Roma</span> <span class='ocrx_word' id='word_1_414' title='bbox 1870 2710 2116 2761; x_wconf 82' lang='lat' dir='ltr'>cogitabat:</span> 
     </span>
     <span class='ocr_line' id='line_1_54' title="bbox 1236 2771 2116 2824; baseline 0.005 -14"><span class='ocrx_word' id='word_1_415' title='bbox 1236 2771 1312 2810; x_wconf 81' lang='lat' dir='ltr'>sed</span> <span class='ocrx_word' id='word_1_416' title='bbox 1359 2771 1593 2811; x_wconf 90' lang='lat' dir='ltr'>Oraculum</span> <span class='ocrx_word' id='word_1_417' title='bbox 1634 2773 1905 2824; x_wconf 85' lang='lat' dir='ltr'>intelligebat</span> <span class='ocrx_word' id='word_1_418' title='bbox 1940 2772 2116 2814; x_wconf 89' lang='lat' dir='ltr'>fluvium</span> 
     </span>
     <span class='ocr_line' id='line_1_55' title="bbox 1235 2834 2117 2887; baseline 0.003 -14"><span class='ocrx_word' id='word_1_419' title='bbox 1235 2834 1438 2887; x_wconf 75' lang='lat' dir='ltr'>Liguriae,</span> <span class='ocrx_word' id='word_1_420' title='bbox 1455 2836 1528 2887; x_wconf 86' lang='lat' dir='ltr'>qui</span> <span class='ocrx_word' id='word_1_421' title='bbox 1543 2838 1867 2887; x_wconf 83' lang='lat' dir='ltr'>cognominatur</span> <span class='ocrx_word' id='word_1_422' title='bbox 1888 2837 2010 2877; x_wconf 79' lang='lat' dir='ltr'>Urbs.-</span> <span class='ocrx_word' id='word_1_423' title='bbox 2037 2836 2117 2876; x_wconf 82' lang='lat' dir='ltr'>sic·</span> 
     </span>
     <span class='ocr_line' id='line_1_56' title="bbox 1238 2897 2115 2951; baseline 0.002 -15"><span class='ocrx_word' id='word_1_424' title='bbox 1238 2910 1322 2950; x_wconf 91' lang='lat' dir='ltr'>que</span> <span class='ocrx_word' id='word_1_425' title='bbox 1343 2897 1543 2938; x_wconf 86' lang='lat' dir='ltr'>Alaricus</span> <span class='ocrx_word' id='word_1_426' title='bbox 1564 2900 1771 2951; x_wconf 89' lang='lat' dir='ltr'>deceptus</span> <span class='ocrx_word' id='word_1_427' title='bbox 1798 2906 1878 2951; x_wconf 83' lang='lat' dir='ltr'>est,</span> <span class='ocrx_word' id='word_1_428' title='bbox 1895 2905 1940 2939; x_wconf 89' lang='lat' dir='ltr'>et</span> <span class='ocrx_word' id='word_1_429' title='bbox 1957 2902 2115 2938; x_wconf 81' lang='lat' dir='ltr'>eventu</span> 
     </span>
     <span class='ocr_line' id='line_1_57' title="bbox 1237 2960 2116 3013; baseline 0.001 -15"><span class='ocrx_word' id='word_1_430' title='bbox 1237 2960 1475 3012; x_wconf 84' lang='lat' dir='ltr'>interprete</span> <span class='ocrx_word' id='word_1_431' title='bbox 1509 2962 1684 3013; x_wconf 84' lang='lat' dir='ltr'>agnovit</span> <span class='ocrx_word' id='word_1_432' title='bbox 1713 2963 1785 3001; x_wconf 87' lang='lat' dir='ltr'>illa</span> <span class='ocrx_word' id='word_1_433' title='bbox 1805 2962 1935 3001; x_wconf 88' lang='lat' dir='ltr'>verba</span> <span class='ocrx_word' id='word_1_434' title='bbox 1954 2972 2046 3001; x_wconf 89' lang='lat' dir='ltr'>esse</span> <span class='ocrx_word' id='word_1_435' title='bbox 2066 2961 2116 2999; x_wconf 90' lang='lat' dir='ltr'>il-</span> 
     </span>
     <span class='ocr_line' id='line_1_58' title="bbox 1238 3023 2116 3076; baseline 0.002 -14"><span class='ocrx_word' id='word_1_436' title='bbox 1238 3024 1344 3074; x_wconf 88' lang='lat' dir='ltr'>lusa,</span> <span class='ocrx_word' id='word_1_437' title='bbox 1357 3036 1432 3063; x_wconf 90' lang='lat' dir='ltr'>seu</span> <span class='ocrx_word' id='word_1_438' title='bbox 1451 3025 1656 3064; x_wconf 82' lang='lat' dir='ltr'>illusionis</span> <span class='ocrx_word' id='word_1_439' title='bbox 1673 3025 1818 3076; x_wconf 86' lang='lat' dir='ltr'>plena:</span> <span class='ocrx_word' id='word_1_440' title='bbox 1841 3024 2012 3075; x_wconf 84' lang='lat' dir='ltr'>agnovit</span> <span class='ocrx_word' id='word_1_441' title='bbox 2027 3023 2116 3064; x_wconf 88' lang='lat' dir='ltr'>fata</span> 
     </span>
     <span class='ocr_line' id='line_1_59' title="bbox 1238 3086 1995 3137; baseline 0.003 -13"><span class='ocrx_word' id='word_1_442' title='bbox 1238 3086 1319 3125; x_wconf 83' lang='lat' dir='ltr'>sibi</span> <span class='ocrx_word' id='word_1_443' title='bbox 1339 3086 1565 3125; x_wconf 88' lang='lat' dir='ltr'>illudentia</span> <span class='ocrx_word' id='word_1_444' title='bbox 1579 3086 1786 3137; x_wconf 83' lang='lat' dir='ltr'>ambiguis</span> <span class='ocrx_word' id='word_1_445' title='bbox 1808 3087 1995 3127; x_wconf 82' lang='lat' dir='ltr'>vocibus.</span> 
     </span>
    </p>

    <p class='ocr_par' dir='ltr' id='par_1_18' title="bbox 1236 3149 2118 3387">
     <span class='ocr_line' id='line_1_60' title="bbox 1290 3149 2118 3202; baseline 0.002 -14"><span class='ocrx_word' id='word_1_446' title='bbox 1290 3152 1371 3188; x_wconf 84' lang='grc'>559</span> <span class='ocrx_word' id='word_1_447' title='bbox 1394 3149 1513 3188; x_wconf 88' lang='lat' dir='ltr'>Pleno</span> <span class='ocrx_word' id='word_1_448' title='bbox 1527 3149 1674 3199; x_wconf 78' lang='lat' dir='ltr'>gradu]</span> <span class='ocrx_word' id='word_1_449' title='bbox 1704 3149 1883 3189; x_wconf 87' lang='lat' dir='ltr'>Stilicho</span> <span class='ocrx_word' id='word_1_450' title='bbox 1902 3163 1984 3189; x_wconf 91' lang='lat' dir='ltr'>non</span> <span class='ocrx_word' id='word_1_451' title='bbox 2002 3162 2118 3202; x_wconf 86' lang='lat' dir='ltr'>spar-</span> 
     </span>
     <span class='ocr_line' id='line_1_61' title="bbox 1238 3209 2114 3263; baseline 0.005 -14"><span class='ocrx_word' id='word_1_452' title='bbox 1238 3209 1331 3257; x_wconf 88' lang='lat' dir='ltr'>sim,</span> <span class='ocrx_word' id='word_1_453' title='bbox 1364 3221 1447 3249; x_wconf 89' lang='lat' dir='ltr'>non</span> <span class='ocrx_word' id='word_1_454' title='bbox 1482 3217 1656 3261; x_wconf 88' lang='lat' dir='ltr'>temere,</span> <span class='ocrx_word' id='word_1_455' title='bbox 1687 3223 1772 3251; x_wconf 90' lang='lat' dir='ltr'>non</span> <span class='ocrx_word' id='word_1_456' title='bbox 1806 3212 1993 3263; x_wconf 89' lang='lat' dir='ltr'>incaute,</span> <span class='ocrx_word' id='word_1_457' title='bbox 2029 3225 2114 3253; x_wconf 88' lang='lat' dir='ltr'>non</span> 
     </span>
     <span class='ocr_line' id='line_1_62' title="bbox 1239 3272 2116 3328; baseline 0.006 -17"><span class='ocrx_word' id='word_1_458' title='bbox 1239 3272 1401 3322; x_wconf 85' lang='lat' dir='ltr'>timide,</span> <span class='ocrx_word' id='word_1_459' title='bbox 1429 3274 1503 3312; x_wconf 89' lang='lat' dir='ltr'>sed</span> <span class='ocrx_word' id='word_1_460' title='bbox 1542 3274 1683 3324; x_wconf 88' lang='lat' dir='ltr'>pleno,</span> <span class='ocrx_word' id='word_1_461' title='bbox 1714 3276 1845 3326; x_wconf 82' lang='lat' dir='ltr'>gravi,</span> <span class='ocrx_word' id='word_1_462' title='bbox 1875 3275 2116 3328; x_wconf 88' lang='lat' dir='ltr'>audacique</span> 
     </span>
     <span class='ocr_line' id='line_1_63' title="bbox 1236 3335 1764 3387; baseline 0.008 -14"><span class='ocrx_word' id='word_1_463' title='bbox 1236 3335 1368 3387; x_wconf 76' lang='lat' dir='ltr'>gradu</span> <span class='ocrx_word' id='word_1_464' title='bbox 1389 3343 1534 3376; x_wconf 88' lang='lat' dir='ltr'>movet</span> <span class='ocrx_word' id='word_1_465' title='bbox 1553 3338 1764 3377; x_wconf 85' lang='lat' dir='ltr'>cohortes.</span> 
     </span>
    </p>
   </div>
   <div class='ocr_carea' id='block_1_9' title="bbox 1288 3399 2115 3458">
    <p class='ocr_par' dir='ltr' id='par_1_19' title="bbox 1288 3399 2115 3458">
     <span class='ocr_line' id='line_1_64' title="bbox 1288 3399 2115 3458; baseline 0.004 -16"><span class='ocrx_word' id='word_1_466' title='bbox 1288 3403 1370 3443; x_wconf 85' lang='grc'>560</span> <span class='ocrx_word' id='word_1_467' title='bbox 1396 3399 1522 3456; x_wconf 82' lang='lat' dir='ltr'>Socii]</span> <span class='ocrx_word' id='word_1_468' title='bbox 1556 3401 1628 3443; x_wconf 89' lang='lat' dir='ltr'>Sic</span> <span class='ocrx_word' id='word_1_469' title='bbox 1655 3401 1811 3444; x_wconf 82' lang='lat' dir='ltr'>AEneas</span> <span class='ocrx_word' id='word_1_470' title='bbox 1838 3402 2115 3458; x_wconf 64' lang='lat' dir='ltr'>Virgilianae,</span> 
     </span>
    </p>
   </div>
  </div>
 </body>
</html>
