2300 3906
365 215 475 270 938

366 347 479 412 Qui
506 348 714 401 timidae
740 345 897 398 matri
921 359 1151 412 pressos
1178 343 1481 396 ostenderit
1507 360 1733 412 angueS,

436 432 854 500 Intrepidusque
879 427 994 480 fero
1022 428 1201 480 riserit
1225 443 1318 478 ore
1343 444 1503 495 puer.

364 517 447 570 Te
470 532 645 583 neque
671 514 925 566 Dictaeas
954 514 1202 580 quatiens
1239 513 1539 578 mugitibus
1565 514 1727 567 urbes

433 598 668 660 TauruS,
698 611 797 647 nec
827 595 1012 662 Stygii
1038 595 1227 646 terruit
1250 595 1331 645 ira
1351 596 1540 647 canis:

363 681 496 735 Non
521 680 610 731 leo
634 679 876 732 sidereos
900 679 1034 733 coeli
1057 679 1339 730 rediturus
1365 678 1437 730 ad
1461 694 1619 743 axeS,

434 764 567 817 Non
592 763 937 833 Erymanthei
961 763 1133 829 gloria
1156 763 1365 840 montis⁷
1385 778 1535 831 aper.

894 228 988 267 (212.
1029 220 1384 266 CLAUDIAM
1427 223 1661 265 XXXIV.

366 923 431 974 qai
456 934 552 973 puer
585 922 860 960 monstraverit
889 925 1086 973 serpentes
1104 921 1217 961 elisos
1241 921 1362 961 matri
1391 922 1562 972 timida»,
1594 925 1634 961 et
1653 922 1870 973 impavidus
1888 921 2069 962 arriserit
2088 923 2200 961 vultu

357 977 502 1024 feroci.
563 976 714 1014 Taurus
752 979 901 1014 terrens
935 974 1149 1024 mugitibus
1175 975 1298 1028 ‘urbes
1332 975 1522 1025 cremas,
1552 979 1591 1015 te
1619 988 1695 1014 non
1727 977 1887 1025 terruit,
1917 987 1941 1013 ο
1976 975 2202 1023 Hercules,

364 1041 433 1074 nec
465 1028 594 1068 rabies
622 1029 730 1068 canis
760 1028 914 1078 Inferni
933 1028 1144 1068 Cerberi:
1191 1041 1266 1068 non
1285 1030 1341 1068 leo
1369 1040 1594 1069 reversurus
1619 1030 1668 1068 ad
1702 1029 1842 1069 Polum
1870 1030 2071 1068 stellatum
2087 1028 2199 1075 coeli3

1139 1150 1306 1166 ‘O‘COOO
1313 1149 1432 1165 “O“

359 1233 454 1269 tac.
474 1227 629 1268 Heius.
663 1227 813 1268 Ambr.
847 1233 951 1270 tert.
988 1229 1094 1270 Cod.
1126 1231 1364 1271 Bartholin.
1395 1230 1464 1270 ed.
1484 1230 1632 1271 Parm.
1667 1234 1712 1270 et
1729 1231 1873 1270 vicet.
1901 1228 2076 1268 stimulos
2096 1228 2188 1268 Exe

365 1282 491 1322 Laeti.
539 1286 718 1333 astusque
737 1282 898 1321 canebat
913 1295 928 1329 ,·
957 1283 1147 1323 Herculis
1165 1289 1203 1324 et
1226 1286 1331 1325 Exc.
1361 1286 1523 1324 Schott.
1555 1291 1687 1334 atque
1719 1284 1784 1322 ita
1802 1283 2049 1334 conjecerat
2068 1281 2204 1321 Hein-

366 1336 467 1384 sius,
488 1336 559 1387 qui
584 1343 724 1374 tamen
745 1342 974 1375 notaverat
1004 1337 1219 1377 Herculeos
1235 1342 1346 1377 actus
1366 1339 1575 1378 Nostrum
1595 1338 1756 1376 dixisse
1775 1337 1850 1375 lib.
1871 1347 1898 1375 1.
1921 1335 1961 1374 in
1980 1333 2122 1375 Rufiu.
2142 1347 2206 1374 vs.

366 1391 566 1428 284.—-31
594 1389 675 1433 Qui
691 1389 841 1427 Petav.
859 1401 945 1429 sec.
981 1390 1035 1429 Ut
1056 1391 1151 1429 cod.
1175 1391 1416 1432 Bartholin.
1435 1390 1536 1432 Ald.
1570 1391 1657 1434 Quo
1675 1390 1775 1432 Vat.
1799 1400 1862 1437 pr.
1883 1394 1927 1428 et
1946 1400 2032 1428 see.
2051 1387 2204 1428 Ambr.

368 1448 471 1480 tert.
520 1441 556 1485 Q
574 1441 745 1480 Tholos.
797 1442 912 1486 Quod
935 1442 1017 1480 dno
1045 1443 1168 1482 Vatt.
1192 1444 1285 1483 Pal.
1318 1444 1507 1482 Florent.
1543 1442 1630 1481 duo
1649 1441 1767 1480 Med.
1795 1441 1945 1479 Heius.
1967 1440 2025 1480 H.
2053 1447 2099 1479 et
2117 1441 2202 1481 inc.

366 1494 501 1545 ejusd.
531 1494 632 1532 Put.
668 1495 772 1545 Reg.
806 1494 890 1532 duo
921 1495 1072 1534 Petav.
1105 1496 1267 1534 Mor-et.
1290 1508 1350 1543 μν.
1383 1495 1525 1534 Oxou.
1554 1505 1620 1543 pr.
1654 1493 1739 1532 duo
1770 1493 1872 1533 Jun.
1902 1494 2011 1531 Exc.
2045 1494 2202 1533 Petav-

368 1553 508 1597 quart.
530 1547 631 1584 Var.
653 1547 739 1584 LL.
775 1558 798 1584 e
826 1558 957 1595 marg.
980 1546 1121 1583 Parm.
1169 1547 1280 1590 Quod
1304 1548 1370 1584 vel
1405 1547 1459 1586 Ut
1481 1546 1624 1586 Oxou.
1659 1558 1742 1585 sec.
1786 1545 1951 1596 trepidae
1981 1545 2083 1586 Jun.
2120 1558 2205 1586 sec.

365 1599 524 1637 strictos
550 1598 705 1636 Petav.
726 1610 790 1647 pr.
832 1610 1052 1648 pressosque
1074 1600 1179 1638 Exc.
1203 1601 1357 1638 Petav.
1379 1605 1518 1650 quart.
1558 1600 1778 1638 ostenderat
1799 1598 1884 1637 duo
1899 1599 2021 1638 Vatt.
2044 1600 2206 1640 Bonon.

366 1651 580 1690 ostenderis
613 1651 801 1688 chartac.
823 1650 975 1689 Heius.
1024 1654 1239 1690 ostenderet
1261 1653 1367 1702 Reg.
1397 1665 1453 1693 m.
1487 1664 1550 1702 pr.
1586 1652 1729 1691 Oxon.
1758 1663 1848 1691 see.
1880 1652 2034 1691 Petav.
2065 1664 2206 1693 sem-

367 1707 420 1743 32
436 1703 560 1750 ferox
578 1704 747 1743 Tholos.
767 1716 884 1755 ,puer
903 1703 1038 1743 riserit
1057 1717 1122 1744 ore
1144 1705 1238 1754 fero
1266 1706 1367 1746 Jun.
1390 1718 1454 1757 pr.
1486 1707 1612 1745 Voss.
1635 1717 1699 1756 pr.
1728 1705 1830 1744 Vat.
1853 1707 2102 1756 quarn—33
2130 1718 2208 1745 non

367 1757 552 1796 Dictaeas
571 1758 652 1796 inc.
679 1757 829 1796 Heius.
878 1769 996 1796 auras
1018 1770 1095 1808 pro
1128 1758 1242 1797 urbes
1265 1759 1376 1809 Reg.
1407 1772 1462 1798 m.
1494 1762 1672 1811 pr.--34
1701 1770 1774 1797 non
1805 1758 1944 1810 Stygii
1975 1758 2060 1797 duo
2086 1759 2209 1801 Vatt.

365 1810 462 1849 Pal.
492 1822 561 1848 noc
579 1810 682 1848 Pm.
703 1811 812 1859 Reg.
843 1811 1003 1850 Moret.
1025 1823 1092 1862 pr.
1127 1812 1229 1853 Jun.
1258 1825 1346 1851 sec.
1366 1813 1492 1852 Voss.
1514 1825 1580 1863 pr.
1610 1811 1751 1851 Oxou.
1773 1823 1859 1852 sec.
1876 1811 2028 1851 Ambr.
2051 1816 2208 1852 tert.—

367 1867 418 1902 35
451 1864 532 1902 Nec
554 1866 611 1902 leo
629 1863 729 1902 Vat.
747 1865 884 1915 quint.
912 1865 1235 1905 s-idereas...arces
1251 1866 1376 1905 Voss.
1393 1878 1460 1917 pr.
1476 1866 1503 1907 J
1511 1878 1579 1904 un.
1599 1877 1685 1905 sec.
1700 1865 1983 1905 Tholos.——36
2012 1865 2208 1916 Eryman-

370 1916 510 1955 theiin
539 1917 683 1956 Oxou.
705 1929 768 1969 pr.
794 1922 888 1956 erat
917 1918 1087 1957 Glossa.
1120 1920 1163 1957 in
1197 1930 1290 1960 1111.
1309 1920 1440 1959 Theb.
1479 1920 1587 1959 Stat.
1613 1922 1707 1958 297.
1737 1919 1749 1940 ‘
1768 1918 1987 1958 Herculeo
2008 1918 2207 1958 miseatos

371 1969 589 2026 [vulgatos]
617 1971 786 2010 nomine
818 1970 987 2023 [robore]
1025 1978 1191 2012 montes
1224 1971 1554 2014 Monstriferum
1581 1973 1876 2026 Erymanthon
1907 1977 1953 2012 et
1984 1972 2207 2014 aerisonam

1202 2095 1244 2135 N
1250 2095 1380 2135 OTAE

370 2184 482 2236 cale,
514 2184 665 2236 quibus
698 2186 890 2237 tyrannis
909 2188 1014 2227 nihil
1042 2193 1109 2227 est
1140 2200 1254 2227 mou-

372 2247 567 2286 strosius.

1375 2186 1613 2237 Rediturus]
1642 2185 1727 2226 Hic
1759 2186 1827 2225 leo
1861 2184 2077 2225 rediturus
2109 2189 2207 2226 erat

1322 2251 1376 2290 ad
1427 2251 1594 2299 coelum,
1637 2249 1736 2300 quia
1770 2260 1824 2287 ex
1861 2248 1969 2287 coelo
2007 2253 2202 2299 venerat,

423 2313 473 2348 31
498 2309 647 2359 Matri]
669 2310 872 2350 Herculis
892 2316 1031 2351 mater
1046 2317 1138 2351 erat
1152 2311 1254 2351 Alc-

368 2383 492 2411 mena
514 2384 620 2411 uxor
639 2371 983 2424 Amphitryonis.

425 2432 607 2484 Angues]
639 2435 755 2474 Quos
774 2435 889 2475 Juno
909 2447 1099 2475 noverca
1119 2437 1253 2476 immi·

370 2505 502 2551 serat,
533 2505 580 2538 ut
601 2499 837 2539 Herculem
868 2513 1048 2552 puerum
1080 2502 1257 2541 devora-

370 2569 492 2611 ren13
524 2562 598 2601 sed
625 2563 696 2601 ille
729 2563 805 2602 hos
826 2564 938 2604 elisit
965 2564 1191 2616 unguibus,
1212 2571 1258 2606 et

372 2625 558 2666 extinxit
579 2625 621 2663 in
637 2625 772 2666 cuuis.

426 2691 478 2728 33
508 2687 705 2739 Diccaeas]
749 2689 883 2727 Dicte
914 2693 979 2728 est
1014 2695 1259 2740 promonto-

373 2750 484 2791 rium
522 2752 693 2801 Cretae5
728 2750 826 2791 hinc
865 2752 1067 2803 Dictoeas,
1098 2752 1142 2792 id
1176 2759 1258 2806 est,

375 2813 610 2854 Cretensis.

427 2881 481 2917 34
499 2877 669 2928 Taurus]
690 2877 858 2917 Taurus
876 2872 1084 2918 immissus
1102 2892 1125 2918 a
1141 2880 1259 2932 Nep-

362 2943 500 2989 tuno,
531 2939 644 2991 quod
679 2939 820 2979 Minos
851 2952 948 2980 eum
979 2953 1065 2980 non
1099 2943 1258 2982 honore

374 3001 594 3054 praecipuo
608 3002 828 3042 coluisset.
851 3004 1103 3044 Cretensem
1117 3018 1265 3055 agrum

380 3063 601 3115 vastabat,
633 3064 709 3103 sed
744 3065 797 3104 ab
831 3066 1024 3106 Hercule
1060 3069 1263 3110 subactus

379 3131 465 3168 est.

432 3194 483 3230 35
530 3188 629 3240 Leo]
682 3190 840 3229 Vastus
878 3191 947 3231 hic
986 3198 1031 3233 et
1069 3194 1262 3235 immanis

374 3255 444 3294 leo
482 3252 750 3292 descendita
781 3253 906 3303 globo
927 3255 1063 3305 lunae3
1100 3257 1143 3296 in
1177 3270 1261 3310 qua

381 3329 520 3369 agros,
539 3317 696 3368 sylvas,
727 3320 772 3356 et
791 3316 956 3368 majora
983 3320 1180 3361 animalia
1198 3333 1262 3362 re-

381 3385 549 3437 ponunt
567 3379 858 3434 Pythagorici.

1322 2312 1489 2351 scilicet
1522 2310 1648 2361 globo
1698 2311 1838 2358 lunae3
1878 2315 1924 2349 et
1971 2321 2120 2349 revera
2150 2322 2206 2350 ex

1323 2373 1470 2415 Poetis
1494 2374 1656 2412 relatus
1685 2377 1754 2412 est
1769 2373 1884 2421 inter
1897 2376 2016 2412 astra
2030 2372 2099 2413 hic
2120 2373 2206 2424 leo,

1322 2438 1391 2477 vel
1422 2450 1447 2477 a
1479 2437 1652 2479 Junone
1683 2437 1896 2487 zelotypa,
1941 2435 2009 2475 vel
2045 2447 2071 2476 a
2094 2435 2208 2477 Jove

1324 2500 1368 2540 in
1391 2500 1572 2552 gratiam
1593 2499 1810 2551 Herculis,
1842 2498 1956 2552 quod
1976 2510 2103 2539 unum
2122 2497 2205 2539 fuit

1324 2561 1438 2603 inter
1461 2563 1553 2614 ejus
1573 2561 1820 2602 certamina.

1381 2629 1434 2665 36
1481 2622 1758 2676 Erymanthei]
1814 2623 2101 2673 Erymanthus
2137 2627 2205 2663 est

1327 2688 1548 2740 oppidum,
1582 2698 1717 2736 mons,
1735 2690 1780 2726 et
1808 2684 1963 2725 fluvius
1993 2684 2215 2737 Arcadiae,

1326 2751 1401 2790 ubi
1438 2749 1724 2789 ferocissimus
1759 2760 1864 2800 aper
1897 2753 2021 2788 natus
2054 2761 2107 2787 ex
2133 2760 2208 2789 sue

1325 2825 1400 2853 seu
1440 2810 1581 2852 scrofa
1617 2812 1764 2861 Pinea,
1814 2823 1908 2862 quae
1942 2816 1986 2850 et
2027 2810 2212 2861 Calydo-

1326 2876 1442 2915 nium
1479 2887 1626 2926 aprum
1645 2875 1760 2926 tulit,
1793 2886 1818 2913 a
1850 2874 2073 2925 Meleagro
2104 2873 2216 2914 occi-

1333 2951 1439 2978 sum.

1384 3001 1513 3052 Aper]
1543 3000 1871 3050 Erymantheum,
1893 3010 2019 3051 quem
2041 2998 2213 3041 nivibus

1330 3065 1594 3116 implicatum
1615 3062 1734 3113 cepit
1765 3062 1979 3100 Hercules
2012 3062 2106 3114 ejus
2126 3063 2214 3103 vim

1331 3133 1376 3168 et
1408 3127 1535 3166 robur
1567 3125 1750 3172 timens;
1779 3123 1878 3162 hinc
1913 3136 2011 3163 eum
2044 3124 2215 3176 imposi-

1328 3196 1418 3230 tum
1449 3189 1658 3238 Mycenas
1689 3186 1858 3236 detulit,
1888 3199 1985 3226 cum
2025 3188 2213 3227 omnium

1326 3257 1504 3293 terrore.
1565 3250 1632 3288 De
1654 3250 1735 3288 hoc
1764 3249 2021 3301 Polyaenus:
2054 3250 2075 3288 ὁ
2094 3248 2136 3289 δὲ
2153 3249 2221 3291 λί.
2246 3302 2249 3303 ⁷

1328 3321 1416 3356 θους
1449 3311 1622 3354 πολλοὺς
1654 3312 1798 3352 ἄνωθεν
1835 3310 2035 3358 ἐνέβαλεν·
2073 3313 2123 3353 ὥς
2165 3327 2213 3358 τ’(
2250 3310 2253 3311 ’

1328 3376 1543 3432 impleretis
1577 3377 1599 3417 ὁ
1637 3377 1705 3417 σῦς
1741 3373 1967 3430 ἐξάλλεται,
2001 3373 2068 3417 καὶ
2103 3376 2215 3428 Onne?
