2300 3906
310 304 321 311 ,
400 246 508 300 522
987 256 1079 294 GL.
1118 249 1470 291 cLAumANi
1512 250 1628 288 xx.

400 378 782 445 Infantumque
808 375 940 427 novi
966 373 1172 432 vultus,
1201 373 1257 421 et
1283 369 1509 431 dissona
1529 363 1721 434 barma·

401 462 625 515 Semina
648 479 660 513 t
699 466 812 512 tum
834 459 1082 526 lapidum
1109 457 1290 515 fletus,
1319 458 1673 518 armentaque
1700 448 1864 515 vulgo

401 546 562 600 Ausa
584 545 757 612 loqui,
782 544 1087 609 mediisque
1111 541 1238 592 serae
1266 556 1325 590 se
1350 538 1567 589 credere
1590 535 1779 586 muriS.

402 631 547 683 Tum
573 637 727 682 vates
753 630 868 680 sine
890 642 1036 678 more
1056 624 1195 691 rapi,
1218 623 1608 692 lymphataque
1634 619 1846 686 passim
2154 614 2228 666 45

404 717 643 769 Pectora
666 713 885 764 terrifici
914 711 1147 763 stimulis
1174 710 1447 775 ignescere
1474 705 1693 757 Phoebi.
1950 761 1957 763 ξ

407 800 520 851 Fac
545 799 727 850 nullos
749 797 1016 848 cecinisse
1045 795 1203 846 Deos
1226 810 1238 844 z
1279 792 1485 843 adeone
1511 789 1680 840 retusi
2097 783 2120 839 J
2142 811 2145 817 -
2176 792 2226 841 fu,

407 883 715 950 Quisquam
742 880 922 932 cordis
949 880 1069 941 erit,
1096 878 1307 929 dubitet
1332 876 1425 943 qui
1450 874 1697 941 partibus
1726 871 1834 922 illis

403 966 592 1018 Affore
616 965 838 1016 fatalem
864 963 1086 1014 castrati
1115 960 1371 1012 Consulis
1399 956 1601 1009 a'nnum
1619 957 1643 1006 ‘l
2175 1025 2179 1029 ᾗ

403 1049 514 1101 Sed
537 1065 703 1115 quam
729 1061 915 1097 caecus
939 1046 1083 1095 inest
1106 1043 1251 1094 vitiis
1279 1058 1429 1092 amor
1450 1041 1460 1091 !
1500 1055 1656 1090 omne
1679 1038 1917 1090 futurum
2157 1039 2229 1090 50

409 1132 746 1199 Despicitur,
775 1130 1114 1196 suadentque
1141 1129 1359 1179 brevem
1387 1125 1682 1192 praesentia
1706 1123 1960 1187 fructum,

407 1215 477 1267 Et
497 1216 603 1267 ruit
623 1215 678 1265 in
699 1216 925 1266 vetitum
951 1214 1134 1266 damni
1163 1227 1357 1264 secura
1381 1210 1554 1263 libido
1572 1226 1586 1275 ;

406 1382 638 1431 portentosa>
662 1378 871 1428 infantum,
903 1382 942 1418 et
963 1378 1090 1424 soetus
1120 1377 1329 1416 dissimiles
1358 1374 1578 1414 seminibus.
1638 1372 1735 1412 Tum
1756 1373 1939 1424 lacrymoe
1971 1383 2169 1422 saxorum,
2199 1374 2239 1422 et

405 1445 543 1484 pecora
577 1433 721 1483 passim
759 1445 852 1471 ausa
887 1433 1003 1483 loqui,
1052 1435 1089 1470 et
1128 1431 1263 1470 belluae
1300 1429 1462 1469 audent
1511 1427 1750 1467 committere
1793 1438 1833 1465 sc
1870 1425 2029 1464 urbibus
2071 1425 2238 1464 mediis.-

409 1490 494 1525 tum
523 1490 630 1525 vates
666 1486 795 1537 abripi
831 1490 1053 1536 coeperunt
1087 1484 1171 1524 sine
1206 1485 1396 1535 exemplo,
1430 1486 1469 1521 et
1501 1483 1618 1520 corda
1647 1479 1805 1528 furiosa
1840 1478 2008 1530 undique
2041 1479 2240 1517 ardescere

410 1545 635 1590 coeperunt
662 1538 833 1579 stimulis
869 1539 1063 1590 Apollinis
1106 1538 1317 1577 horribilis.
1396 1537 1570 1575 Concede
1609 1535 1731 1573 nullos
1757 1535 1862 1580 Deos
1889 1531 2148 1583 proedixisse:
2186 1540 2251 1570 an·

408 1592 551 1642 aliquis
578 1592 655 1632 erit
683 1593 805 1631 animi
837 1596 919 1631 tam
951 1591 1114 1641 hebetis,
1142 1592 1209 1640 qui
1243 1595 1340 1642 post
1363 1589 1489 1637 foetus
1521 1589 1607 1627 illos
1638 1591 1898 1626 monstrosos
1926 1586 2078 1624 dubitet
2097 1596 2242 1623 annum

414 1646 591 1685 Consulis
623 1646 784 1684 eunuchi
803 1645 895 1694 fore
920 1643 1158 1693 funestum?
1212 1645 1271 1683 At
1301 1655 1413 1694 quam
1432 1647 1598 1681 caecatus
1614 1644 1671 1680 est
1687 1652 1794 1678 amor
1815 1638 2077 1690 inpeccatis!
2094 1637 2242 1686 futura

410 1698 538 1737 omnia
556 1700 826 1750 negliguntur,
858 1703 896 1737 et
922 1699 1135 1749 proesentia
1164 1699 1370 1736 ostendunt
1395 1696 1632 1746 voluptatem
1663 1694 1863 1743 eaeiguam,
1896 1697 1934 1731 et
1954 1693 2149 1743 cupiditas
2166 1703 2244 1731 non

1176 1788 1320 1804 “CO'‘
1327 1787 1473 1801 '‘ffff‘st

411 1849 540 1890 Antv.
559 1850 660 1890 Jun.
682 1861 748 1900 pr.
797 1849 976 1888 Monstra
994 1849 1075 1889 inc.
1101 1848 1254 1887 Heins.
1282 1846 1434 1887 Ambr.
1457 1859 1544 1886 sec.
1573 1850 1797 1898 properant.
1830 1858 1924 1886 eum
1943 1844 2079 1898 τελείᾳ.
2094 1846 2245 1898 στιγμῇ
2283 1871 2287 1876 -

411 1903 510 1942 Ald.
530 1903 651 1942 nasci.
667 1915 760 1941 eum
779 1901 914 1953 τελείᾳ
927 1904 1075 1954 στιγμῇ
1094 1914 1240 1940 omnes
1260 1902 1382 1940 Vatt.
1398 1901 1525 1939 Farn.
1544 1900 1662 1940 Prie.
1683 1901 1875 1940 Florent.
1897 1906 1984 1940 tres
2000 1901 2121 1939 Med.
2141 1900 2244 1938 Put.

413 1957 697 2006 Reg.'1'huan.
730 1956 891 1996 Mazar.
926 1956 1030 1996 Put.
1060 1955 1228 1994 Tholos.
1250 1959 1338 1993 tres
1368 1954 1523 1993 Petav.
1545 1954 1652 1994 Exc.
1690 1955 1869 1993 Lueens.
1893 1966 1958 2005 pr.
1978 1954 2080 1993 Var.
2113 1954 2201 1993 LL.
2220 1964 2245 1991 e

413 2021 546 2059 marg.
579 2009 724 2048 Parm.
779 2012 872 2047 tunc
905 2010 1055 2048 decolor
1094 2007 1180 2047 duo
1210 2008 1329 2046 Vatt.
1368 2007 1495 2046 Farn.
1532 2008 1650 2048 Rott.
1685 2008 1846 2047 Moret.
1877 2019 1943 2058 pr.
1976 2006 2127 2046 Ambr.
2159 2018 2248 2046 sec.

416 2062 620 2101 Heinsius
641 2062 805 2100 discolor
821 2062 996 2113 conjicit
1015 2062 1043 2101 i.
1064 2074 1096 2100 e.
1128 2061 1484 2110 sanguineus—42
1512 2061 1667 2100 dissona
1686 2061 1796 2101 cultu
1811 2061 1930 2101 Med.
1948 2063 2160 2100 ’ωτι-43
2189 2060 2248 2100 la-

411 2115 517 2166 pidis
535 2116 698 2155 Moret.
732 2126 816 2155 see.
859 2118 951 2154 tunc
970 2115 1144 2166 lapidum
1163 2114 1248 2154 duo
1265 2115 1388 2153 Vatt.
1416 2115 1544 2153 Farn.
1576 2115 1697 2154 Rott.
1717 2115 1877 2155 Moret.
1898 2126 1963 2166 pr.
1995 2114 2143 2154 Ambr.
2162 2125 2248 2155 see.

403 2170 559 2220 fluctus
587 2169 656 2207 vel
673 2168 800 2219 fletus
834 2169 1153 2219 Leid.-pr.—45
1188 2168 1295 2207 Tunc
1321 2171 1426 2206 vates
1444 2169 1546 2207 Vat.
1581 2180 1646 2219 pr.
1676 2169 1803 2208 Farn.
1838 2170 1958 2208 Rott.
1990 2169 2149 2208 Moret.
2182 2179 2250 2219 pr.

417 2223 580 2262 Mazar.
602 2221 723 2262 Med.
745 2228 887 2273 quart.
924 2222 1022 2261 Tum
1041 2221 1110 2260 ed.
1130 2221 1274 2261 Vicet.
1319 2222 1403 2260 sine
1421 2221 1504 2271 lege
1525 2221 1644 2261 Med.
1669 2227 1771 2261 tert.
1813 2224 1898 2271 lege
1917 2222 1987 2261 vel
2015 2233 2120 2262 more
2140 2222 2249 2272 Reg.

416 2279 562 2315 semota
575 2275 676 2326 loqui
697 2276 764 2314 vel
784 2276 868 2315 sine
886 2288 990 2316 more
1009 2275 1100 2326 rapi
1121 2275 1239 2315 Med.
1259 2287 1342 2314 sec.
1381 2275 1508 2325 passis
1527 2275 1610 2313 ine.
1633 2275 1890 2314 Heius—46
1918 2275 2103 2328 terrificis
2130 2275 2251 2314 Med.

418 2334 559 2381 quart.
579 2329 681 2369 Jun.
714 2341 780 2380 pr.
801 2330 903 2375 Var.
926 2330 1015 2368 LL.
1034 2328 1101 2367 ed.
1130 2327 1265 2368 Antv.
1298 2328 1475 2380 ‘sacrifici
1506 2329 1611 2368 Exe.
1631 2328 1756 2368 Laeti.
1784 2328 1952 2380 terrifici
1975 2328 2062 2368 duo
2096 2327 2248 2368 Leidd.

418 2388 463 2421 et
483 2382 666 2434 plurima
686 2394 785 2433 pars
807 2382 944 2421 Codd.
967 2383 1074 2422 Exc.
1104 2381 1285 2422 Gevart.
1314 2383 1496 2422 Lucens.
1528 2393 1616 2421 sec.
1650 2381 1807 2421 Sched.
1842 2382 1958 2421 Gna.
1977 2383 2080 2421 Var.
2109 2382 2195 2422 LL.
2226 2392 2253 2420 e

418 2447 554 2486 marg.
574 2435 718 2475 Parm.
736 2436 884 2475 Valer.
907 2437 1048 2476 Flacc.
1067 2436 1096 2475 l.
1116 2446 1147 2475 1.
1168 2448 1232 2475 vs.
1249 2439 1317 2475 29.
1347 2438 1358 2457 ‘
1378 2435 1676 2487 pecudumque
1694 2448 1771 2487 per
1789 2447 1882 2474 aras
1902 2434 2097 2475 Terrifiei
2116 2434 2253 2474 moni-

418 2494 488 2527 tus
522 2488 712 2527 iterant?
757 2487 914 2541 facifici
945 2489 1014 2528 ed.
1046 2489 1193 2530 Vicet.
1239 2489 1392 2541 satifici
1424 2489 1678 2529 Parm.—47
1714 2489 1899 2529 recinisse
1929 2489 2025 2528 Pal.
2069 2489 2254 2528 recidisse

418 2543 521 2580 Var.
542 2541 628 2580 LL.
650 2541 718 2580 ed.
739 2541 873 2581 Antv.
919 2542 1045 2581 retusi
1077 2542 1161 2581 ine.
1196 2543 1345 2583 Heius.
1386 2543 1492 2583 Exc.
1525 2543 1707 2582 Lucens.
1742 2554 1829 2582 sec.
1872 2543 1997 2581 recusi
2030 2542 2153 2582 Leid.
2188 2553 2252 2593 pr.

422 2594 558 2633 Oisel.
587 2594 741 2632 remissi
762 2595 922 2633 Moret.
952 2607 1020 2647 pr.
1062 2595 1208 2634 retrusi
1227 2597 1327 2635 Vat.
1359 2601 1461 2635 tert.
1493 2596 1681 2635 Florent.
1701 2596 1786 2635 duo
1806 2596 2034 2635 Med.—48
2066 2595 2256 2646 Quisquis

421 2647 549 2685 Farn.
587 2651 672 2685 erat
693 2647 854 2686 Moret.
875 2659 943 2696 pr.
985 2648 1060 2686 erit
1081 2649 1149 2686 vel
1167 2652 1252 2687 erat
1273 2649 1379 2700 Reg.
1417 2648 1573 2688 dubitat
1594 2648 1735 2688 Oxou.
1756 2661 1819 2701 pr.
1857 2650 2010 2687 dubitet
2028 2649 2114 2699 quis
2133 2650 2255 2689 Rott.

422 2698 535 2739 unde
555 2699 648 2749 quin
668 2700 751 2749 leg.
768 2699 920 2739 Heius.
948 2711 996 2738 ne
1013 2700 1113 2739 Jun.
1128 2704 1301 2751 plu—49
1328 2702 1518 2740 constrati
1535 2702 1698 2740 Thuan.
1727 2702 1890 2740 castrati
1900 2700 2072 2749 fatalem
2091 2702 2255 2742 Mazar.

421 2756 530 2791 —60
558 2751 637 2791 Sed
653 2754 744 2802 quia
765 2751 900 2791 Oisel.
917 2752 984 2791 ed.
1004 2753 1147 2791 Vicet.
1166 2753 1268 2792 Var.
1285 2754 1374 2793 LL.
1394 2766 1417 2792 e
1438 2765 1571 2803 marg.
1592 2753 1842 2793 Parm.—5l
1874 2754 2100 2804 Respicitur
2127 2755 2249 2796 Leid.

425 2817 509 2845 sec.
529 2817 586 2844 m.
620 2817 685 2856 pr.
707 2806 812 2844 Exc.
832 2805 1012 2845 Gevart.
1051 2806 1250 2856 praesagia
1280 2806 1379 2845 Pat.
1405 2818 1459 2845 m.
1480 2818 1564 2845 see.
1606 2806 1804 2856 praesagia
1822 2807 1891 2845 vel
1922 2806 2123 2858 suffragia
2150 2809 2254 2849 Put.

419 2859 633 2911 praesenlia
652 2859 718 2898 vel
736 2859 932 2909 praesagia
952 2859 1047 2898 Vat.
1067 2871 1134 2910 pr.
1152 2865 1197 2898 et
1225 2865 1327 2899 tert.
1355 2858 1483 2912 finem
1500 2860 1662 2900 Moret.
1685 2863 1858 2911 pr.-52
1888 2861 2018 2900 Irruit
2036 2861 2142 2902 Var.
2163 2862 2255 2903 LL.

1244 2965 1422 3007 NOTAE

426 3051 585 3105 capnt!
638 3052 710 3092 Sic
739 3051 1004 3092 imminentia
1032 3052 1164 3105 Reip.
1195 3052 1307 3093 mala
1371 3052 1561 3092 homines
1606 3052 1651 3092 in
1697 3053 1887 3094 amandis
1930 3054 2074 3095 vitiis!
2146 3054 2259 3097 Haee

425 3127 513 3155 una
530 3114 673 3166 aliqua
691 3114 926 3154 victimase
945 3115 1157 3155 redimere
1176 3121 1306 3168 atque
1375 3121 1532 3166 amant,
1576 3116 1667 3155 haec
1704 3115 1867 3167 fovent,
1911 3124 1957 3158 et
1991 3117 2120 3158 modo
2159 3130 2258 3170 spes

424 3181 620 3218 avertere
640 3189 766 3228 posse
787 3177 1011 3228 putabant.
1376 3180 1599 3230 praesentis
1618 3179 1798 3232 alicujus
1819 3181 2017 3220 utilitatis
2036 3180 2258 3234 affulgeat,

480 3242 534 3279 45
565 3239 662 3279 Sine
678 3239 803 3290 more]
841 3240 942 3281 Sine
961 3243 1177 3294 exemplo,
1196 3255 1308 3294 prae-
1375 3243 1520 3283 futura
1541 3243 1680 3283 omnia
1703 3244 1816 3283 mala
1830 3244 2088 3296 despiciunt.

427 3308 496 3343 ter
514 3309 635 3343 usum
650 3313 928 3344 communem.
970 3305 1200 3356 Virgilius:
1219 3308 1232 3329 ‘
1251 3307 1308 3346 Et
1426 3314 1479 3350 52
1510 3311 1664 3349 Damni
1682 3309 1837 3361 secura]
1884 3310 2119 3362 Virgilius:
2149 3311 2163 3334 ‘
2182 3311 2261 3352 Se-

430 3370 579 3417 raptas
597 3365 687 3404 sine
705 3377 824 3405 more
844 3366 1049 3407 Sabinas!
1374 3385 1502 3413 curus
1519 3385 1710 3412 amorum
1731 3373 1990 3424 Germanae,’
2011 3377 2094 3413 ὅτε.

482 3431 536 3468 60
567 3426 696 3474 Quam
721 3429 861 3481 σαι-ιω]
904 3429 1042 3471 Quam
1070 3431 1176 3471 caeci
1209 3436 1310 3473 sunt
1430 3435 1591 3490 Libido]
1619 3436 1846 3489 Cupiditas
1863 3436 2078 3478 hominum
2095 3441 2261 3479 caecata
