2300 3906
416 256 522 312 514
979 267 1071 306 GL.
1112 260 1463 304 eLAnmANt
1506 262 1648 302 xlx.

416 389 507 444 An
528 388 760 442 fortasse
785 392 933 441 toros
957 383 1189 437 eunuchi
1215 383 1474 452 pauperis
1500 381 1636 445 odit,
1658 401 1662 405 ·

487 474 559 526 Et
580 479 634 526 te
659 490 796 525 nunc
821 474 1038 539 inopem
1063 469 1220 521 dives
1247 483 1430 519 amare
1454 471 1616 533 negat
1631 467 1656 517 't

416 559 661 612 Eunuchi
677 558 929 625 jugulum
954 555 1159 623 primus
1184 553 1430 604 secuisse
1453 551 1671 603 fateris:
2156 550 2228 600 45

488 643 597 695 Sed
624 648 799 694 tamen
824 640 1082 707 exemplo
1104 655 1213 690 non
1239 637 1427 689 feriere
1452 640 1568 688 tuo.

415 726 560 780 Vive
588 726 762 794 pudor
783 725 931 777 fatis.
1004 724 1091 776 En
1111 740 1275 793 quem
1298 727 1559 774 tremuere
1582 723 1665 773 tot
1687 718 1878 771 urbes!

490 812 575 863 En
602 811 758 879 cujus
783 809 976 877 populi
1001 809 1304 860 sustinuere
1322 800 1547 875 jugum‘!

418 896 676 963 Direptas
702 893 836 961 quid
861 893 1078 960 plangis
1104 908 1258 959 opeS‚
1299 907 1439 959 quas
1461 895 1625 942 natus
1648 888 1909 940 habebit?

490 979 618 1031 Non
644 978 800 1029 aliter
824 981 1045 1043 poteras
1071 974 1355 1041 Principis
1381 990 1502 1025 esse
1523 977 1694 1040 pater.
2164 970 2262 1022 50·

416 1063 690 1129 Improbe,
718 1061 848 1128 quid
874 1059 1062 1127 pulsas
1085 1058 1441 1110 muliebribus
1468 1061 1616 1109 astra
1641 1056 1898 1124 quereliS,

488 1145 651 1208 Quod
678 1144 774 1195 tibi
798 1144 901 1195 sub
925 1141 1097 1210 Cypri
1115 1143 1292 1194 littore
1317 1146 1480 1210 parta
1503 1142 1700 1210 quies?

418 1230 614 1281 Omnia
636 1227 923 1281 barbarico
949 1243 1048 1294 per
1073 1231 1124 1278 te
1149 1242 1422 1278 concussa
1447 1225 1702 1277 tumultu.

489 1313 662 1365 Crede
686 1312 836 1375 mihi,
877 1316 1015 1363 terra
1038 1312 1209 1363 tutius
1235 1326 1426 1378 aequor
1449 1314 1582 1362 erat.

417 1468 521 1494 mare
540 1452 732 1504 longum?
787 1455 852 1493 An
880 1452 991 1502 sorte
1009 1453 1092 1492 odit
1126 1453 1336 1493 thalamum
1355 1453 1520 1494 eunuchi
1539 1452 1666 1503 egeni,
1694 1451 1788 1502 ipsa
1818 1451 1994 1502 locuples,
2029 1455 2066 1490 et
2085 1455 2236 1491 recusat

415 1522 515 1547 nunc
530 1508 693 1558 diligere
710 1511 749 1546 te
768 1505 976 1557 egentem?
1001 1507 1085 1554 Tu,
1113 1518 1137 1546 o
1160 1507 1352 1558 Eutropi,
1370 1506 1565 1558 confiteris
1581 1507 1750 1556 primum
1772 1510 1814 1544 te
1835 1509 2053 1556 amputasse
2071 1505 2239 1544 cervices

416 1562 598 1611 eunucho,
632 1565 806 1600 attamen
834 1573 908 1599 non
943 1560 1175 1610 percutieris
1206 1563 1378 1611 exemplo
1409 1565 1488 1600 tuo.
1551 1560 1648 1599 Vive
1666 1558 1883 1609 ignominia
1908 1558 2105 1607 fatorum.
2135 1558 2238 1597 Ecce

418 1615 516 1663 iste,
536 1627 642 1665 quem
675 1618 732 1652 tot
764 1614 876 1653 urbes
907 1612 1148 1653 timuerunt!
1204 1615 1305 1653 Ecce
1322 1615 1416 1663 iste,
1433 1614 1540 1663 cujus
1556 1613 1781 1652 servitutem
1802 1616 1859 1650 tat
1874 1616 2013 1661 gentes
2030 1612 2201 1650 tulerunt
2218 1610 2237 1649 !

419 1668 550 1710 Quare
569 1667 649 1717 fles
664 1666 825 1705 divitias
844 1673 935 1705 tuas
948 1668 1166 1716 populatae,
1183 1680 1277 1718 quas
1296 1667 1410 1720 filius
1430 1673 1524 1705 tuus
1542 1662 1785 1716 possidebit?
1845 1666 1932 1704 Non
1949 1670 2103 1715 poteras
2120 1665 2239 1703 aliter

414 1733 492 1759 esse
505 1724 618 1771 pater
638 1720 902 1770 Imperatoris.
957 1719 1165 1764 Scelerate,
1200 1733 1317 1771 quare
1338 1719 1444 1768 feris
1461 1720 1589 1758 sidera
1606 1719 1802 1770 questibus
1818 1717 2032 1766 foemineis‚
2060 1720 2159 1768 quod
2178 1729 2240 1756 re-

414 1774 520 1823 quies
536 1777 676 1823 parata
695 1779 759 1811 est
781 1773 854 1810 tibi
868 1772 936 1811 sub
955 1784 1022 1810 ora
1042 1771 1197 1823 Cypri?
1247 1773 1390 1812 Omnia
1419 1771 1653 1820 labefactata
1690 1778 1790 1810 sunt
1812 1783 1885 1821 per
1916 1775 1955 1809 te
1973 1770 2082 1810 bellis
2100 1770 2239 1810 barba-

412 1839 557 1866 rorum.
598 1826 721 1864 Crede
739 1826 851 1876 mihi,
864 1837 970 1864 mare
987 1825 1155 1864 securius
1173 1829 1257 1864 erat
1277 1826 1372 1876 tibi,
1390 1837 1514 1877 quam
1535 1829 1656 1865 terra.
1695 1826 1789 1864 Jam
1808 1837 1885 1864 non
1898 1825 2081 1875 pert-elles
2097 1824 2238 1864 Arme-

1175 1917 1468 1932 aeaeaeaeaeaeaeaeaeaeaeae

415 1985 493 2023 pro
521 1973 676 2021 longum
695 1970 868 2010 Tholos.
896 1974 983 2009 tuta
1000 1983 1123 2010 comes
1136 1971 1405 2010 Thuan.—-43
1434 1970 1490 2010 At
1511 1970 1628 2010 Med.
1645 1983 1730 2012 sec.
1757 1971 1891 2010 choros
1910 1968 2030 2010 Leid.
2046 1982 2111 2021 pr.
2133 1970 2161 2011 J
2166 1983 2237 2012 un.

418 2038 479 2075 pr.
498 2026 656 2063 Thuan.
677 2022 822 2063 Ambr.
841 2028 1031 2063 sem—44
1058 2028 1165 2063 vetat
1180 2023 1297 2063 Med.
1324 2035 1409 2063 sec.
1427 2023 1543 2074 fugit
1562 2025 1720 2065 Movet.
1740 2027 1930 2065 sem—45
1959 2023 2238 2075 primusjugu-

415 2080 494 2117 lum
511 2079 609 2116 Vat.
630 2077 763 2116 Livin.
784 2076 881 2116 Ald.
909 2077 1048 2127 primis
1060 2079 1162 2117 Var.
1177 2079 1261 2117 LL.
1282 2077 1350 2116 ed.
1371 2075 1503 2118 Antv.
1523 2077 1673 2126 fateris
1689 2078 1754 2117 vel
1766 2078 1945 2128 probaris
1959 2077 2075 2122 Med.
2096 2090 2239 2117 sem-

415 2135 468 2170 46
482 2144 562 2170 meo
585 2131 681 2171 Vat.
698 2133 868 2182 pr.-48
886 2132 950 2169 En
967 2132 1078 2180 cujus
1096 2132 1200 2171 Exc.
1216 2132 1395 2170 Lucens.
1411 2143 1475 2182 pr.
1499 2132 1555 2171 Et
1573 2131 1679 2180 cujus
1693 2131 1812 2171 Leid.
1829 2144 1913 2171 sec.
1944 2131 2154 2170 Eunuchus
2169 2131 2237 2172 ed.

416 2184 555 2223 Vicet.
578 2184 697 2233 Cujus
711 2187 769 2223 tot
785 2196 915 2234 marg.
932 2183 1089 2232 Isingtu
1114 2185 1297 2235 populum
1307 2184 1335 2226 J
1341 2196 1407 2223 un.
1423 2188 1595 2235 piu—49
1607 2185 1777 2236 Areptas
1795 2185 1822 2226 J
1828 2198 1895 2225 un.
1914 2197 1976 2236 pr.
2003 2197 2071 2223 cur·
2080 2185 2238 2236 plangis

415 2237 513 2276 Pat.
530 2236 675 2276 Ambr.
694 2249 756 2288 pr.
779 2238 873 2287 quid
892 2242 1006 2277 natus
1028 2239 1132 2278 Exc.
1154 2238 1385 2277 Laeti.—-5o
1406 2238 1549 2288 poteris
1560 2239 1660 2279 Jun.
1686 2251 1748 2288 pr.
1770 2238 1917 2278 Ambr.
1932 2250 1995 2289 pr.
2014 2239 2237 2278 Tholos.--

415 2294 467 2330 52
499 2291 626 2335 Quam
644 2290 743 2331 Jun.
764 2302 826 2340 pr.
858 2291 971 2335 Quod
989 2292 1093 2331 Vat.
1114 2297 1216 2331 tert.
1240 2292 1423 2331 movent.
1445 2291 1529 2331 duo
1549 2292 1665 2332 Med.
1686 2293 1960 2343 Reg.'rhnan.
1975 2292 2136 2331 Mazar.
2151 2291 2236 2331 duo

414 2343 561 2383 Ambr.
582 2348 667 2382 tres
686 2344 838 2383 Petav.
857 2345 1023 2384 Tholos.
1044 2346 1145 2384 Lov.
1168 2345 1326 2384 Moret.
1346 2356 1430 2384 see.
1450 2345 1532 2385 inc.
1561 2345 1713 2386 Heins.
1734 2347 1838 2385 Exc.
1853 2346 2033 2386 Gevart.
2055 2346 2236 2386 Lucens.

415 2409 478 2446 pr.
508 2396 575 2436 ed.
604 2397 746 2436 Parm.
774 2403 818 2435 et
835 2398 977 2437 Vicet.
1034 2399 1091 2437 Et
1111 2398 1230 2438 Leid.
1260 2410 1324 2450 pr.
1357 2398 1454 2443 Quae
1473 2399 1588 2439 Rott.
1610 2399 1728 2439 Med.
1752 2404 1850 2439 tert.
1882 2399 1988 2444 Quia
2007 2399 2092 2438 duo
2111 2400 2237 2439 Vatt.

414 2449 507 2488 Pal.
526 2450 651 2488 Farn.
670 2449 785 2489 Prie.
802 2450 885 2489 duo
903 2451 1045 2491 Oxon.
1065 2451 1164 2490 Ald.
1186 2451 1323 2490 Pulm.
1342 2457 1387 2491 et
1405 2452 1457 2491 al.
1478 2452 1580 2492 edit.
1608 2453 1684 2492 sibi
1700 2453 1851 2503 Isingr.
1873 2452 2036 2504 Gryph.
2065 2456 2151 2492 tuta
2169 2453 2238 2491 vel

408 2506 527 2552 parta
558 2502 674 2541 Med.
709 2507 900 2541 see—53
929 2516 1101 2543 concessa
1133 2504 1268 2544 Oisel.
1295 2503 1452 2553 confusa
1480 2506 1604 2545 Farn.
1629 2519 1810 2557 percussa
1835 2506 1958 2545 Med.
1986 2518 2052 2557 pr.
2073 2507 2233 2545 Mox-et.

411 2559 606 2594 sem—54
637 2555 759 2594 Crede
773 2559 899 2594 tamen
911 2556 1072 2596 Tlnmn.
1101 2561 1209 2596 terra
1227 2558 1326 2597 Vat.
1342 2570 1406 2608 pr.
1421 2559 1561 2598 Oxon.
1577 2572 1641 2611 pr.
1660 2561 1761 2599 Vat.
1779 2559 1915 2598 Livin.
1944 2563 2030 2599 erat
2044 2560 2236 2599 Florent.

414 2607 499 2646 duo
531 2607 679 2648 Leidd.
709 2614 755 2646 et
782 2608 897 2647 Med.
924 2610 1089 2649 Bonon.
1123 2610 1223 2648 Par.
1243 2611 1411 2649 Tholos.
1433 2612 1538 2650 Lov.
1560 2626 1614 2652 m.
1642 2625 1704 2663 pr.
1726 2611 1867 2651 Oxon.
1889 2624 1951 2662 pr.
1971 2613 2072 2652 Vat.
2092 2612 2236 2653 Livim

415 2661 519 2701 Exc.
540 2660 714 2701 Gevart.
743 2661 819 2700 erit
840 2662 942 2701 Vat.
963 2674 1046 2702 sec.
1067 2664 1162 2702 Pal.
1189 2664 1316 2702 Fam.
1351 2663 1452 2704 Put.
1484 2667 1592 2717 Reg.
1612 2666 1775 2706 Mazar.
1798 2670 1884 2705 tres
1906 2665 2059 2706 Petav.
2079 2664 2235 2707 Alci.—

1226 2768 1402 2809 NOTAE

465 2837 518 2874 46
548 2833 814 2885 Nonferlere]
872 2836 981 2876 Nam
1010 2836 1095 2876 vita
1115 2837 1192 2876 tibi
1223 2850 1287 2876 re·
1352 2838 1419 2877 lut
1448 2850 1582 2878 novus
1616 2839 1751 2878 haeres
1772 2844 1816 2879 et
1848 2838 1971 2879 filius.
2027 2839 2233 2879 Ceterum

412 2896 646 2948 linquetur,
674 2899 686 2919 ⁴
706 2898 909 2938 Praebeat
943 2905 990 2939 ut
1016 2911 1181 2939 sensnm
1203 2913 1286 2940 ma-
1352 2901 1514 2953 exules,
1549 2907 1595 2941 et
1631 2902 1807 2954 capitali
1836 2903 2002 2955 judicio
2023 2903 2236 2955 damnati,

413 2958 647 3009 teriemque
668 2961 815 3001 malis.'
874 2961 1070 3003 Ovidius.
1353 2962 1464 3003 bona
1493 2964 1765 3005 amittebant.

465 3024 516 3060 47
569 3021 665 3061 Vive
693 3023 836 3074 pudor]
904 3025 1044 3064 Etiam
1085 3025 1172 3065 vita
1207 3026 1285 3065 tibi
1405 3031 1455 3066 51
1487 3027 1940 3081 Muliebribusquerelis]
1996 3028 2232 3069 Instarfoe-

412 3084 674 3123 concedetur
695 3085 747 3124 ad
778 3092 821 3125 te
843 3088 1140 3144 torquendum,
1167 3095 1212 3128 et
1231 3088 1286 3128 ad
1353 3090 1575 3130 minarum.

412 3144 492 3186 fati
512 3147 731 3197 pudorem.
1406 3159 1458 3195 62
1490 3156 1632 3208 Cypri]
1685 3156 1816 3196 Sacra
1836 3155 1997 3195 Veneri
2015 3162 2079 3195 est
2094 3155 2232 3196 insula

463 3211 518 3247 49
547 3209 695 3260 Natus]
749 3211 927 3251 Patricii
944 3213 1199 3254 dicebantur
1212 3228 1285 3267 pa·
1354 3217 1546 3269 Cypros:
1577 3223 1622 3257 et
1654 3218 1749 3257 ideo
1772 3217 1872 3269 jure
1905 3218 2028 3257 homo
2054 3216 2230 3258 effoemi-

411 3274 500 3310 tres
522 3270 812 3333 Imperatoris.
868 3275 981 3315 Hinc
1014 3277 1163 3319 irridet
1200 3280 1284 3319 Eu·
1351 3285 1474 3319 natus
1491 3280 1532 3318 in
1554 3280 1661 3320 hanc
1680 3280 1859 3318 insulam
1879 3280 2076 3320 mittitur.

411 3333 595 3384 tropium
619 3336 857 3387 patricium,
886 3340 1006 3389 cujus
1033 3352 1135 3391 opes
1155 3343 1283 3393 possi·
1403 3347 1455 3383 53
1485 3343 1704 3383 Barbarica
1721 3343 1908 3393 tumultu]
1965 3342 2004 3382 A
2024 3343 2227 3386 Barbaria

411 3394 487 3434 det
514 3395 766 3448 Imperator,
783 3411 908 3450 quem
928 3406 1051 3441 vocat
1084 3404 1283 3455 Eutropii
1350 3418 1429 3458 per
1443 3411 1486 3446 te
1504 3405 1671 3456 accitis,
1700 3405 1811 3445 bello
1827 3405 2033 3446 excitato.

410 3456 556 3509 filium,
575 3459 684 3512 quod
712 3460 804 3512 ejus
839 3462 958 3503 bonis
989 3466 1192 3507 succedat
1211 3479 1282 3507 ve-
