2300 3906
344 192 452 246 586
915 202 1011 239 οι..
1051 194 1405 237 οιΑυοιΑΝι
1449 193 1589 231 xm.

349 323 511 376 Felix
535 321 739 375 arbitrii
761 318 1047 382 PrincepS,
1076 313 1171 380 qui
1199 326 1445 376 congrua
1468 309 1674 361 mundo

340 407 593 469 Judicat‚
620 411 674 457 et
697 405 902 471 primus
928 402 1130 458 censet,
1158 395 1307 464 quod
1330 394 1606 445 cernimus
1631 409 1834 445 omnes,
2101 381 2192 443 90·

351 491 549 544 Talem
576 490 784 557 quippe
810 485 986 536 virum
1011 481 1154 533 natis
1183 479 1438 547 adjunxit
1462 483 1520 528 et
1546 478 1709 541 aulae,

353 573 460 626 Cui
484 589 657 640 neque
683 569 929 622 luxuries
953 566 1118 626 bello,
1145 579 1244 614 nec
1267 560 1476 613 blanda
1500 560 1726 627 periclis

356 656 504 719 Otia,
531 672 631 707 nec
658 655 802 705 lucis
829 653 1040 704 fructus
1068 647 1357 716 pretiosior
1382 660 1621 712 unquam

354 739 546 793 Laude
573 739 694 790 fuit.
770 736 916 800 Quis
941 735 1086 786 enim
1113 731 1289 784 Visos
1313 732 1371 782 in
1397 729 1652 797 plaustra
1675 726 1894 778 feroces

357 822 603 890 Repulit,
631 827 729 872 aut
752 835 907 871 saeva
932 815 1184 869 Promoti
1210 815 1368 866 caede
1394 816 1668 866 tumentes
2110 807 2186 861 95

358 906 656 957 Bastarnas
678 919 791 954 una
815 901 998 968 potuit
1023 900 1209 950 delere
1234 899 1394 949 ruina
1411 898 1435 947 Ἰ

358 1067 482 1109 Asiae.
538 1067 726 1117 Princeps
735 1066 964 1115 fortunatus
990 1071 1057 1106 est
1074 1079 1141 1106 suo
1159 1068 1323 1115 delectu,
1357 1066 1423 1117 qui
1446 1065 1644 1118 princeps
1676 1063 1853 1114 providet
1872 1059 1985 1114 quod
2006 1063 2072 1099 est
2091 1057 2191 1098 utile

364 1120 478 1169 Orbi,
507 1124 545 1158 et
573 1122 684 1170 prior
703 1121 821 1170 videt,
851 1122 949 1171 quod
968 1132 1044 1158 nos
1064 1133 1193 1159 omnes
1213 1120 1396 1159 videmus.
1454 1119 1616 1158 Etenim
1633 1116 1850 1162 advocavit,
1880 1119 1920 1154 et
1943 1125 2014 1164 pro
2028 1111 2125 1164 filia
2153 1115 2193 1150 et
2259 1159 2264 1169 Ι

357 1186 429 1225 pro
453 1172 577 1222 Regia
604 1174 719 1211 talem
749 1175 898 1223 ducem,
931 1174 993 1212 cui
1010 1186 1079 1212 nec
1106 1175 1224 1212 luxus
1244 1173 1283 1211 in
1304 1173 1414 1222 bello,
1442 1185 1510 1211 nec
1529 1171 1656 1211 dulcis
1673 1170 1781 1222 quies
1812 1169 1856 1207 in
1888 1163 2194 1212 discriminibus,
2264 1158 2280 1173 '¹

362 1239 431 1265 nec
461 1238 578 1265 usura
606 1226 699 1264 vitoe
721 1226 810 1272 fuit
842 1239 1008 1276 unquam
1041 1227 1184 1276 carior,
1215 1239 1340 1278 quam
1368 1226 1498 1275 gloria
1530 1225 1637 1275 ipsa.
1710 1224 1816 1262 Nam
1850 1222 1979 1272 ecquis
2005 1218 2195 1258 excitavit

366 1279 505 1330 Mysos
534 1280 696 1317 audaces
725 1279 767 1317 in
793 1280 974 1330 plaustra
1003 1279 1231 1327 Getarum,
1266 1280 1327 1319 vel
1355 1279 1482 1330 potuit
1502 1278 1724 1318 exscindere
1741 1288 1819 1315 una
1836 1275 1943 1314 clade
1977 1274 2198 1312 Bastarnas

364 1335 565 1381 turgentes
583 1332 730 1371 crudeli
744 1335 879 1381 strage
900 1332 1078 1372 Promoti
1098 1332 1244 1372 ducis?
1301 1333 1446 1372 AEneas
1463 1331 1677 1372 vindicavit
1696 1334 1859 1370 mortem
1880 1325 2078 1367 Pallantis
2094 1335 2197 1377 mor·

1125 1444 1196 1463 ‘ee
1202 1448 1316 1463 θ’θ’,
1322 1448 1419 1463 eece

369 1524 541 1565 Tholos.
569 1526 717 1563 lavaret
736 1524 856 1564 Med.
879 1529 1125 1578 quart—90
1155 1525 1312 1564 Iudicat
1331 1525 1426 1564 Pal.
1444 1524 1632 1563 Florent.
1651 1523 1735 1562 duo
1763 1520 1883 1560 Med.
1900 1520 2061 1559 Thuan.
2081 1515 2204 1556 Leid.

371 1590 438 1628 pr.
457 1577 597 1618 Oxon.
630 1590 715 1616 sec.
738 1578 894 1618 PetaV.
914 1582 1017 1617 tert.
1037 1578 1138 1617 Lov.
1160 1578 1258 1617 Pat.
1291 1578 1396 1619 Exc.
1426 1576 1535 1616 Laeti
1553 1582 1599 1615 et
1619 1576 1799 1615 Gevart.
1833 1573 1905 1612 ed.
1923 1572 2067 1611 Vicet.
2101 1568 2203 1609 Ald.

370 1632 472 1670 Var.
502 1631 589 1669 LL.
620 1629 691 1669 ed.
712 1629 843 1670 Antv.
888 1630 1055 1669 dudit-at
1081 1631 1149 1669 vel
1170 1628 1327 1669 Indicat
1348 1631 1453 1680 Reg.
1477 1629 1619 1669 Oxou.
1641 1640 1708 1679 ρι’.
1755 1627 1875 1666 sensit
1891 1625 2044 1677 primus
2060 1623 2204 1664 Oxon.

371 1695 438 1734 pr.
460 1683 619 1722 Moret.
641 1694 725 1722 sec.
752 1683 903 1733 primus
923 1688 1046 1722 censet
1067 1682 1210 1722 Oxon.
1230 1695 1314 1722 sec.
1356 1686 1482 1722 censet
1500 1682 1651 1732 primus
1672 1682 1778 1730 Reg.
1800 1679 1950 1719 Ambr.
1972 1690 2039 1729 pr.
2080 1679 2208 1716 censet

372 1736 457 1774 duo
476 1736 597 1774 Vatt.
619 1735 712 1774 Pal.
740 1736 873 1774 Oisel.
906 1736 1099 1775 Florent.
1129 1736 1212 1774 duo
1243 1735 1364 1774 Med.
1413 1735 1535 1773 sensit
1570 1733 1863 1773 novemdecim
1897 1731 2061 1783 scripti,
2097 1731 2206 1769 Exc.

373 1788 551 1828 Gevart.
573 1788 683 1827 Laeti
703 1792 748 1827 et
768 1788 951 1827 Lucens.
968 1799 1033 1838 pr.
1054 1787 1123 1827 ed.
1145 1789 1292 1827 Parm.
1310 1792 1355 1827 et
1372 1788 1518 1828 vicet.
1535 1786 1691 1827 Sched.
1709 1785 1823 1826 Gud.
1851 1786 1975 1825 sensit
1995 1785 2063 1824 vel
2082 1786 2208 1822 censet

374 1842 528 1880 Petav.
551 1852 616 1891 pr.
661 1842 759 1891 quod
776 1841 861 1880 duo
880 1841 1000 1881 Med.
1017 1842 1122 1881 Exc.
1143 1842 1254 1881 Laeti
1274 1846 1320 1880 et
1340 1841 1522 1881 Lucens.
1538 1853 1604 1891 ρι’.
1621 1841 1726 1880 item
1742 1839 1808 1880 ed.
1821 1839 1965 1879 vicet.
2007 1850 2093 1889 quae
2109 1836 2206 1875 Pal.

374 1894 570 1954 Florent..
583 1894 705 1932 Med.
726 1906 791 1944 ρι’.
834 1894 903 1944 qui
934 1895 1123 1934 terminus
1142 1895 1367 1934 Rom—91
1396 1895 1506 1933 natis
1525 1905 1672 1933 omnes
1690 1893 1809 1933 Vatt.
1829 1893 1924 1932 Pal.
1943 1893 2072 1931 Fam.
2092 1889 2210 1929 Prie.

375 1948 496 2008 βοῐῐ.
517 1946 653 1986 ΟιεεΙ.
693 1950 868 1996 nataeque
885 1947 1030 1986 Ambr.
1052 1951 1153 1986 tert.
1195 1948 1362 1986 adduxit
1381 1947 1534 1987 Ambr.
1555 1958 1641 1986 see.
1688 1946 1894 1995 conjunxit
1912 1945 2076 1985 Mazar.
2122 1941 2212 1982 sub-

378 2003 511 2040 iunxit
531 1999 637 2048 Reg.
658 1999 804 2038 Ambr.
823 2011 887 2050 ρι’.
910 2000 1071 2038 Movet.
1093 2012 1176 2038 sec.
1196 2000 1341 2040 Oxon.
1361 2012 1427 2050 ρι’.
1449 2012 1503 2039 ιιι.
1525 2003 1701 2052 pin—92
1728 2013 1799 2040 nec
1818 2001 1947 2039 Farn.
1965 1999 2071 2038 Exc.
2088 1995 2213 2036 Laeti.

378 2051 638 2144 ι’,ιεὰῖῇ-
702 2103 1680 2156 MMA...
1705 2066 1768 2146 Μ·

520 2132 530 2142 .
637 2127 699 2145 .-
1035 2134 1045 2144 .
1176 2135 1185 2145 .
1402 2135 1411 2146 .
1516 2136 1526 2146 .
1572 2121 1593 2146 o
1681 2118 1700 2145 s
1770 2116 2081 2146 ore.se.mso
2162 2115 2216 2142 a.

383 2158 572 2197 Floreat.
605 2157 724 2197 Med.
759 2170 822 2209 pr.
855 2158 1017 2197 Moret.
1038 2170 1102 2209 pr.
1136 2159 1239 2197 Exc.
1263 2159 1443 2199 Gevart.
1488 2119 1781 2211 nyssqumbr.
1815 2172 1877 2210 ρι’.
1922 2159 2067 2198 Missos
2097 2155 2216 2196 Med.
2287 2167 2290 2173 ¹

382 2216 524 2262 quart.
545 2210 610 2249 ed.
631 2211 775 2250 Vicet.
822 2211 933 2250 Visos
953 2217 1137 2263 quatuor
1155 2211 1276 2251 Vatt.
1310 2212 1436 2252 Fam.
1469 2212 1591 2254 Rott.
1625 2212 1760 2252 Oisel.
1792 2212 1909 2252 Med.
1940 2224 2028 2251 sec.
2057 2212 2217 2250 Bonon.
2274 2207 2289 2254 f

383 2265 485 2303 Pat.
510 2264 680 2302 Tholos.
704 2263 852 2302 Ambr.
875 2275 959 2303 sec.
997 2265 1096 2304 Put.
1128 2265 1287 2305 Thuan.
1308 2270 1396 2304 tres
1423 2266 1579 2305 Petav.
1599 2266 1718 2306 Vatt.
1748 2266 1889 2306 Livin.
1909 2266 2014 2305 Exc.
2035 2265 2218 2304 Lucens.
2285 2265 2289 2306 3

383 2328 469 2356 sec.
490 2316 592 2355 Var.
615 2317 700 2376 LIf.
722 2317 790 2355 ed.
813 2315 944 2356 Antv.
977 2317 1115 2368 Mysos
1131 2318 1199 2356 vei
1220 2318 1365 2357 Missos
1386 2319 1550 2358 Μαῖαν.
1586 2318 1699 2359 Visos
1713 2320 1782 2358 vel
1806 2319 1940 2358 Volsos
1960 2318 2106 2357 Oxon.
2128 2328 2216 2355 sec.
2286 2310 2291 2362 J.»

385 2370 511 2408 Misos
531 2370 598 2407 vel
622 2369 732 2408 Visos
751 2370 856 2419 Reg.
876 2370 1019 2410 Oxon.
1040 2382 1104 2420 pr.
1122 2371 1225 2410 Vat.
1245 2371 1380 2422 quint.
1414 2372 1574 2422 impleta
1594 2385 1672 2422 ριό
1692 2372 1734 2411 in
1752 2373 1930 2423 plaustra
1947 2371 2069 2410 Rott.
2099 2371 2223 2408 claus-
2285 2365 2290 2393 f

384 2426 448 2461 tra
468 2422 536 2460 vel
566 2422 745 2472 plaustra
762 2423 872 2471 Reg.
899 2423 1111 2462 Low-95
1143 2423 1322 2463 Promoti
1343 2430 1430 2464 tres
1450 2426 1573 2466 Vatt.
1594 2425 1712 2465 Prie.
1734 2426 1855 2465 Rott.
1876 2424 2012 2465 Oisel.
2031 2424 2223 2463 Florent.
2282 2420 2292 2460 ’ἶ

385 2474 508 2514 Med.
529 2485 614 2514 sec.
633 2474 802 2514 ΤΙιιιαιι.
829 2475 993 2514 Mazar.
1027 2477 1189 2515 Moret.
1211 2488 1277 2526 pr.
1299 2477 1382 2516 duo
1404 2478 1559 2518 Petav.
1577 2479 1680 2518 Vat.
1703 2479 1840 2518 Livin.
1889 2476 2080 2528 Proponti
2097 2475 2225 2515 Leid.
2272 2476 2294 2527 πῂ)

387 2539 451 2578 ρι’.
482 2540 538 2567 m.
559 2540 621 2579 pr.
643 2527 725 2566 duo
743 2528 865 2567 Vatt.
901 2527 1084 2567 totidem
1115 2528 1259 2568 Oxou.
1282 2529 1378 2569 Pal.
1397 2531 1511 2570 Prie.
1545 2544 1599 2570 m.
1622 2544 1687 2582 ρι’.
1720 2532 1825 2571 Exc.
1848 2530 1975 2570 Laeti.
2018 2529 2227 2569 Promethi
2263 2533 2294 2574 ’33

387 2579 492 2629 Jun.
512 2592 577 2631 pr.
609 2579 730 2620 Leid.
751 2593 813 2632 ρι’.
832 2593 888 2620 ιιι.
909 2593 994 2620 sec.
1041 2582 1220 2620 Provicti
1239 2582 1368 2621 Fam.
1404 2584 1511 2624 Exc.
1532 2585 1715 2623 Lucens.
1739 2596 1804 2636 pr.
1850 2583 2035 2624 timentes
2059 2583 2224 2622 Moret.
2283 2579 2295 2628 2}

390 2645 457 2684 pr.
495 2632 611 2672 Med.
641 2639 780 2685 quart.
806 2633 988 2695 furentes
1007 2634 1125 2673 Med.
1155 2647 1222 2685 ρι’.
1251 2636 1412 2675 Thuan.
1444 2636 1629 2685 furentes
1649 2638 1716 2677 vel
1749 2641 1939 2677 tumentes
1971 2633 2073 2677 Jun.
2136 2647 2227 2675 r.—
2280 2630 2295 2697 3

390 2690 444 2725 96
474 2686 672 2726 Baternas
707 2687 810 2726 Exe.
840 2687 965 2725 Laeu.
1018 2687 1226 2727 Vasternos
1255 2688 1356 2728 Vat.
1392 2702 1456 2740 ρι’.
1491 2690 1585 2730 ΡαΙ.
1620 2692 1750 2730 Farn.
1781 2691 1899 2730 Prie.
1932 2689 2056 2730 Rott.
2133 2689 2226 2729 isel.

393 2739 514 2779 Med.
554 2751 639 2779 sec.
677 2739 778 2780 Put.
813 2739 924 2791 Reg.
961 2740 1128 2780 Mazar.
1159 2740 1316 2780 Petav.
1349 2747 1451 2782 tert.
1491 2743 1589 2784 Pat.
1624 2745 1798 2785 Tholas.
1830 2741 1983 2784 Ambr.
2022 2754 2088 2796 ρι’.
2123 2741 2228 2784 Jun.
2283 2733 2295 2762 Ξ

2271 2762 2297 2890 Ξ

2216 2797 2219 2799 <
2267 2796 2270 2804 ι

1220 2860 1403 2902 No'rAE
2261 2843 2297 2948 ξ

396 2949 472 3020 lias
503 2948 652 3019 felices
683 2951 856 3002 nuptias
886 2953 1102 2994 hominum
1129 2955 1276 3006 generi
1345 2958 1695 3010 despondentes3
1726 2959 1953 3009 excitavit,
1980 2957 2169 3010 inquam,
2186 2959 2235 2997 et
2260 2944 2300 3137 Ξ

397 3010 637 3052 luben-ahter
653 3013 1000 3055 concedentibus,
1346 3013 1508 3063 repulit
1539 3014 1580 3053 in
1603 3014 1758 3065 Getas,
1784 3015 1796 3036 ‘
1818 3015 2010 3056 Quorum
2040 3011 2234 3063 plaustra
2255 3003 2278 3058 3

453 3074 507 3112 94
559 3073 690 3124 Visos]
765 3074 864 3115 Le.
899 3077 1078 3117 Stilicho
1116 3079 1281 3130 repulit
1347 3087 1477 3125 vagas
1500 3075 1583 3116 rite
1605 3076 1783 3117 trahunt
1798 3074 1971 3116 domos!
2258 3106 2264 3110 -

401 3136 529 3176 Visos
543 3138 889 3190 seuvisogothos
910 3140 953 3179 in
972 3154 1047 3181 sua
1067 3143 1281 3193 plaustra:
1402 3143 1453 3179 95
1497 3141 1695 3192 Promoti]
1749 3141 1980 3180 Promotus
2013 3142 2108 3177 erat
2143 3124 2300 3197 ‹lnx„{*{y‚{¹

430 3199 577 3239 ienim
610 3199 843 3240 utebantur
876 3203 1076 3252 plaustris
1105 3217 1183 3256 pro
1211 3205 1284 3246 do·
1358 3199 1628 3249 fortissimus,
1665 3203 1740 3242 sed
1777 3214 1903 3255 quem
1938 3200 2107 3240 barbari
2136 3199 2236 3250 dolo
2255 3197 2297 3251 s

403 3261 555 3303 mibus.
613 3261 699 3302 Alii
721 3264 870 3314 legunt
892 3265 1044 3317 Mysos,
1064 3268 1091 3307 i,
1113 3279 1151 3308 e,
1175 3268 1290 3308 stili.
1359 3263 1502 3303 Rufini
1515 3265 1782 3305 occiderant.
2174 3260 2192 3277 ⁹
2254 3287 2271 3308 a

407 3328 486 3366 cho
529 3325 719 3367 adventu
750 3339 826 3367 suo
872 3329 1082 3372 excitavit
1125 3332 1291 3387 Mysos,
1412 3330 1466 3365 96
1497 3327 1732 3382 Bastarnas]
1760 3327 1951 3381 Populos
1971 3307 2120 3370 tersus
2133 3325 2266 3377 Sey·

406 3389 576 3431 feroces
597 3389 786 3442 quidem,
821 3391 896 3436 sed
931 3391 1117 3435 animum
1149 3399 1292 3436 tamen
1360 3388 1504 3430 thiam·
2200 3407 2218 3415 Ι
