2300 3906
297 207 412 264 v662
864 221 957 261 cn.
994 215 1349 260 cLAtJmANl
1391 215 1561 257 xxii.

304 340 537 396 Talibus
561 343 758 396 invitat
777 340 954 403 doniS,
980 339 1296 405 dextraeque
1318 337 1616 405 gerendum

304 428 455 481 Diva
475 428 636 480 simul
655 424 902 494 porrexit
927 424 1080 475 ebur.
1157 422 1488 475 Solennibus
1515 436 1713 475 urnam
1767 455 1772 458 -

301 510 632 564 Commovet
652 510 934 578 auspiciiS,
961 508 1264 576 avibusque
1289 508 1510 575 incepta
1536 506 1824 560 secundat.

299 594 457 650 Tunc
482 596 694 647 habiles
719 595 885 646 armis
910 593 1168 644 humeros
1196 592 1320 643 Dea
1344 593 1592 643 vestibus
1617 591 1788 643 ambit
2019 589 2127 642 365

301 677 614 732 Romuleis:
656 678 804 729 Latii
827 677 1078 729 sederunt
1100 679 1323 744 pectore
1348 676 1532 728 cultus
1553 692 1565 728 ε

301 761 629 830 Loricaeque
648 762 832 813 locum
859 760 1042 812 decuit
1066 765 1216 827 toga.
1289 758 1445 811 Talis
1472 761 1543 812 ab
1569 759 1792 823 Histro,

300 919 434 969 trices,
451 923 488 959 et
516 932 671 971 sponsos
689 919 999 970 Imperatricum.
1059 920 1152 958 Dea
1170 921 1305 958 Roma
1323 920 1556 957 exhortatur
1572 916 1852 956 Stilichonem
1872 915 1934 955 his
1959 916 2129 956 muueri-

300 972 384 1020 bus,
399 976 438 1011 et
462 985 540 1011 una
570 973 679 1011 dedit
710 972 842 1010 manui
873 973 983 1010 illius
1014 976 1232 1021 sceptrum
1251 972 1458 1010 eburneum
1466 969 1698 1019 ferendum.-
1725 970 1857 1019 agitat
1876 982 2012 1008 urnam
2033 974 2132 1020 post

299 1025 473 1075 auspicia
501 1026 712 1074 ordinaria,
745 1029 783 1062 et
804 1023 992 1071 fortunat
1018 1024 1181 1063 consilia
1212 1024 1301 1074 ejus
1321 1035 1373 1062 ex
1394 1023 1610 1063 volucribus
1630 1023 1848 1063 consultis.
1907 1023 2014 1062 Tunc
2041 1023 2131 1063 Dea

298 1078 427 1117 induit
446 1078 687 1117 vestimentis
707 1078 893 1116 Romanis
909 1077 1086 1116 humeros
1105 1077 1347 1117 Stilichonis
1377 1082 1487 1128 aptos
1506 1077 1649 1116 armis.-
1667 1076 1833 1115 amictus
1862 1076 2005 1115 Latini
2024 1080 2130 1115 texe*

300 1134 394 1170 runt
413 1134 550 1182 pectus
567 1131 673 1182 ejus,
692 1135 729 1170 et
750 1134 843 1180 toga
870 1131 1007 1169 decora
1026 1129 1113 1178 fuit
1141 1132 1183 1170 in
1211 1131 1289 1170 loco
1314 1130 1498 1170 thoracis.
1554 1131 1672 1170 Mars
1689 1129 1874 1178 ejusmodi
1894 1134 2087 1169 revertens
2104 1142 2130 1168 α

1071 1263 1365 1279 ΙΟΙΝΟΙΙΟΟΟΟ

299 1350 421 1391 Leid.
443 1363 509 1403 pr.
532 1351 675 1392 Oxon.
697 1366 782 1394 sec.
801 1355 924 1394 Voss.
945 1354 1049 1394 Put.
1068 1355 1237 1401 Bonon.
1271 1354 1371 1394 Pat.
1389 1354 1558 1394 Tholos.
1587 1353 1672 1393 inc.
1699 1353 1850 1393 Heius.
1871 1352 1955 1392 duo
1975 1352 2131 1392 PetaV.

301 1410 388 1445 tres
407 1404 560 1446 Ambr.
575 1407 679 1446 Exc.
702 1408 885 1448 Lucens.
903 1421 967 1459 pr.
1012 1410 1227 1459 dextraque
1245 1410 1454 1458 regendum
1474 1415 1563 1447 tres
1583 1407 1706 1447 Vatt.
1726 1407 1842 1446 Pric.
1864 1407 1990 1446 Farn.
2034 1407 2130 1445 dex-

299 1462 436 1510 traque
457 1462 671 1510 gerendum
689 1460 784 1501 Pal.
805 1462 925 1501 Rott.
942 1462 1062 1502 Med.
1083 1467 1243 1515 quart..
1262 1464 1477 1511 gerendum
1497 1461 1579 1500 duo
1598 1459 1719 1500 Med.
1734 1461 1841 1511 Reg.
1860 1460 2026 1500 Thnan.
2047 1459 2131 1499 Pe-

298 1516 385 1552 tav.
406 1525 471 1564 pr.
492 1513 591 1553 Pat.
611 1514 753 1553 Oxon.
777 1527 841 1565 pr.
883 1516 1093 1564 regendum
1115 1516 1199 1554 duo
1220 1515 1370 1554 Leidd.
1390 1514 1418 1555 J
1424 1528 1494 1555 un.
1527 1527 1590 1565 pr.
1616 1513 1762 1553 Oxon.
1784 1525 1872 1552 sec.
1892 1512 2012 1552 Med.
2028 1517 2129 1551 tert.

298 1565 421 1605 ambo
444 1567 487 1604 M
495 1572 600 1606 oret.
619 1566 718 1607 Ald.
766 1569 970 1617 tegendum
987 1569 1090 1607 Var.
1112 1569 1198 1607 LL.
1219 1569 1286 1607 ed.
1306 1567 1437 1607 AntV.
1480 1568 1693 1617 gerendum
1711 1566 1781 1605 vel
1798 1567 2008 1615 regendum
2028 1566 2131 1607 Lov-

297 1618 400 1658 Vat.
417 1622 618 1669 pr.—364
646 1620 703 1658 Et
722 1625 846 1659 movet
866 1621 1017 1659 Petav.
1042 1633 1127 1660 sec.
1156 1621 1366 1660 Submovet
1387 1620 1485 1661 Pat.
1522 1620 1620 1659 Tum
1637 1623 1762 1659 movet
1780 1619 1955 1670 legebat
1976 1618 2130 1658 Heius.

295 1670 430 1710 avibus
443 1672 613 1711 Tholos.
655 1673 807 1712 incerta
824 1674 924 1713 Vat.
946 1680 1086 1725 quart.
1116 1674 1262 1720 infecta
1275 1675 1400 1713 Voss.
1440 1673 1586 1722 infesta
1600 1672 1717 1712 Prie.
1737 1672 1895 1712 PetaV.
1917 1684 2001 1712 sec.
2018 1673 2124 1712 Var.

296 1723 385 1763 LL.
409 1737 432 1762 e
450 1737 584 1775 marg.
605 1726 747 1766 Parm.
792 1727 968 1765 secundis
982 1728 1108 1767 Voss.
1127 1727 1213 1767 duo
1240 1729 1359 1768 Vatt.
1394 1727 1478 1766 ine.
1506 1726 1653 1767 Heins.
1674 1726 1775 1766 Pat.
1796 1725 1944 1765 Ambr.
1963 1737 2028 1777 pr.
2048 1725 2132 1765 Pe-

294 1782 382 1816 ίαν.
400 1790 487 1817 sec.
507 1779 666 1818 Moret.
696 1791 779 1818 sec.
817 1781 918 1819 Exc.
952 1781 1131 1820 Gevart.
1150 1781 1252 1820 Var.
1272 1781 1358 1820 LL.
1385 1793 1410 1820 e
1429 1792 1564 1832 marg.
1596 1781 1743 1820 Parm.
1790 1779 1967 1820 secundis
1987 1778 2054 1818 vel
2071 1791 2130 1820 se-

295 1832 440 1870 cundat
460 1833 696 1872 Low—365
733 1833 941 1872 Terribiles
970 1834 1091 1874 Med.
1117 1838 1219 1875 tert.
1262 1834 1368 1874 abies
1386 1834 1542 1874 Petav.
1562 1846 1650 1884 sec.
1695 1833 1851 1873 habitus
1869 1834 1969 1873 Put.
2008 1832 2132 1872 armis

295 1883 472 1924 humeros
490 1885 610 1925 Leid.
631 1898 696 1937 pr.
718 1886 835 1926 Med.
862 1899 925 1937 pr.
945 1894 991 1926 et
1013 1892 1115 1927 tert.
1136 1887 1235 1928 Pat.
1253 1889 1355 1928 Vat.
1376 1888 1516 1927 Livin.
1558 1888 1735 1927 humeros
1753 1888 1874 1926 armis
1892 1892 1978 1927 tres
2005 1887 2130 1926 Vatt.

298 1937 422 1976 Farn.
456 1939 570 1978 Prie.
595 1939 717 1979 Rott.
747 1940 912 1979 Thuan.
947 1942 1110 1979 Mazar.
1152 1946 1265 1981 artus
1289 1942 1410 1980 armis
1438 1941 1542 1981 Lov.
1575 1953 1631 1982 m.
1658 1953 1723 1993 pr.
1758 1942 1846 1989 jam
1863 1940 2030 1979 vestibus
2047 1940 2129 1979 duo

297 1989 451 2031 Leidd.
467 1997 512 2030 et
533 1991 686 2041 viginti
707 1991 791 2031 duo
807 1992 944 2032 Codd.
967 1994 1072 2033 Exc.
1091 1994 1270 2034 Gevart.
1290 1994 1458 2034 Schott.
1480 1994 1633 2035 Sched.
1662 1994 1776 2035 Gud.
1806 1993 1905 2033 Ald.
1924 1994 2025 2033 Var.
2045 1993 2129 2034 LL.

297 2042 366 2083 ed.
383 2042 518 2083 Antv.
545 2045 635 2084 Dea
653 2045 818 2093 veljam
840 2047 936 2086 Vat.
958 2059 1043 2087 sec.
1063 2047 1182 2088 Prie.
1210 2048 1381 2087 vectibus
1409 2049 1491 2088 inc.
1512 2048 1804 2088 Heins.—366
1832 2047 1949 2087 Datii
1969 2048 2129 2087 Movet.

297 2100 500 2145 piu—36⁷
529 2097 756 2150 Loricoeque
783 2100 947 2151 signum
979 2100 1092 2139 obeli
1118 2100 1323 2155 Heinsius
1356 2108 1631 2153 apposuerat.
1671 2103 1804 2141 docuit
1824 2102 1931 2141 Exc.
1949 2101 2131 2142 Lucens-

1123 2227 1160 2267 N
1168 2226 1305 2268 OTAE

350 2340 427 2378 361
477 2338 673 2390 Reginus]
714 2340 877 2391 Regum
909 2340 986 2381 filii
1023 2342 1177 2395 Reges,
1246 2356 1328 2396 quo
1349 2343 1499 2384 alludit
1518 2343 1740 2395 Virgilius,
1765 2344 1777 2366 ‘
1797 2344 2017 2386 Quaesitor
2046 2344 2130 2384 Mi-

297 2398 470 2452 Regum
527 2399 628 2441 filiae
682 2403 862 2454 Reginae
911 2405 1176 2446 dicebantur.
1243 2419 1320 2447 nos
1338 2419 1486 2447 urnam
1504 2406 1679 2448 movet.’
1737 2407 1884 2457 Urnae‚
1915 2407 2029 2447 unde
2055 2419 2129 2447 no-

295 2462 464 2514 Florus,
482 2464 493 2485 ‘
511 2463 652 2503 Pulsis
671 2477 725 2504 ex
745 2465 850 2504 urbe
872 2467 1102 2518 Regibusz'
1133 2468 1176 2508 id
1243 2469 1359 2508 mina
1382 2469 1582 2521 judicum
1619 2468 1883 2508 educebant:
1933 2481 2051 2509 urnae
2084 2468 2129 2510 in

296 2530 381 2576 est,
419 2527 544 2577 pulso
579 2528 822 2580 Tarquinio,
856 2535 902 2569 et
943 2531 1033 2582 ejus
1064 2530 1176 2571 filiis.
1245 2532 1423 2584 Campo,
1451 2532 1565 2571 unde
1595 2532 1765 2571 nomina
1802 2529 2129 2583 suffragatorum

295 2587 531 2640 Virgilius:
559 2589 573 2611 ‘
593 2590 759 2642 Regina
791 2592 1001 2633 Sacerdos
1031 2594 1176 2634 Marte

299 2651 472 2703 gravis‚'
511 2652 564 2691 de
607 2653 728 2693 Rhea
760 2655 921 2709 Sylvia,
959 2668 1053 2708 quae
1090 2655 1177 2697 filia

296 2718 392 2754 erat
410 2714 541 2766 Regis
559 2715 812 2756 Numitoris.

351 2779 431 2817 363
465 2777 589 2829 Ebur]
617 2778 846 2831 Sceptrum
867 2780 1100 2822 Consulare
1121 2792 1176 2821 ex

297 2837 426 2892 ebore
440 2838 619 2881 factum.

352 2902 580 2944 solennibus
613 2905 817 2957 auspiciis]
861 2905 969 2945 Post
1005 2913 1177 2947 servata

295 2975 417 3005 more
454 2967 617 3007 solenni
650 2970 858 3021 auspicia,
899 2983 1084 3022 avesque
1121 2984 1175 3011 ex

296 3028 407 3069 coelo
425 3030 659 3081 consultas,
677 3038 820 3072 movet
847 3045 995 3072 urnam
1025 3034 1079 3073 ad
1106 3047 1178 3074 ex·

295 3091 533 3142 promenda
563 3091 663 3132 inde
682 3091 899 3146 suffragia,
930 3094 972 3133 in
997 3096 1176 3147 gratiam

297 3151 558 3198 Stilichonis.

355 3217 526 3270 Urnam]
553 3218 685 3259 Varia
717 3217 890 3259 fuerunt
922 3221 1021 3261 olim
1051 3235 1176 3264 urna-

297 3292 390 3321 rum
407 3293 579 3333 genera,
592 3282 706 3323 unde
725 3287 861 3324 sortes
875 3283 1175 3326 educerentur.

299 3343 434 3384 Urnae
461 3344 506 3385 in
528 3344 718 3397 judiciis,
742 3346 856 3386 unde
883 3348 1056 3389 nomina
1086 3362 1178 3390 reo·

299 3417 393 3448 rum
421 3408 705 3449 extrahebant
732 3409 787 3451 ad
817 3421 890 3451 eos
903 3410 1178 3465 judicandos,

1244 2597 1574 2648 expromebant,
1589 2601 1637 2636 ut
1663 2595 1707 2635 in
1725 2594 1806 2636 hoc
1826 2596 1947 2645 loco;
1982 2602 2028 2635 et
2045 2596 2129 2637 alia

1244 2659 1466 2711 ejusmodi.

1297 2725 1377 2763 364
1405 2722 1557 2764 Avibus
1572 2721 1777 2774 secundat]
1803 2722 1858 2763 Id
1877 2727 1959 2775 est,
1982 2734 2036 2763 ex
2067 2735 2130 2764 se-

1245 2786 1386 2826 cunda
1421 2799 1496 2829 seu
1514 2785 1656 2826 fausta
1676 2785 1944 2838 inspectione
1971 2786 2129 2838 avium,

1243 2848 1394 2891 futura
1412 2850 1555 2891 omnia
1575 2849 1765 2890 secunda
1785 2848 2012 2901 feliciaque
2031 2861 2125 2900 pro-

1243 2914 1391 2955 mittit.

1296 2980 1373 3016 365
1422 2976 1602 3017 Vestibus
1632 2976 1830 3015 Romuleis
1847 2989 1862 3015 .·
1898 2975 2008 3014 Latii
2044 2976 2126 3016 cul-

1241 3038 1324 3089 tus]
1351 3039 1462 3079 Sunt
1480 3039 1612 3078 vestis
1633 3038 1892 3078 Consularis.

1297 3104 1377 3141 366
1403 3101 1597 3140 Sederunt
1624 3103 1797 3153 pectore]
1830 3103 1986 3142 Vestes
2021 3102 2127 3147 leni-

1244 3170 1312 3205 ter
1331 3163 1549 3216 depressae
1582 3169 1679 3203 sunt
1699 3164 1753 3203 ad
1774 3164 2007 3216 tegendum
2026 3176 2125 3216 pec-

1244 3232 1328 3268 tus.

1297 3292 1375 3331 36⁷
1405 3288 1630 3341 Larinaque
1663 3288 1808 3343 locum]
1831 3290 1946 3341 Toga
1964 3289 2126 3331 decom

1245 3352 1337 3392 visa
1367 3355 1434 3391 est
1468 3351 1510 3390 in
1540 3351 1693 3409 eodem
1724 3352 1820 3392 loco
1848 3351 1888 3391 in
1918 3364 2002 3407 quo
2028 3358 2124 3393 erat

1244 3419 1372 3457 antea
1388 3415 1536 3456 lorica.

2275 2309 2287 2500 ιίνῑ»νυ;ἰε“-ωι»ι-
2279 2289 2282 2292 *
2283 2244 2285 2246 <
2283 2215 2287 2220 .
2286 2170 2288 2173 ,
2278 2144 2287 2155 ,Α
