2300 3906
300 193 408 246 842

828 205 922 244 CL.
962 201 1318 243 CLAUDIANI
1361 199 1598 240 XXVIII.

297 322 523 391 Imperii
547 335 796 389 praesens
824 318 1065 370 Genius!
1107 322 1474 399 quantamque
1499 319 1749 389 rependit

296 406 566 476 Majestas
592 406 795 455 alterna
820 403 1019 465 vicem,
1047 417 1176 453 cum
1202 403 1353 469 regia
1378 402 1530 456 Circi

297 489 617 543 Connexum
639 486 899 554 gradibus
925 490 1213 539 veneratur
1241 504 1481 556 purpura
1505 490 1732 556 vulgus!

294 573 658 639 Assensuque
685 588 842 624 cavae
869 571 1127 624 sublatus
1151 572 1210 623 in
1237 572 1441 624 aethera
1463 573 1628 625 vallis

2021 572 2128 625 615

296 656 490 709 Plebis
515 656 762 708 adoratae
787 658 976 737 reboat
994 655 1191 723 fragor,
1220 672 1438 725 unaque
1467 657 1595 709 totis

296 779 463 831 Imperii
480 780 549 818 dat
568 779 718 819 civibus
736 780 963 819 reverentiae
981 792 1133 819 arcano?
1151 780 1170 820 !
1198 784 1235 819 et
1263 783 1452 830 quantum
1484 779 1664 829 majestas
1682 777 1900 831 Principis
1924 780 2056 820 reddit
2075 782 2132 820 ri*

293 833 425 872 cissim
442 833 599 881 amoris,
619 845 704 872 cum
722 845 896 884 purpura
919 834 1180 884 Imperatoria
1198 835 1343 872 salutat
1358 833 1540 883 populum
1559 834 1758 874 densatum
1787 834 1827 872 in
1847 834 2036 873 subselliis
2049 846 2131 874 am·

291 885 539 937 phitheatri!
566 891 605 926 et
636 887 780 926 clamor
806 887 939 938 populi
957 888 1121 927 salutati
1141 888 1264 927 elatus
1281 887 1324 926 in
1356 888 1491 925 coelum
1517 888 1660 938 plausu
1677 887 1792 927 vallis
1809 900 1983 927 concavoe
2003 899 2129 927 remu-

1068 993 1308 1008 “““‘OO‘
1315 993 1359 1007 Ἰ

295 1061 395 1097 tert.
417 1057 605 1097 Floreat.
624 1058 777 1097 Petav.
802 1062 1005 1109 pr.—-612
1032 1060 1179 1111 species
1204 1072 1379 1110 proesens
1411 1060 1515 1101 Jun.
1548 1072 1610 1111 pr.
1648 1059 1790 1109 genius
1809 1059 1931 1100 Leid.
1952 1072 2016 1111 pr.
2035 1059 2132 1099 Mo-

294 1115 375 1149 ret.
397 1122 480 1150 sec.
502 1111 619 1150 Med.
641 1118 780 1164 quart.
802 1112 958 1152 Petav.
980 1126 1067 1154 sec.
1084 1114 1259 1153 Tholos.
1278 1114 1384 1153 Lov.
1417 1126 1474 1154 m.
1510 1126 1574 1165 pr.
1606 1114 1691 1153 inc.
1726 1113 1876 1154 Heius.
1908 1114 2015 1153 Exc.
2046 1114 2130 1153 Lu-

294 1175 409 1203 cenS.
443 1176 506 1215 pr.
533 1165 637 1204 Var.
670 1166 754 1206 LL.
776 1179 799 1206 e
820 1178 953 1217 mar-g.
975 1166 1121 1206 Parm.
1142 1167 1349 1206 Heinsius
1370 1168 1641 1218 ascripserat.
1667 1167 1721 1206 de
1754 1167 1898 1207 Geniis
1917 1166 2001 1206 vid.
2027 1167 2133 1206 Ber-

294 1223 409 1257 nart.
429 1217 481 1256 ad
504 1218 597 1257 Lib.
622 1230 653 1258 1.
673 1219 789 1269 Sylv.
810 1219 956 1268 Statii,
976 1221 1098 1272 Equo
1119 1220 1370 1261 Domitiani.
1416 1222 1573 1270 generis
1590 1226 1678 1259 vet.
1699 1221 1805 1271 Gyr.
1845 1220 1997 1270 gemitu
2015 1219 2133 1260 Pric.

293 1271 439 1321 species
456 1283 601 1311 omnes
619 1273 741 1313 Vatt.
761 1272 856 1312 Pal.
877 1273 1002 1313 Farn.
1022 1275 1144 1313 Rott.
1165 1272 1298 1313 Oisel.
1341 1275 1482 1324 genius
1500 1275 1566 1313 vel
1586 1275 1729 1325 species
1752 1274 1862 1324 Reg.
1884 1273 2026 1313 Oxou.
2043 1285 2130 1313 sec.

293 1328 550 1376 quantumque
578 1325 680 1366 Jun.
721 1330 918 1376 [ηπ-613
948 1329 1084 1366 rudem
1123 1338 1199 1377 pro
1219 1327 1340 1366 vicem
1360 1328 1417 1366 id.
1437 1328 1539 1368 Jun.
1568 1327 1694 1380 fidem
1726 1326 1872 1366 Ambr.
1897 1331 2000 1368 tert.
2047 1326 2133 1366 curi

295 1389 371 1428 pro
390 1378 486 1417 circi
505 1379 621 1418 Med.
639 1383 858 1419 sea-614
891 1381 1091 1419 Conexum
1109 1385 1291 1432 quatuor
1310 1381 1433 1421 Vatt.
1455 1381 1574 1420 Prie.
1610 1380 1743 1420 Oisel.
1776 1381 1970 1420 Florent.
2008 1379 2130 1419 Med.

294 1442 380 1470 sec.
401 1432 566 1470 Bonon.
588 1432 731 1471 Ambr.
751 1445 814 1484 pr.
866 1433 1093 1472 Connexum
1109 1434 1203 1472 Pal.
1217 1433 1302 1472 duo
1323 1433 1464 1473 Oxou.
1482 1434 1603 1473 Leid.
1622 1446 1686 1484 pr.
1703 1438 1747 1472 et
1763 1445 1846 1473 sec.
1862 1445 1959 1472 cum
1974 1434 2132 1485 glossa,

294 1483 324 1522 i.
344 1495 379 1523 e.
398 1485 609 1524 collectum.
648 1485 873 1524 Convexum
908 1486 1028 1526 Med.
1064 1498 1130 1536 pr.
1164 1487 1334 1525 Tholos.
1371 1487 1472 1525 Lov.
1506 1487 1607 1526 Jun.
1629 1498 1692 1535 pr.
1723 1487 1823 1525 Var.
1842 1486 1930 1524 LL.
1951 1497 1975 1524 e
1995 1498 2132 1538 marg.

294 1536 439 1576 Parm.
480 1538 666 1587 gravibus
696 1550 773 1588 pro
804 1538 996 1587 gradibus
1022 1539 1126 1579 Jun.
1158 1551 1220 1588 pr.
1267 1543 1501 1577 venerantur
1519 1538 1670 1577 Ambr.
1692 1550 1757 1588 pr.
1794 1550 1970 1589 purpura
1988 1540 2070 1578 cuti
2090 1545 2134 1578 et

294 1595 445 1640 postea
475 1591 589 1638 regia
616 1591 755 1639 vulgus
787 1591 907 1629 Med.
947 1599 1031 1641 pr.·
1056 1602 1236 1641 purpura
1276 1590 1386 1629 Circi
1416 1595 1462 1630 et
1489 1591 1601 1641 regia
1634 1593 1771 1641 vulgus
1805 1592 1906 1630 Vat.
1944 1592 2133 1643 quint.—

293 1645 373 1681 615
401 1641 644 1693 Assensuque
679 1643 797 1683 Med.
835 1655 898 1694 pr.
934 1644 1092 1682 Moret.
1133 1655 1198 1694 pr.
1237 1644 1338 1684 Vat.
1379 1643 1515 1683 Livin.
1566 1645 1822 1695 consessuque
1859 1645 1962 1684 Vat.
1995 1645 2131 1698 quint.

296 1694 581 1745 Consensusque
611 1696 732 1734 Leid.
754 1708 839 1736 sec.
861 1697 965 1735 Exc.
988 1697 1169 1736 Gevart.
1202 1696 1245 1735 in
1274 1698 1437 1736 Lovan.
1471 1709 1524 1737 ex
1545 1697 1844 1737 emendatione
1874 1701 1966 1749 erat
1982 1699 2010 1739 l.
2033 1699 2136 1738 Con-

291 1759 505 1798 sensusque.
525 1760 725 1787 consensus
744 1755 788 1787 et
795 1748 941 1798 fragor
956 1754 1055 1789 sunt
1074 1751 1284 1801 opposita.
1310 1751 1582 1802 Consensuque
1609 1757 1695 1790 tres
1714 1752 1836 1792 Vatt.
1869 1752 1997 1792 Farn.
2016 1750 2132 1792 Prie.

296 1802 417 1841 Rott.
432 1801 622 1841 Gronov.
644 1801 687 1840 in
704 1803 809 1842 Exc.
830 1803 994 1841 Schotti
1014 1815 1131 1855 seqq.
1159 1809 1393 1843 notaverat.
1423 1805 1436 1827 ‘
1460 1805 1731 1856 Consensuque
1748 1804 1871 1855 cavae]
1907 1816 2132 1856 perperam

294 1854 699 1906 Bullingeruslegit,
723 1857 919 1895 Consensu
934 1869 1058 1895 caveae
1074 1869 1106 1896 s.
1127 1856 1167 1896 in
1187 1870 1231 1896 oe.
1252 1858 1409 1896 clamor.
1431 1857 1524 1897 Lib.
1546 1869 1576 1897 1.
1595 1858 1648 1897 de
1664 1858 1835 1898 Theatr.
1871 1870 1910 1898 c.
1931 1862 1997 1899 51.
2026 1859 2133 1902 Vult

294 1907 448 1957 Poeta,
467 1908 639 1948 crebros
669 1908 816 1959 populi
838 1909 1150 1949 abblandientis
1171 1911 1345 1961 plausus
1378 1910 1431 1950 ab
1451 1911 1647 1963 opposita
1674 1913 1782 1951 valle
1799 1912 1921 1952 reddi
1941 1912 2133 1964 majores.

295 1961 409 2000 Plin.
430 1961 520 2000 Lib.
536 1973 585 2001 11.
606 1974 644 2001 c.
665 1965 731 2001 44.
749 1968 794 2002 et
815 1962 909 2001 Lib.
931 1974 1093 2002 xxxvi.
1116 1975 1154 2002 c.
1178 1967 1241 2003 15.
1289 1965 1451 2004 Lucan.
1473 1975 1536 2004 1v.
1558 1969 1649 2005 159.
1679 1966 1833 2005 Claud.
1855 1977 1904 2006 11.
1919 1965 1975 2005 de
1994 1966 2131 2006 Laud.

293 2014 387 2053 Stil.
408 2020 456 2053 ut
471 2015 664 2054 omittam
682 2028 854 2054 caveam
887 2016 928 2054 in
952 2015 1281 2067 Amphitheatro
1297 2029 1404 2057 esse.
1436 2018 1677 2058 Cassiodor.
1696 2019 1791 2060 Lib.
1826 2031 1888 2058 iv.
1911 2019 1992 2072 Ep.
2025 2020 2133 2059 Haee

293 2067 442 2106 Thom.
461 2068 710 2119 Dempster.
732 2068 784 2107 ad
800 2069 892 2108 Lib.
913 2080 944 2107 1.
967 2070 1112 2109 Rosin.
1133 2082 1171 2109 c.
1192 2069 1243 2110 2.’
1285 2071 1431 2110 dilatus
1459 2072 1557 2112 Vat.
1588 2084 1673 2113 sec.
1719 2074 1864 2112 aethere
1881 2073 2010 2112 Farn.
2028 2072 2132 2113 Jun.

296 2133 361 2171 pr.
397 2121 516 2159 Med.
553 2125 778 2160 sec.—-616
804 2123 976 2160 odoratae
1009 2122 1125 2161 Med.
1155 2128 1293 2174 quart.
1331 2123 1415 2162 duo
1450 2123 1598 2163 Ambr.
1635 2127 1811 2164 adoratoe
1842 2126 1909 2164 vel
1933 2126 2133 2165 honoratae

295 2173 413 2212 Prie.
435 2173 640 2213 Heinsius
678 2174 747 2213 hic
782 2186 902 2227 seqq.
934 2180 1071 2215 notat.
1099 2176 1126 2197 “
1147 2177 1321 2214 adoracae
1351 2188 1429 2227 pro
1446 2177 1641 2217 salutatoe.
1674 2179 1786 2217 Mira
1810 2179 1987 2219 locutio.
2008 2180 2067 2219 sic
2087 2184 2133 2219 et

295 2227 563 2278 Capitolinus
596 2227 637 2265 iu
672 2228 916 2266 Pertinace.
950 2241 992 2280 p.
1020 2232 1085 2267 58.
1117 2228 1143 2267 l.
1169 2232 1236 2268 31.
1275 2230 1287 2251 ‘
1311 2230 1412 2269 Fuit
1439 2229 1482 2268 in
1515 2231 1635 2269 curia
1665 2230 2132 2283 honorificentissimus,

293 2280 355 2319 ita
374 2285 420 2319 ut
438 2280 642 2320 Senatum
658 2279 874 2320 faventem
892 2282 1106 2328 adoraret,
1127 2287 1174 2320 et
1195 2283 1313 2331 quasi
1334 2282 1563 2333 praefectus
1586 2283 1695 2323 Urbi
1715 2296 1811 2323 cum
1832 2285 2024 2325 omnibus
2044 2298 2132 2325 ser-

294 2344 458 2372 monem
477 2333 784 2384 participaret.'
816 2335 1001 2373 Casaub.
1023 2347 1066 2385 p.
1089 2338 1179 2373 162.
1200 2335 1241 2374 d.
1261 2335 1321 2374 sic
1343 2348 1458 2386 saepe
1473 2337 1628 2376 adorati
1644 2337 1932 2388 Imperatores
1950 2339 2134 2379 Romani

295 2387 547 2437 posterioris
582 2387 662 2425 aevi
684 2388 965 2437 scriptoribus
987 2387 1204 2427 dicuntur.
1238 2400 1334 2427 nam
1373 2390 1617 2440 Salmasius,
1652 2391 1723 2442 qui
1756 2403 1907 2431 revera
1932 2392 2134 2432 adoratos

292 2440 434 2479 credit
450 2440 502 2478 ad
525 2440 638 2479 Hist.
659 2438 768 2490 Aug.
788 2453 827 2491 p.
848 2445 942 2480 319.
974 2439 1154 2481 fallitur.
1173 2441 1251 2479 nisi
1273 2440 1465 2481 fortassis
1485 2443 1779 2495 Imperatores
1799 2456 1998 2497 nequam.
2058 2446 2128 2486 De

292 2493 520 2533 Persarum
542 2493 732 2544 Regibus
753 2499 901 2533 notum
921 2500 1003 2534 est.
1059 2494 1194 2534 Tacit.
1209 2495 1373 2536 Histor.
1394 2497 1488 2537 Lib.
1506 2508 1536 2537 ι.
1564 2499 1576 2520 ‘
1598 2498 1693 2538 Nec
1721 2498 1871 2538 deerat
1894 2498 2136 2552 Otho,pro-

1121 2603 1297 2667 No'rAE

344 2690 424 2726 612
456 2686 623 2739 Genius]
652 2688 908 2739 Imperator,
935 2690 1006 2742 qui
1027 2694 1094 2730 est
1108 2702 1179 2730 ve-

292 2753 358 2791 lut
376 2764 530 2791 numen
548 2765 597 2793 ac
630 2753 790 2792 Genius
818 2755 1017 2794 tutelaris
1038 2754 1180 2807 Impe-

291 2815 358 2855 rii.
387 2815 436 2854 In
455 2816 641 2867 antiquis
662 2817 843 2856 nummis
862 2818 1036 2870 legitur,
1061 2819 1073 2841 ‘
1093 2818 1179 2858 Ge-

297 2876 369 2915 nio
389 2878 535 2928 populi
553 2878 757 2916 Romani!

347 2942 426 2977 613
462 2938 612 2989 Vicem]
629 2941 839 2992 Majestas
855 2942 1071 2994 Principis
1086 2942 1180 2982 red-

292 3001 358 3042 dit
387 3002 571 3041 vicissim
608 3005 759 3053 vicem,
786 3018 860 3045 seu
891 3010 1179 3049 reverentiam

290 3063 572 3115 reciprocam,
588 3077 684 3103 cum
705 3067 815 3117 ingr«
825 3068 946 3108 diens
964 3070 1178 3112 theatrum

293 3126 449 3166 salutat
475 3128 677 3176 populum
703 3129 961 3170 universum.

347 3194 428 3231 614
459 3192 702 3243 connexum]
732 3193 998 3236 Densatum:
1040 3199 1179 3248 gradi-

294 3253 375 3306 bus,
388 3253 430 3292 id
447 3261 529 3304 est,
545 3256 585 3292 in
608 3255 730 3293 variis
749 3257 957 3296 subselliis
977 3253 1086 3299 Circi
1104 3273 1179 3300 seu

294 3317 613 3369 amphitheatri,
649 3318 717 3358 vel
758 3319 800 3358 in
848 3332 946 3360 area
981 3324 1179 3375 subjecta

297 3381 630 3436 amphitheatro.
663 3380 752 3423 Alii
769 3383 922 3437 legunt
943 3386 1183 3441 convexum,

1246 2691 1288 2731 id
1306 2697 1387 2741 est,
1408 2692 1614 2744 populum
1647 2691 1691 2731 in
1725 2693 1944 2743 Convexo,
1973 2705 2132 2733 seuro-

1247 2755 1380 2796 tundo
1413 2757 1728 2809 amphitheatro
1762 2755 1999 2797 sedentem.
2043 2756 2131 2796 Alii

1249 2819 1484 2868 Connixum,
1520 2819 1563 2859 id
1596 2825 1680 2870 est,
1712 2822 1916 2873 populum
1935 2818 2128 2860 effultum

1245 2882 1575 2932 amphitheatro.

1303 2943 1508 2994 Purpura]
1557 2942 1801 2994 Imperator
1835 2941 1982 2994 Regali
2030 2953 2129 2993 pur-

1247 3019 1355 3059 pura
1373 3007 1548 3046 indutus
1571 3010 1799 3044 veneratur
1815 3005 2030 3056 populum.

1299 3073 1380 3109 616
1410 3068 1558 3118 Plebis]
1587 3068 1744 3118 Populi
1764 3067 1944 3119 adorati,
1962 3081 1987 3107 a
2003 3067 2130 3108 Prin·

1247 3132 1345 3183 cipe
1364 3131 1552 3180 salutati,
1570 3131 1729 3170 clamor
1757 3137 1802 3169 et
1825 3131 1995 3181 plausus
2016 3143 2130 3171 reso-

1249 3202 1336 3234 nat.
1377 3194 1495 3233 otho
1517 3193 1631 3245 apud
1646 3193 1843 3232 Tacitum
1868 3193 2128 3245 protendens

1246 3270 1394 3298 manus
1415 3258 1563 3297 adorat
1584 3258 1754 3308 vulgum
1772 3271 1782 3306 ;
1798 3264 1843 3297 et
1855 3270 1909 3297 ex
1930 3257 2128 3298 Claverio

1249 3321 1469 3362 Cedrenus
1487 3320 1639 3361 scribit
1664 3321 1825 3372 Regem
1845 3333 1988 3361 mense
2010 3321 2128 3362 Maio

1245 3385 1531 3441 prodeuntem
1566 3385 1609 3425 in
1637 3384 1855 3439 publicum
1886 3386 2128 3439 προσκυνεῖν,
