2300 3906
306 156 418 212 664
490 171 587 211 012.
624 171 854 213 CLAUD.
891 171 1058 212 xxu.
1098 170 1167 210 IN
1207 170 1250 209 1.
1291 167 1466 208 ooNS.
1504 166 1773 207 S'rlmcn.
1814 168 1932 208 LIB.
1972 168 2038 207 11.

313 287 611 343 Caesariem
633 276 815 352 ¹sertiS,
843 292 899 340 et
921 290 1071 341 lutea
1095 287 1218 339 lora
1234 287 1514 356 jubasque

311 372 564 441 Subligat
587 372 897 441 alipedum:
936 371 1146 439 gelidas
1167 371 1294 423 hinc
1320 371 1540 424 Lucifer
1564 377 1737 436 ornat,

310 457 463 511 Hinc
489 458 704 511 Aurora
729 472 948 510 comas:
979 456 1256 525 juxtaque
1279 455 1475 508 arridet
1497 457 1727 518 habenis

309 540 549 605 AureuS,
574 546 628 593 et
647 557 842 593 nomen
869 540 1163 609 praetendit
1188 538 1468 603 ConsuliS,
1495 556 1666 592 annus
1687 558 1701 593 :

311 623 483 692 Inque
506 641 680 678 novos
705 625 903 677 iterum
926 626 1175 678 revoluto
1202 624 1426 676 cardine
1453 639 1652 676 cursus
2026 624 2132 677 475

311 705 566 762 Scribant
589 710 828 763 aetheriis
855 710 1217 763 Stilichonem
1241 709 1424 762 sidera
1447 709 1631 762 fastiS.

307 856 456 907 riseris,
473 862 512 898 et
530 859 697 899 habenas
713 872 881 910 croceas,
901 859 1063 910 etjubas
1079 872 1259 911 equorum
1278 872 1465 900 suorum.
1521 859 1632 897 Hinc
1650 856 1812 906 Lucifer
1828 859 1984 898 decorat
2003 859 2130 898 crines

306 912 491 961 rou-idos,
508 913 599 951 inde
618 915 800 952 Aurora:
825 917 864 952 et
880 924 999 963 prope
1026 924 1150 951 annus
1167 924 1306 951 aureus
1322 911 1489 960 arridet,
1520 915 1653 950 tenens
1681 911 1763 950 lora
1781 922 1872 961 sua,
1899 915 1939 950 et
1966 911 2133 963 praesert

307 975 446 1004 nomen
466 965 649 1004 Consulis
659 979 675 1012 ;
701 977 841 1004 rursus
858 977 968 1004 verso
984 964 1143 1004 cardine
1166 964 1210 1003 in
1229 965 1467 1004 curriculum
1483 976 1635 1017 novum,
1664 964 1743 1003 Dii
1761 963 1844 1016 ipsi
1862 964 2032 1004 scribunt
2051 964 2135 1004 Sti-

308 1015 496 1057 lichonem
514 1018 556 1057 in
574 1017 711 1058 Fastis
725 1016 954 1058 coelestibus.

1073 1118 1241 1135 cenete
1245 1118 1293 1134 ‘O
1297 1118 1368 1135 ’θ’

299 1190 574 1242 fraglantibuo
584 1192 739 1233 Petav.
756 1204 822 1244 pr.
840 1191 1122 1242 fragrantibus
1136 1193 1204 1232 vel
1211 1192 1484 1244 flagrantibus
1500 1193 1601 1232 Vat.
1617 1195 1819 1244 pin—4⁷1
1849 1192 1996 1233 Lethea
2013 1193 2135 1234 Rott.

309 1246 458 1286 lintheo
476 1246 652 1286 Thoios.
679 1247 785 1286 lutea
802 1245 886 1286 duo
904 1247 1026 1286 Vatt.
1046 1246 1143 1286 Pal.
1165 1246 1289 1287 Farn.
1305 1246 1436 1286 Prie:
1447 1247 1556 1297 Reg.
1577 1247 1740 1286 Thuan.
1757 1246 1841 1286 duo
1861 1247 2017 1289 PetaV.
2031 1248 2136 1288 Vat.

310 1298 448 1339 Livin.
468 1303 552 1339 vet.
573 1299 679 1352 Gyr.
696 1300 803 1339 Exc.
819 1299 929 1339 Laeti
943 1305 988 1340 et
1001 1300 1184 1339 Lucens.
1200 1312 1264 1351 pr.
1292 1300 1417 1339 lactea
1434 1299 1517 1339 duo
1535 1299 1687 1338 Leidd.
1704 1304 1750 1339 et
1766 1299 1955 1339 sedecim
1968 1300 2137 1352 scripti,

310 1350 414 1392 ΑΜ.
435 1352 504 1394 ed.
525 1353 667 1393 Parm.
698 1358 744 1392 et
762 1353 905 1393 Vicet.
939 1354 1048 1394 Exc.
1081 1353 1260 1392 Gevart.
1281 1353 1383 1392 Var.
1404 1353 1489 1392 LL.
1522 1352 1589 1392 ed.
1622 1351 1755 1393 Antv.
1795 1354 1903 1392 lutea
1922 1354 1992 1393 vel
2011 1355 2138 1394 lactea
2214 1352 2217 1355 ⁴
2272 1378 2279 1385 «

310 1404 462 1445 Petav.
482 1411 584 1445 tert.
605 1406 690 1445 duo
710 1405 854 1446 Oxon.
882 1407 979 1445 colla
997 1405 1097 1447 Jun.
1118 1418 1182 1458 pr.
1204 1406 1344 1446 Oxou.
1362 1409 1584 1446 ὅρα-473
1611 1406 1767 1445 adridet
1786 1406 1869 1446 duo
1888 1406 2010 1446 Med.
2032 1409 2138 1448 Exc.

309 1458 493 1499 Lucens.
513 1471 579 1511 pr.
599 1460 668 1500 ed.
689 1459 728 1497 V
732 1459 833 1499 icet.
873 1459 1008 1499 illudit
1029 1459 1146 1499 Pric.
1178 1459 1281 1500 Jun.
1303 1472 1369 1511 pr.
1389 1459 1532 1499 Oxon.
1557 1470 1643 1498 sec.
1662 1471 1715 1498 m.
1735 1471 1799 1510 pr.
1841 1459 2004 1499 colludit
2025 1459 2135 1513 Reg.

311 1511 482 1552 Thuan.
501 1512 666 1553 Mazar.
694 1513 835 1552 alludit
853 1513 954 1553 Vat.
971 1525 1035 1563 pr.
1050 1517 1095 1552 et
1111 1517 1211 1552 tert.
1230 1513 1326 1552 Pal.
1341 1513 1470 1552 Farn.
1487 1514 1610 1552 Rott.
1629 1512 1767 1553 Oisel.
1781 1512 1974 1552 Florent.
1991 1511 2135 1553 Oxou.

309 1575 379 1616 pr.
411 1565 495 1614 duo
515 1565 636 1606 Med.
663 1566 813 1605 arridet
834 1566 901 1604 vel
918 1566 1060 1605 alludit
1079 1567 1180 1606 Vat.
1201 1571 1342 1617 quart.
1372 1567 1526 1606 Petav.
1559 1577 1626 1616 pr.
1657 1566 1823 1605 habenas
1839 1566 1944 1605 vat.
1973 1577 2057 1606 sec.
2077 1578 2136 1607 m.

310 1621 513 1669 pr.—475
554 1631 671 1657 novos
688 1622 842 1658 tantum
861 1619 956 1658 Pal.
997 1620 1164 1657 resoluto
1195 1619 1298 1658 Lov.
1327 1631 1462 1658 rursus
1479 1618 1576 1658 Pal.
1599 1619 1719 1659 Rott.
1747 1631 1883 1659 currus
1901 1619 2137 1660 Pat.-—4⁷6

307 1671 472 1763 ⁷agae-reis
491 1672 574 1712 inc.
595 1671 747 1713 Heius.
778 1674 919 1712 saecula
939 1672 1007 1712 vel
1025 1671 1183 1712 numine
1202 1683 1281 1724 pro
1299 1672 1430 1712 sidera
1463 1673 1622 1713 Moret.
1655 1684 1743 1712 sec.
1763 1672 1889 1721 fastis
1922 1673 1991 1712 vel
2014 1673 2138 1721 factis

350 1729 409 1764 at.
431 1729 535 1765 tert.

1130 1818 1314 1862 NOTAE

363 1903 443 1940 472
492 1900 656 1940 Gelidus
686 1901 834 1952 comas]
892 1901 1083 1953 Propter
1120 1914 1186 1941 ro·
1255 1901 1356 1941 anni
1383 1901 1572 1942 emensi:
1609 1912 1685 1953 per
1711 1913 1825 1942 novos
1851 1913 1985 1942 cursus
2010 1900 2136 1942 intel-

311 1974 403 2002 rem
423 1962 692 2003 matutinum.
753 1963 927 2005 Lucifer
958 1970 1003 2005 et
1022 1964 1190 2006 Aurora
1253 1965 1337 2017 lige
1356 1977 1512 2005 annum
1530 1964 1824 2016 incipientem.

310 2024 512 2078 perpetui
531 2024 638 2065 Solis
656 2025 852 2067 comites.
1307 2031 1389 2067 476
1416 2028 1635 2081 AEthereis]
1669 2027 1941 2081 Coelestibus,
1965 2027 2134 2068 immor-

363 2090 442 2130 475
490 2087 698 2141 Revelato]
744 2089 840 2130 Hoc
883 2088 1010 2130 finem
1046 2088 1189 2142 arguit
1255 2090 1424 2132 talibus.
