2300 3906
277 202 385 255 730

826 213 920 255 01..
961 210 1315 253 GLAUDIANI
1354 208 1544 249 xxv1.

277 331 521 400 Alpibus
543 332 769 385 ulterius
793 331 939 382 Latii
962 329 1077 380 fore
1107 328 1356 380 credidit·
1365 330 1613 381 umbram
1633 329 1658 380 ‘l

279 416 481 469 Nonne
506 418 657 470 velut
682 422 849 483 capta
874 431 1058 467 rumor
1080 413 1416 466 miserabilis
1442 412 1593 465 Urbe

275 501 455 553 Trans
481 501 635 562 freta,
662 506 812 551 trans
836 499 1054 562 Gallos,
1083 499 1521 566 Pyrenaeumque
1548 496 1824 563 cucurrit3

1989 495 2097 549 200

278 585 579 653 Famaque,
606 586 878 651 nigrantes
905 585 1193 636 succincta
1217 583 1517 650 pavoribus
1542 583 1680 645 alaS‚

277 669 479 729 Secum
507 674 706 721 cuncta
731 670 972 732 trahenS,
1002 685 1035 720 a
1061 668 1317 721 Gadibus
1342 682 1514 733 usque
1540 665 1868 719 Britannum

277 753 492 804 Terruit
517 753 820 815 Oceanum,
847 758 902 806 et
926 759 1115 805 nostro
1143 752 1340 820 procul
1367 767 1475 803 axe
1499 754 1766 804 remotam

276 835 508 888 Insolito
535 837 669 888 belli
695 837 997 890 tremefecit
1019 853 1288 889 murmure
1310 836 1562 888 Thulen?

276 919 677 972 Mandemusne
704 922 845 973 Noti
871 922 1080 984 flabriS,
1110 936 1484 989 quoscumque
1506 920 1729 972 timores

1997 920 2104 973 205

274 1006 627 1068 PertulimUS,
655 1006 808 1058 festae
836 1006 1054 1058 doleant
1078 1023 1145 1058 ne
1171 1007 1427 1058 tristibus
1456 1007 1655 1057 aures?

272 1128 358 1179 quis
372 1131 564 1178 putasset,
596 1127 758 1179 Alpibus
773 1128 1002 1179 patefactis,
1031 1130 1100 1168 vel
1133 1129 1305 1169 umbram
1340 1130 1472 1170 ltaliae
1500 1142 1765 1170 remansuram
1787 1141 1881 1169 esse
1899 1126 2108 1179 deinceps?

273 1183 338 1220 An
367 1194 441 1220 non
450 1181 564 1228 sctma
581 1181 724 1221 misera
750 1184 891 1221 volavit
910 1184 1014 1222 ultra
1040 1183 1180 1234 maria,
1213 1185 1319 1222 ultra
1339 1184 1477 1223 Gallos
1491 1188 1530 1222 et
1551 1184 1764 1235 Pyrenoeos
1783 1187 1964 1229 montes,
1993 1181 2105 1233 quasi

271 1235 398 1274 Roma
432 1239 616 1284 occupata
632 1248 647 1282 ;
685 1239 723 1274 et
744 1234 859 1282 fatua
878 1236 1037 1274 habens
1056 1237 1202 1275 cinctus
1219 1236 1424 1275 timoribus
1438 1249 1585 1287 pennas
1614 1237 1766 1286 nigras,
1796 1236 1951 1287 rapiens
1977 1235 2106 1276 omnia

270 1300 411 1336 secum,
430 1289 634 1328 territavit
653 1301 758 1327 mare
771 1289 988 1339 Anglorum
1004 1302 1119 1340 usque
1136 1303 1160 1328 a
1183 1289 1373 1339 Gadibus,
1393 1294 1430 1328 et
1446 1291 1660 1340 perterruit
1679 1290 1828 1328 insueto
1844 1301 1995 1328 rumore
2015 1288 2106 1328 belli

272 1341 492 1380 Islandiam
511 1342 622 1391 longe
640 1342 851 1381 distantem
884 1356 908 1381 a
939 1345 1083 1382 nostris
1101 1340 1285 1396 finibus?
1314 1344 1379 1381 An
1398 1343 1574 1381 dabimus
1592 1342 1829 1394 staminibus
1844 1343 1966 1390 venti,
1995 1353 2105 1393 quos·

268 1406 429 1446 cumque
448 1395 556 1445 passi
585 1407 719 1434 sumus
738 1400 875 1448 metus,
906 1409 953 1435 ne
981 1408 1095 1436 attres
1123 1401 1280 1435 nostrae
1301 1397 1403 1434 loetae
1421 1396 1653 1449 affligantur
1674 1396 1799 1435 rebus
1819 1393 1997 1436 moestis?
2038 1396 2104 1434 An

1038 1474 1109 1488 ‘O‘
1114 1473 1333 1488 “M“Oe

271 1517 359 1553 198-
398 1514 561 1553 alterius
591 1516 696 1556 Exc.
731 1516 836 1555 Cod.
872 1516 1022 1555 Rhem.
1053 1516 1222 1555 interius
1252 1517 1359 1556 Exc.
1398 1515 1505 1555 Laeti
1540 1528 1595 1554 m.
1636 1527 1700 1566 pr.
1742 1514 1838 1554 socii
1875 1526 1953 1565 pro
1990 1515 2105 1554 Latii

269 1568 370 1606 Vat.
388 1579 451 1618 pr.
474 1569 601 1606 Farn.
646 1569 766 1607 Latio
796 1569 952 1608 Moret.
985 1573 1208 1608 sem—199
1251 1570 1406 1607 Numne
1426 1569 1544 1608 Leid.
1565 1571 1789 1608 sem—200
1834 1568 1958 1606 Trans
1976 1567 2107 1619 Styga

272 1620 432 1659 Moret.
453 1632 518 1669 pr.
562 1625 674 1659 trans
682 1621 828 1671 fluvios
859 1620 1008 1661 Ambr.
1040 1633 1102 1672 pr.
1124 1622 1278 1661 Sched.
1307 1621 1420 1660 Gud.
1451 1621 1731 1672 Cujac.—-201
1777 1620 1967 1660 Succensa
1997 1622 2106 1662 Exc.

271 1672 532 1711 Laeti.—203
585 1675 762 1712 Oceanus
780 1675 887 1713 Exc.
910 1674 1033 1714 Laeti.
1085 1675 1279 1714 Oceanum
1297 1678 1427 1713 nostro
1446 1674 1547 1715 Jun.
1567 1687 1632 1726 pr.
1652 1673 1771 1714 Med.
1793 1678 1931 1726 quart.
1976 1679 2105 1714 vestro

268 1725 399 1764 Farn.
420 1738 485 1763 ore
523 1726 627 1767 Jun.
651 1739 712 1776 pr.
753 1726 842 1766 orbe
862 1728 961 1767 Vat.
984 1733 1122 1780 quart.
1163 1727 1252 1766 orbe
1289 1728 1357 1766 vel
1376 1740 1453 1766 axe
1480 1727 1621 1767 Oxon.
1653 1740 1740 1768 sec.
1782 1732 1928 1767 remoto
1947 1728 2103 1768 Petav.

268 1782 488 1818 seru—204
535 1779 696 1818 Insoliti
728 1781 834 1819 Exc.
868 1781 992 1820 Laeti.
1040 1781 1187 1832 Thylen
1221 1782 1328 1831 Reg.
1362 1780 1523 1821 Thuan.
1554 1783 1661 1821 Exc.
1681 1782 1864 1821 Lucens.
1885 1794 1949 1832 pr.
1996 1781 2107 1821 Tilen

267 1832 385 1871 Leid.
418 1845 481 1883 pr.
517 1834 657 1873 Oxon.
690 1846 751 1883 pr.
795 1833 915 1885 Tylen
952 1835 1114 1874 Moret.
1149 1846 1238 1874 sec.
1286 1834 1421 1885 Tylem
1452 1835 1574 1875 Leid.
1610 1847 1698 1874 sec.
1746 1835 1909 1886 Thylem
1942 1835 2104 1875 Mazar.

268 1886 421 1926 PetaV.
460 1898 545 1926 sec.
611 1886 749 1925 Thilen
782 1887 883 1926 Put.
909 1889 1066 1928 Moret.
1087 1900 1150 1939 pr.
1171 1888 1325 1927 Petav.
1349 1893 1451 1927 tert.
1494 1888 1644 1928 Thilem
1672 1888 1792 1928 Med.
1813 1901 1895 1928 sec.
1944 1889 2105 1928 Thalem

267 1939 369 1978 Vat.
402 1944 503 1979 tert.
538 1941 632 1978 Pal.
668 1941 797 1979 Farn.
832 1941 1020 1981 Florent.
1055 1941 1139 1980 duo
1174 1942 1292 1981 Med.
1326 1942 1500 1981 Tholos.
1534 1941 1618 1982 duo
1658 1940 1939 1981 Ambr.-205
1988 1942 2107 1981 Man-

266 1993 449 2031 damusne
484 1993 586 2031 vat.
623 1993 756 2043 quint.
784 2005 1016 2045 quocumque
1047 1995 1349 2035 Mazara-206
1376 1994 1625 2035 Protulimus
1653 1996 1815 2035 Moret.
1837 2007 1901 2045 pr.
1931 1995 2105 2034 Pertulit

267 2048 307 2084 et
336 2045 437 2085 Pat.
456 2044 575 2094 fessoe
604 2046 706 2086 Put.
734 2045 886 2087 Ambr.
919 2053 1022 2088 tert.
1050 2052 1212 2088 noceant
1241 2048 1359 2088 Med.
1387 2060 1473 2089 sec.
1501 2061 1570 2088 nec
1602 2049 1783 2088 tristibus
1812 2048 1931 2088 Med.
1960 2053 2103 2101 quart.

1100 2127 1276 2167 NOTAE

266 2190 440 2231 fluvium
460 2191 592 2231 deleti
611 2198 723 2232 sunt.
1221 2195 1367 2233 Insula
1385 2194 1530 2234 Gades
1563 2193 1721 2234 fretum
1743 2193 1957 2246 contingit
1989 2193 2104 2246 quod

324 2254 406 2292 Pro
423 2255 636 2306 montibus]
687 2255 818 2307 Alpes
858 2262 903 2297 et
938 2257 1150 2297 Eridanus
1218 2257 1318 2297 inde
1353 2257 1616 2297 Gaditanum
1648 2256 1917 2308 perhibetur,
1951 2268 1976 2295 a
2004 2267 2106 2295 con-

268 2317 477 2357 Getarum
500 2319 707 2369 sanguine
728 2320 995 2359 exundantes
1018 2320 1151 2359 vindi·
1220 2320 1376 2359 tinenti
1406 2324 1587 2371 angusto
1615 2319 1757 2370 spatio
1788 2330 1838 2358 ac
1867 2317 2001 2358 veluti
2026 2316 2104 2357 flu-

267 2384 419 2419 carunt
436 2380 634 2430 injuriam
655 2380 815 2420 factam
835 2388 900 2421 tot
916 2382 1185 2437 montibus„
1218 2383 1330 2422 mine
1363 2381 1575 2422 abscissa:
1606 2393 1733 2433 quam
1763 2381 1884 2432 Tyrii
1914 2393 1938 2419 a
1971 2380 2103 2421 rubro

268 2449 332 2482 tot
352 2441 508 2492 Ηιινὶίς,
532 2457 634 2495 quos
657 2444 785 2484 Getae
807 2446 990 2496 superbe
1013 2452 1147 2486 trans·
1215 2446 1322 2484 mari
1361 2443 1567 2496 profecti,
1620 2444 1903 2494 Erythraeam‚
1978 2443 2103 2483 Poeni

263 2505 403 2544 ierant
422 2511 552 2556 atque
572 2507 860 2547 calcaverant.
1214 2508 1360 2559 lingua
1378 2519 1453 2547 sua
1469 2507 1621 2558 Gadir,
1638 2506 1682 2545 id
1697 2511 1780 2557 est,
1799 2517 1959 2557 sepem,
1974 2506 2114 2546 nomi·-¹

320 2571 399 2608 198
432 2569 636 2619 Umbram]
666 2571 745 2610 Vel
764 2577 935 2611 tenuem
950 2572 1146 2624 figuram.
1215 2570 1401 2610 narum!
1455 2569 1600 2609 Hodie
1629 2568 1786 2608 dicitur
1808 2568 1942 2619 Gadis,
1971 2573 2016 2608 et
2030 2574 2103 2610 est

266 2631 389 2671 Adeo
406 2632 532 2672 Italia
549 2646 574 2672 a
590 2633 712 2674 Getis
729 2634 913 2675 delenda
927 2647 1019 2676 esse
1035 2637 1148 2677 vide-

265 2695 406 2735 batur.

318 2762 398 2799 200
442 2760 693 2811 Pyrenaeum]
737 2762 865 2801 Mons
900 2762 1014 2802 inter
1047 2763 1148 2803 Gal-

264 2822 362 2861 liam
384 2828 428 2862 et
452 2823 722 2874 Hispaniam,
752 2825 908 2874 dictus,
938 2827 1004 2865 vel
1025 2839 1048 2866 a
1070 2840 1146 2878 pu-

202 2925 204 2927 ,
265 2884 350 2924 ella
370 2886 553 2936 Pyrene,
572 2888 636 2925 vel
653 2887 728 2926 ἀπὸ
747 2890 818 2927 τοῦ
835 2888 967 2941 πυρὸς,
987 2890 1036 2929 ab
1055 2891 1146 2940 igne

264 2944 486 2992 fulminum
522 2949 673 2999 quibus
702 2952 841 2991 solent
867 2953 943 2991 alti
980 2959 1147 2993 montes

263 3007 485 3049 infestari:
529 3014 540 3033 ‘
571 3011 817 3066 feriuntque
850 3028 1034 3057 summos
1065 3016 1147 3057 ful-

264 3072 378 3118 mina
397 3074 591 3113 montes!
621 3076 774 3116 Horat.

317 3139 396 3176 201
428 3137 571 3188 Fama]
623 3139 734 3178 Huic
776 3141 1024 3183 tribuuntur
1064 3145 1144 3184 alae

264 3197 319 3238 ob
338 3199 616 3240 celeritatem.

317 3264 397 3301 202
429 3261 625 3313 Gadibus]
667 3263 915 3305 Cluverius:
959 3269 971 3289 ‘
992 3269 1045 3308 In
1079 3282 1147 3309 ca-

264 3326 356 3378 pite
375 3326 571 3379 Baeticae,
603 3328 683 3381 ubi
709 3334 926 3371 extremus
960 3335 1145 3386 antiquis

1216 2635 1452 2687 emporium
1470 2634 1789 2674 nobilissimum.
1847 2634 1955 2676 Quis
1975 2639 2103 2685 putet

1216 2699 1269 2737 ab
1290 2699 1367 2737 hac
1387 2697 1522 2737 insula
1541 2696 1818 2738 Andalusiam
1839 2697 2044 2749 contingi.

1268 2765 1349 2802 204
1383 2762 1546 2812 Thulen]
1566 2761 1796 2801 Islandiam
1811 2762 2006 2814 insulam,
2022 2762 2101 2802 sub

1215 2825 1375 2869 circulo
1396 2826 1531 2876 polari
1551 2824 1743 2866 Arctioe.
1797 2858 1810 2868 .

1269 2893 1346 2929 205
1379 2888 1498 2940 Noti]
1527 2889 1667 2929 Notus
1686 2894 1753 2930 est
1771 2893 1926 2929 ventus
1945 2886 2051 2930 flans
2072 2898 2098 2927 a

1214 2953 1423 2995 meridie:
1453 2956 1518 2995 hic
1540 2955 1714 3007 ponitur
1735 2965 1812 3004 pro
1833 2962 2098 3004 quocumque

1214 3007 1358 3071 ventu.
1378 3019 1571 3062 Mandare
1593 3016 1691 3056 Noti
1701 3015 1858 3067 flabris,
1872 3027 1948 3054 seu
1968 3020 2098 3056 vento

1214 3080 1335 3129 dare,
1356 3080 1400 3119 id
1420 3085 1502 3129 est,
1520 3079 1723 3119 oblivioni
1743 3078 1932 3118 tradere.

1266 3145 1347 3181 206
1375 3142 1506 3181 Festae
1524 3143 1653 3193 aures]
1673 3141 1726 3180 Id
1742 3147 1826 3190 est,
1841 3154 1966 3187 aures
1983 3142 2095 3183 laetae

1212 3206 1258 3246 in
1273 3204 1420 3244 diebus
1436 3203 1582 3253 festis3
1612 3216 1689 3256 per
1706 3216 1808 3255 qnos
1820 3203 1987 3256 Pagani
2003 3204 2096 3245 abs·

1211 3269 1406 3309 tinebant
1426 3269 1568 3308 verbis
1590 3269 1795 3309 tristibus.
1858 3269 2091 3310 Horatius:

1212 3332 1225 3354 ‘
1241 3331 1359 3372 Male
1380 3331 1577 3373 ominatis
1595 3332 1774 3374 Parcite
1795 3330 1965 3374 verbis?
1988 3352 1994 3357 -

262 3388 516 3435 mortalibus
535 3391 628 3432 noti
647 3391 779 3432 Orbis
805 3399 900 3434 erat
920 3396 1145 3449 terminus,
1223 3432 1225 3434 .
