2300 3906
772 190 851 229 DE
895 191 972 231 v1.
1014 191 1185 232 cons,
1227 192 1462 232 HoNoR.
1911 184 2019 239 843

199 301 423 356 Intonat
449 301 764 370 Augustum
792 309 1030 373 septenis
1056 311 1274 362 arcibus
1298 310 1484 363 Echo!

198 384 322 438 Nec
346 387 480 438 solis
506 385 597 437 hic
622 403 814 439 cursus
846 392 1034 458 equis:
1075 399 1298 447 assueta
1319 394 1600 463 quadrigis

196 465 432 533 Cingunt
453 485 583 519 arva
609 472 814 532 trabeS‚
843 475 1151 542 subitaeque
1176 483 1441 544 aspectus
1466 494 1643 533 arenae

195 549 471 601 Diffundit
498 551 741 620 Libycos
769 557 953 609 aliena
979 559 1120 610 valle
1147 576 1387 613 cruores,
1911 562 2019 615 620

186 688 268 737 git,
288 692 327 727 et
340 700 416 726 una
440 689 545 727 Echo
563 697 742 739 personat
762 705 912 733 nomen
933 695 1188 746 Imperatoris
1220 697 1262 735 in
1281 696 1457 736 omnibus
1486 702 1632 749 septem
1657 700 1826 741 collibus.
1882 701 2019 752 Neque

188 753 277 780 vero
296 753 430 780 cursus
449 747 515 781 est
532 755 712 793 equorum
732 747 922 786 solorum.-
957 749 1083 799 tigres
1098 751 1260 801 implent
1277 763 1431 801 campos
1442 755 1569 790 suetos
1585 752 1753 803 impleri
1773 754 1826 793 ab
1845 755 1964 805 equis,
1978 757 2019 793 et

181 793 311 842 facies
332 794 440 833 Circi
459 796 653 845 repentini
687 799 879 850 dispergit
897 802 1125 852 sanguinem
1144 803 1330 856 Libycum
1363 804 1407 843 in
1442 805 1541 843 valle
1558 808 1734 845 externa.
1790 806 1880 846 Hoc
1896 807 2017 859 spati-

950 907 1264 924 OOOOOOOOOOOOO

187 958 367 999 tendens
407 971 570 1008 mamm,
599 960 777 1004 adorare
812 965 998 1017 vulgum,
1030 965 1181 1016 jacere
1217 969 1362 1008 oscula
1382 973 1427 1008 et
1454 969 1592 1009 omnia
1611 971 1826 1011 serviliter
1846 983 1923 1022 pro
1941 971 2015 1012 do-

186 1011 446 1052 minatione.'
477 1013 574 1052 vide
613 1014 667 1054 de
695 1017 773 1055 boc
809 1018 895 1056 ritu
930 1019 1108 1058 Salmas.
1140 1020 1192 1058 ad
1225 1021 1337 1062 Hist.
1378 1021 1487 1073 Aug.
1528 1035 1571 1074 p.
1600 1023 1723 1063 ‘1413'
1770 1028 1924 1063 resonat
1942 1026 2012 1064 vel

183 1064 317 1104 reboat
335 1067 437 1104 Vat.
458 1077 543 1106 see.
591 1070 691 1106 lotos
723 1069 823 1109 Put.
851 1069 1000 1110 Ambr.
1026 1084 1089 1122 pr.
1135 1077 1242 1112 totus
1262 1073 1407 1115 Ambr.
1428 1079 1662 1116 tert—61⁷
1689 1077 1892 1127 Augustus
1911 1077 2014 1119 Put.

183 1118 337 1158 arcibus
357 1118 465 1168 Reg.
487 1119 819 1162 Thuan.Petav.
838 1136 927 1175 sec.
968 1125 1119 1164 artibus
1141 1127 1265 1165 Farn.
1311 1128 1489 1178 partibus
1518 1130 1623 1169 Exc.
1651 1130 1814 1170 Schott.
1856 1130 2015 1170 collibus

184 1170 268 1211 duo
282 1173 402 1211 Vatt.
426 1172 524 1212 Put.
540 1173 694 1214 Petav.
717 1187 781 1226 pr.
797 1176 948 1216 Sched.
964 1178 1077 1218 Gud.
1122 1178 1278 1218 vocibus
1294 1181 1391 1220 Vat.
1407 1193 1492 1221 sec.
1513 1194 1567 1221 ni.
1592 1194 1656 1233 pr.
1676 1190 1805 1234 atque
1824 1183 1884 1223 ita
1903 1184 2015 1235 lege·

182 1223 257 1264 bat
280 1225 498 1274 Heinsius,
521 1226 710 1276 ascripto
745 1228 838 1268 loco
859 1230 986 1269 Cons.
1008 1230 1162 1279 Olybr.
1193 1235 1283 1272 176.
1310 1234 1322 1254 ⁴
1340 1235 1555 1285 collesque
1585 1236 1754 1274 canoris
1786 1236 2011 1277 plausibus

182 1277 349 1329 impulsi
399 1283 578 1331 septena
612 1292 701 1319 voce
735 1282 971 1322 resultant!
1017 1283 1176 1322 collibus
1208 1286 1272 1323 vel
1311 1285 1503 1325 montibus
1533 1287 1633 1327 Vat.
1666 1300 1749 1327 sec.
1782 1301 1835 1329 m.
1873 1301 2012 1329 sec.—

182 1333 262 1370 618
294 1331 378 1370 Nec
396 1332 460 1371 hic
471 1343 604 1371 cursus
620 1333 730 1384 equis
745 1334 838 1374 solis
856 1335 885 1375 J
890 1347 956 1374 un.
979 1347 1042 1385 pr.
1089 1335 1177 1374 hinc
1196 1337 1316 1376 Rott.
1361 1339 1444 1377 haec
1458 1339 1559 1380 Put.
1604 1352 1741 1380 currus
1760 1341 1862 1390 Reg.
1889 1340 2011 1382 Med.

180 1389 317 1435 quart.
362 1397 477 1434 equos
495 1386 655 1426 Moret.
677 1399 742 1437 pr.
785 1392 939 1427 assueta
972 1388 1055 1427 duo
1078 1388 1195 1427 Med.
1230 1390 1333 1429 Exc.
1366 1392 1547 1430 Lucens.
1579 1404 1640 1441 pr.
1669 1393 1734 1431 ed.
1754 1394 1895 1433 vicet.
1940 1395 2011 1433 ad-

179 1441 288 1476 vecta
320 1438 419 1477 Vat.
449 1451 536 1478 sec.
558 1439 678 1479 Rott.
699 1440 818 1480 Med.
851 1446 990 1492 quart.
1020 1441 1100 1480 inc.
1131 1441 1280 1481 Heius.
1318 1443 1421 1494 Reg.
1442 1444 1598 1484 Thuan.
1629 1445 1778 1484 Petav.
1806 1458 1892 1485 sec.
1910 1446 2010 1487 Par..

177 1490 343 1530 Tholos.
365 1490 449 1529 duo
472 1491 620 1532 Ambr.
640 1493 742 1533 Jun.
767 1506 831 1543 pr.
855 1495 956 1534 Lov.
992 1495 1148 1534 Moret.
1176 1508 1264 1534 see.
1286 1496 1387 1536 Var.
1409 1497 1496 1536 LL.
1518 1509 1542 1536 e
1572 1510 1705 1547 marg.
1726 1499 1866 1539 Parin.
1883 1506 1927 1538 et
1944 1501 2011 1539 ed.

179 1541 311 1584 Antv.
357 1543 500 1583 attrita
520 1545 637 1585 Prie.
684 1550 838 1586 assueta
873 1547 939 1586 vel
959 1549 1120 1586 advecta
1141 1548 1260 1587 Leid.
1282 1561 1347 1598 pr.
1375 1549 1458 1588 duo
1480 1550 1622 1590 Oxou.
1646 1553 1833 1591 Florent.
1856 1553 2009 1592 Petav.

179 1608 245 1647 pr.
258 1597 360 1636 Vat.
380 1602 482 1637 tert.
505 1598 565 1637 sie
583 1597 846 1646 desuetafora
879 1598 991 1639 infra
1012 1612 1070 1638 vs.
1097 1603 1326 1641 645.-619
1353 1603 1526 1651 Tingunt
1550 1604 1652 1643 Exc.
1673 1605 1837 1643 schott.
1857 1610 1902 1644 et
1922 1605 2010 1645 Ge·

177 1653 284 1689 vart.
329 1650 505 1700 Cingunt
537 1651 605 1690 vel
640 1651 814 1701 Tingunt
854 1653 1043 1692 Florent.
1075 1653 1240 1693 Petav-
1262 1666 1325 1705 pr.
1371 1655 1532 1704 cingunt
1564 1669 1675 1695 arma
1705 1657 1855 1696 Barth.
1896 1670 2008 1697 arma

178 1702 260 1743 duo
281 1704 399 1743 Vatt.
423 1703 544 1743 Rott.
569 1704 687 1745 Med.
709 1710 849 1756 quart.
884 1705 986 1746 Put.
1015 1704 1164 1746 Ambr.
1198 1718 1261 1756 pr.
1306 1720 1415 1747 arma
1436 1709 1501 1747 vel
1524 1721 1617 1747 arva
1639 1710 1824 1749 Florent.
1844 1710 2003 1750 PetaV.

176 1767 241 1806 pr.
288 1756 418 1795 trabes
438 1757 556 1796 Leid.
579 1769 643 1808 pr.
664 1770 718 1797 m.
736 1770 801 1808 pr.
822 1759 923 1797 Vat.
946 1771 1011 1810 pr.
1035 1766 1121 1798 vet.
1155 1759 1261 1811 Gyr.
1294 1761 1396 1800 Exc.
1434 1761 1611 1802 Luc-ens.
1642 1774 1706 1813 pr.
1749 1763 1874 1812 tigres
1904 1775 2005 1814 qua-

177 1816 274 1847 tuor
290 1809 412 1848 Vatt.
430 1810 526 1850 Pal.
546 1811 670 1851 Fam.
708 1812 825 1851 Rott.
857 1812 956 1851 Vat.
989 1824 1052 1861 pr.
1085 1825 1140 1850 m.
1172 1825 1258 1851 see.
1305 1814 1430 1863 tigres
1462 1815 1527 1853 vel
1554 1815 1683 1853 trabes
1701 1815 1841 1855 Oxon.
1861 1827 2002 1856 sec.—

174 1864 254 1901 620
283 1861 528 1913 Diffundunt
545 1863 646 1902 Vat.
664 1875 729 1915 pr.
746 1877 802 1903 m.
819 1875 908 1904 sec.
958 1864 1146 1916 Effundit
1164 1866 1332 1905 Tholos.
1375 1866 1583 1917 Diffundit
1606 1868 1705 1907 Var.
1728 1869 1809 1908 LL.
1830 1881 1853 1908 e
1868 1881 2007 1922 marg.

1001 1969 1173 2010 NOTAE

173 2043 236 2085 καὶ
250 2045 646 2098 ἆντιπροσκυνεῖσθαι,
665 2048 843 2098 adorare,
875 2052 913 2087 et
943 2047 1057 2086 vicis-

172 2110 247 2150 sim
261 2112 444 2150 adorari.-
473 2110 550 2150 sed
588 2110 765 2150 adorare
797 2116 885 2149 tum
912 2110 1056 2160 latius,

173 2176 223 2212 ut
242 2178 364 2223 puto,
382 2172 578 2222 sumitur,
604 2177 650 2211 ut
671 2171 713 2210 in
735 2171 912 2221 Genesi,
943 2183 1055 2210 cum-

172 2246 257 2286 que
287 2237 299 2258 ‘
318 2234 567 2275 adorassent
591 2247 689 2275 eum
708 2234 862 2274 fratres
878 2234 970 2285 sui,’
1001 2234 1055 2274 de

170 2294 377 2336 fratribus
392 2298 573 2349 Joseph.

223 2362 303 2400 617
337 2361 459 2412 Echo]
488 2361 597 2400 Haec
615 2359 818 2411 Nympha
833 2364 942 2408 erat,
958 2370 1051 2410 quae

171 2435 196 2462 a
214 2423 420 2462 Narcisso
453 2428 616 2475 spreta,
651 2434 795 2461 amore
815 2421 1055 2472 contabuit,
1082 2450 1085 2453 -

171 2490 214 2525 et
234 2496 414 2535 corpore
446 2485 489 2523 in
517 2496 664 2524 saxum
692 2489 874 2533 mutato,
895 2483 953 2522 nil
973 2484 1051 2522 nisi

169 2559 319 2588 vocem
359 2547 552 2598 retinuit,
585 2560 679 2599 quae
712 2547 1052 2598 aliquandosep·

170 2611 250 2651 ties
266 2610 518 2659 remittitur,
550 2610 662 2648 unde
690 2609 808 2649 Echo
830 2622 855 2648 a
879 2609 1050 2647 Nonnio

169 2674 326 2714 dicitur
346 2671 606 2722 ἔπη-ἄστομος,
623 2676 769 2723 septem
797 2672 938 2710 habens
970 2684 1050 2711 ora.

168 2737 294 2777 Unde
333 2742 377 2776 et
415 2736 653 2784 Lucretius,
679 2735 691 2756 ‘
713 2747 789 2773 sex
831 2735 958 2773 etiam
998 2747 1048 2774 ac

167 2807 332 2851 septem
349 2799 443 2837 loca
457 2797 541 2837 vidi
558 2796 739 2836 reddere
758 2809 899 2845 voceS,
911 2797 1048 2836 Unam

167 2875 261 2903 curn
278 2861 440 2901 faceres
458 2861 483 2911 ;'
501 2868 544 2901 et
563 2861 606 2899 in
628 2860 731 2910 urbe
750 2860 923 2910 Cyzico,
942 2866 988 2900 et
1007 2861 1048 2899 in

150 2925 384 2977 *Olympiae
406 2925 574 2976 porticu
596 2924 712 2963 Echo
735 2922 814 2962 fuit
841 2930 1048 2974 septena3

167 2989 280 3028 unde
316 2986 555 3038 ἑπτάφωνος,
591 2987 733 3036 septies
772 2999 923 3036 sonans,
956 3000 1049 3038 por-

166 3051 276 3091 ticus
291 3050 532 3101 dicebatur,
549 3063 601 3089 ex
617 3049 773 3088 Plinio.
816 3050 935 3088 Talis
953 3058 1046 3089 erat

164 3113 281 3153 Echo
299 3113 545 3152 parisiensis
563 3125 697 3163 prope
711 3113 1012 3151 Can-eutonium
1034 3127 1043 3152 :

165 3175 290 3215 hodie
327 3176 445 3215 Eeho
481 3175 739 3221 Genuensis‚
769 3176 945 3214 eandem
979 3189 1045 3214 vo-

167 3248 259 3277 cem
296 3238 516 3290 plusquam
555 3236 698 3276 decies
730 3239 902 3287 repetit,
936 3238 1046 3277 unde

166 3298 380 3338 horribilis
416 3304 484 3339 est
521 3304 697 3338 tonante
738 3299 863 3340 Jove.
927 3301 1044 3339 Echo

167 3359 324 3402 dicitur
343 3360 460 3414 quasi
474 3360 588 3413 ἦχος,
611 3373 751 3404 sonus:
780 3362 832 3402 ab
861 3362 1043 3403 Horatio

1124 2048 1302 2098 ‘jocosa
1334 2049 1495 2088 Montis
1523 2049 1661 2100 imago
1678 2049 1704 2099 ;’
1733 2049 1787 2089 ab
1813 2048 2003 2091 Ausonio

1125 2112 1371 2162 appellatur
1389 2113 1400 2134 ‘
1423 2112 1531 2151 ae'ris
1554 2118 1595 2151 et
1612 2113 1767 2163 linguae
1783 2112 1898 2153 filia.'

1176 2177 1257 2213 619
1290 2174 1451 2226 Trabes]
1480 2175 1681 2226 Intellige
1706 2187 1856 2226 pegma
1871 2175 2003 2227 quod·

1123 2237 1236 2285 dam,
1250 2238 1293 2276 in
1314 2251 1398 2289 quo
1414 2238 1612 2278 luderent
1630 2239 1760 2289 ignee,
1775 2239 1875 2277 utin
1894 2239 2002 2278 Con-

1122 2299 1263 2338 sulatu
1282 2299 1510 2341 Theodori.
1558 2299 1639 2339 Alii
1656 2301 1804 2350 legunt
1826 2302 2003 2351 Cingunt

1119 2372 1215 2399 arva
1242 2361 1381 2410 tigres,
1403 2374 1497 2413 quae
1518 2362 1711 2400 curribus
1731 2362 1896 2412 jurictae
1918 2373 2001 2402 am-

1122 2421 1243 2461 biunt
1260 2423 1487 2472 currendo,
1506 2429 1550 2461 et
1566 2423 1683 2461 velut
1704 2423 1882 2474 implent
1898 2436 1999 2465 arva

1119 2490 1239 2522 sueta
1260 2484 1416 2523 calcari
1434 2484 1661 2536 quadrigis.
1690 2485 1838 2536 Tigres
1850 2486 1999 2537 junxit

1120 2546 1339 2586 Bacchus:
1362 2547 1509 2598 junxit
1529 2553 1573 2587 et
1596 2548 1916 2600 Heliogabalus,
1941 2550 1996 2590 de

1119 2620 1202 2659 quo
1225 2609 1359 2647 AElius
1396 2610 1680 2661 Lampridius,
1717 2612 1889 2662 ‘Junxit
1914 2613 1996 2653 sibi

1116 2677 1163 2710 et
1181 2672 1341 2722 leones,
1362 2672 1548 2712 Matrem
1577 2686 1771 2726 magnam
1784 2685 1829 2712 se
1849 2676 1996 2727 appel-

1116 2734 1233 2773 lans:
1256 2734 1404 2785 junxit
1437 2740 1482 2773 et
1512 2735 1660 2786 tigres,
1679 2736 1878 2776 Liberum
1901 2749 1995 2777 sese

1117 2796 1303 2837 vocans)

1169 2859 1375 2910 Aspectus]
1415 2861 1564 2899 Facies
1585 2872 1725 2900 arenae
1751 2861 1897 2901 statim
1927 2874 1994 2901 ru-

1117 2922 1208 2961 buit
1224 2934 1374 2961 cruore
1395 2921 1582 2962 ferarum
1611 2922 1880 2974 Libycarum,
1898 2936 1992 2976 quae

1115 2986 1256 3024 subito
1274 2985 1621 3025 immittebantur
1642 2985 1682 3023 in
1703 2986 1891 3036 Circum,
1910 2998 1995 3037 ope

1115 3049 1440 3088 machinamenti
1477 3048 1697 3099 eujusdam
1731 3048 1887 3099 fictitii,
1920 3049 1992 3089 ubi

1114 3111 1434 3159 occidebantur,
1469 3112 1566 3149 «lum
1596 3112 1638 3149 in
1674 3112 1820 3150 vallem
1853 3112 1991 3163 inopi-

1115 3187 1207 3213 nam
1229 3174 1555 3225 dejiciebantur.
1612 3173 1698 3212 Per
1717 3173 1880 3225 Libycos
1903 3186 1990 3213 m-

1112 3248 1197 3275 ores
1223 3237 1460 3287 intelligere
1493 3248 1713 3287 possumus
1740 3235 1989 3286 sanguinem

1112 3299 1281 3338 leonum
1297 3298 1570 3350 Libycorum.

1165 3365 1245 3402 620
1272 3360 1415 3406 Aliena
1448 3361 1566 3414 valle]
1606 3360 1659 3402 In
1686 3359 1795 3400 valle
1822 3359 1988 3413 ignota,
