2300 3906
748 196 827 235 nn
868 191 1065 236 nenne
1102 198 1325 238 cn‘rrco
1369 200 1486 239 mn.
1935 194 2040 254 ⁰711

227 305 292 357 In
317 306 497 374 majus
520 306 788 358 celebrata
800 307 1002 372 ferant,
1029 310 1317 379 ipsamque
1342 310 1602 364 secandis
1970 321 2040 373 15

223 389 429 457 Argois
454 390 708 441 trabibus
737 390 950 457 jactent
978 394 1207 447 sudasse
1234 395 1543 448 Minervam
1565 413 1579 461 3

222 474 343 526 Nec
368 475 607 526 nemoris
631 478 841 525 tantum
857 476 1108 542 junxisse
1133 481 1376 530 carentia
1399 496 1563 531 sensu

220 557 466 620 Robora,
494 556 611 618 sed,
641 572 795 608 caeso
832 558 1035 611 Tmarii
1060 559 1097 612 J
1101 560 1222 611 ovis
1248 576 1452 627 augure
1472 563 1620 626 luce,

216 638 429 692 Arbore
454 656 709 707 praesaga
734 642 948 694 tabulas
973 644 1242 695 animasse
1261 644 1543 710 loquaces.

216 723 460 775 Plurima
484 723 581 775 sed
609 725 861 793 quamvis
885 727 1056 778 variis
1078 727 1341 778 miracula
1364 729 1623 780 monstris

214 805 554 874 Ingeminent
578 811 789 860 teneras
812 809 1061 862 vincture
1089 811 1329 861 carmine
1354 815 1565 863 mentes
1587 829 1601 876 3

1966 733 2038 786 20

208 997 280 1036 pro
299 986 453 1036 expulso
469 986 640 1036 periculo
660 987 763 1026 tanti
787 986 980 1040 imperii?
1007 989 1178 1040 quamvis
1198 988 1334 1028 Poie'toe
1352 990 1543 1028 extollant
1561 989 1692 1029 omnia
1709 994 1824 1030 aucta
1838 990 1880 1030 in
1898 992 2035 1045 maius,

211 1042 250 1078 et
267 1039 467 1078 venditent
487 1039 686 1078 Palladem
703 1040 826 1090 ipsam
839 1042 1026 1081 laborasse
1044 1043 1084 1081 in
1100 1043 1319 1082 scindenais
1332 1043 1478 1082 tabulis
1490 1043 1651 1093 Argois,
1670 1048 1708 1082 et
1722 1056 1798 1082 non
1813 1046 1934 1084 solum
1949 1060 2036 1087 con-

201 1091 381 1140 junxisse
399 1092 507 1141 ligna
527 1093 717 1143 sylvarum
738 1095 914 1144 expertia
932 1107 1078 1145 sensus,
1095 1098 1161 1134 sed
1174 1097 1292 1134 etiam
1312 1096 1502 1135 animasse
1520 1097 1649 1135 trabes
1661 1098 1819 1147 vocales,
1836 1098 2038 1140 arboribus

199 1143 404 1193 fatidicis,
440 1145 561 1184 scissa
588 1147 701 1184 Jovis
722 1146 871 1185 Tmarii
903 1149 1009 1199 sylva
1040 1148 1287 1188 vaticinante.
1344 1150 1398 1188 At
1436 1162 1652 1199 quanquam
1688 1150 1828 1200 poetae
1860 1151 2038 1203 referunt

206 1198 398 1251 portentis
411 1199 576 1239 diversis
592 1201 715 1238 multa
730 1201 932 1251 prodigia,
951 1201 1123 1241 versibus
1140 1202 1442 1241 demulcentibus
1458 1202 1606 1241 animos
1623 1203 1813 1255 rudiores,
1828 1208 1865 1244 et
1886 1206 2034 1248 dicunt

972 1307 1239 1322 “O“‘OOO‘O
1246 1308 1267 1322 O

205 1385 308 1428 Put.
329 1386 433 1428 Lov.
453 1386 597 1428 Ambr.
618 1391 790 1438 pun—15
820 1388 862 1428 in
881 1387 1002 1437 majus
1022 1386 1223 1427 Heinsius
1244 1388 1500 1439 ascripserat
1539 1388 1677 1428 locum
1705 1386 1918 1429 Ammiani
1940 1389 2033 1431 Lib.

205 1451 299 1481 Χνι.
320 1453 361 1492 p.
382 1445 448 1481 69.
469 1441 538 1481 ed.
574 1441 807 1482 Lindenbr.
836 1444 847 1464 ⁴
866 1442 1091 1481 barbarica
1128 1441 1263 1480 rabies
1298 1448 1520 1482 exarserat
1552 1444 1593 1481 in
1615 1442 1780 1493 majus!
1810 1449 1855 1482 et
1883 1450 2035 1494 postea

205 1495 354 1534 eodem
375 1494 498 1545 libro,
526 1495 538 1517 ‘
555 1495 815 1547 querebatur
834 1495 887 1534 de
899 1495 1026 1546 fama,
1045 1494 1157 1546 quod
1179 1495 1320 1534 omnia
1353 1496 1395 1534 in
1415 1496 1551 1546 maJus
1590 1495 1799 1546 augeret!
1829 1497 1915 1537 vid.
1935 1509 2031 1548 pag.

204 1551 268 1587 84.
290 1551 381 1588 121.
404 1551 495 1588 171.
524 1548 584 1586 sic
603 1548 647 1587 in
663 1549 809 1599 melius,
826 1552 890 1599 &a
909 1548 994 1587 vid.
1016 1549 1232 1588 Passerat.
1253 1549 1307 1588 ad
1331 1548 1533 1600 Propert.
1552 1562 1593 1600 p.
1615 1552 1707 1588 223.
1738 1551 1913 1589 secundis
1931 1550 2029 1590 Vat.

204 1605 346 1652 quart.
369 1602 607 1640 Farn.—16
634 1601 785 1640 ratibus
812 1604 912 1641 Vat.
937 1603 1074 1653 quint.
1090 1601 1244 1649 jactent
1274 1602 1394 1640 Prie.
1432 1603 1552 1641 Rott.
1589 1602 1723 1641 Oisel.
1759 1602 1906 1643 Ambr.
1942 1615 2028 1643 sec.

203 1655 288 1693 duo
315 1653 467 1694 Petav.
502 1654 659 1702 jactant
679 1655 799 1694 Leid.
835 1667 919 1694 sec.
956 1667 1049 1694 cum
1081 1655 1388 1706 septemdecim
1422 1655 1515 1693 aliis
1535 1661 1580 1694 et
1608 1655 1676 1695 ed.
1694 1655 1835 1695 Vicet.
1883 1657 2030 1705 Argois

192 1706 343 1754 jactent
361 1707 536 1746 trabibus
554 1707 739 1747 malebat
755 1708 904 1748 Heius.
939 1707 1131 1756 fundasse
1161 1708 1363 1747 Par—17
1401 1709 1464 1747 Ne
1482 1709 1587 1747 Lov.
1630 1710 1755 1747 nostri
1774 1721 1851 1759 pro
1873 1713 2029 1748 tantum

202 1761 368 1799 Bonon.
395 1761 566 1800 vinxisse
587 1762 682 1801 Pal.
699 1762 799 1800 Vat.
820 1768 958 1813 quart.
1000 1761 1143 1800 vixisse
1160 1762 1260 1801 vat.
1281 1766 1381 1801 tert.
1416 1762 1537 1801 Rott.
1557 1762 1715 1800 Moret.
1738 1774 1822 1801 sec.
1839 1760 2027 1808 junxisse

198 1814 299 1852 Vat.
320 1814 456 1852 Livin.
492 1819 580 1853 tres
615 1814 731 1853 Med.
766 1816 872 1865 Reg.
906 1816 1066 1854 Thnan.
1099 1815 1262 1853 Mazar.
1299 1813 1474 1853 Tholos.
1508 1815 1668 1854 Mor-etz
1685 1826 1748 1865 pr.
1770 1814 1919 1854 Ambr.
1940 1827 2027 1855 sec.

200 1865 284 1906 duo
305 1865 458 1906 Petav.
479 1868 589 1906 Exc.
611 1867 791 1906 Gevart.
814 1869 994 1907 Lucens.
1010 1880 1075 1918 pr.
1098 1867 1308 1906 Ald.—18
1336 1869 1484 1906 rnonitu
1503 1880 1580 1917 pro
1605 1867 1754 1907 Tmarii
1773 1869 1878 1907 Exc.
1901 1868 2027 1908 Laeti.

199 1919 329 1959 tenari
346 1919 453 1970 Reg.
476 1919 615 1959 Oxou.
637 1931 699 1970 pr.
749 1922 873 1960 toneri
893 1921 1046 1959 Petav.
1068 1932 1150 1959 sec.
1175 1924 1299 1958 totum
1321 1921 1419 1959 Vat.
1440 1925 1541 1959 tert.
1569 1920 1710 1958 summi
1728 1921 1843 1959 Prie.
1862 1933 1917 1959 m.
1939 1933 2025 1960 sec.

199 1974 361 2013 Mon-et.
380 1985 463 2012 sec.
482 1973 584 2014 Jun.
604 1985 668 2024 pr.
692 1973 833 2012 Oxou.
849 1986 931 2013 sec.
957 1975 1040 2012 teni
1058 1975 1160 2012 Var.
1182 1973 1269 2011 LL.
1289 1973 1357 2012 ed.
1387 1972 1520 2012 Antv.
1550 1973 1673 2011 teneri
1694 1973 1776 2011 duo
1808 1973 1959 2012 Leidd.
1980 1979 2027 2013 et

197 2025 381 2067 maxima
399 2026 533 2066 Codd.
553 2038 667 2077 pars,
683 2026 788 2066 Exc.
802 2028 980 2066 Gevart.
995 2027 1174 2065 Lucens.
1192 2038 1256 2076 pr.
1278 2026 1347 2065 ed.
1365 2025 1508 2063 Parm.
1524 2031 1570 2064 et
1582 2025 1723 2064 Vieet.
1741 2026 1892 2065 Sched.
1909 2026 2026 2065 Gud.

196 2082 344 2119 monitu
356 2080 422 2119 vel
441 2081 565 2119 teneri
581 2081 769 2119 Florent.
802 2080 950 2119 Tmarii
970 2079 1120 2118 Heius.
1141 2079 1364 2130 Hesychii‚
1383 2079 1602 2128 Stephani,
1629 2083 1757 2129 atque
1776 2079 2023 2118 Callimachi

191 2133 583 2174 -auctoritate.-—-l9
598 2146 767 2173 armasse
785 2135 883 2173 Vat.
904 2138 1005 2172 tert.
1028 2132 1147 2172 Med.
1169 2143 1252 2172 sec.
1273 2132 1435 2170 Mazar.
1455 2131 1611 2170 Sched.
1633 2130 1745 2171 Gud.
1773 2144 1942 2170 armasse
1957 2133 2026 2180 vel

196 2188 385 2227 animasse
405 2188 595 2227 Florent.
622 2187 772 2228 Ambr.
798 2200 863 2239 pr.
881 2187 1023 2227 Oxon.
1041 2188 1237 2225 sec.—20
1267 2186 1326 2224 vel
1344 2185 1518 2236 quamvis
1532 2184 1632 2223 Vat.
1648 2184 1889 2224 Livin.——2l
1908 2185 2025 2234 Iuge-

195 2241 347 2281 minant
368 2240 490 2280 Leid.
515 2254 602 2282 sec.
623 2240 741 2280 Med.
763 2253 846 2280 sec.
869 2241 969 2282 Jun.
989 2252 1054 2291 pr.
1074 2240 1172 2278 Pat.
1191 2239 1295 2277 Exc.
1317 2238 1425 2277 Gev.
1446 2237 1666 2288 Ingeminet
1687 2237 1785 2276 Vat.
1805 2250 1889 2278 sec.
1909 2238 2026 2288 Inge-

195 2300 330 2334 nereut
348 2295 512 2334 Tholas.
541 2300 674 2336 tenera
697 2294 847 2334 victuro
865 2293 1018 2333 Sched.
1040 2292 1152 2332 Gud.
1178 2296 1320 2330 teneroe
1339 2292 1408 2330 vel
1435 2295 1587 2330 teneras
1609 2290 1727 2330 Leid.
1751 2303 1818 2341 pr.
1848 2291 2023 2330 cinctura

194 2347 295 2388 vat.
311 2348 448 2400 quint.
470 2349 660 2388 Florent.
678 2358 732 2385 m.
757 2360 844 2387 sec.
873 2346 990 2385 Med.
1010 2358 1074 2397 pr.
1094 2344 1242 2384 Ambr.
1263 2356 1327 2395 pr.
1355 2343 1525 2382 vincturi
1543 2345 1639 2383 Vat.
1660 2355 1727 2394 pr.
1747 2344 1873 2381 Fam.
1905 2344 2022 2384 Prie.

193 2401 331 2441 Oisel.
362 2403 650 2443 Juncturiinc.
681 2401 831 2441 Heius.
859 2400 1056 2438 vincturet
1072 2397 1192 2438 Med.
1234 2409 1320 2436 sec.
1350 2397 1500 2435 victuro
1531 2396 1653 2435 Leid.
1685 2407 1746 2446 pr.
1778 2397 1872 2435 Pal.
1899 2396 2019 2437 Med.

196 2461 336 2506 quart.
351 2458 516 2496 Mazar.
537 2457 635 2496 Pat.
656 2457 808 2495 Petav.
828 2466 894 2505 pr.
914 2454 1022 2492 Exc.
1056 2451 1161 2490 Cod.
1184 2450 1334 2489 Rhem.
1365 2449 1507 2488 victuri
1525 2449 1626 2488 Vat.
1647 2453 1747 2487 tert.
1771 2448 1894 2488 Rott.
1914 2449 2019 2489 Put.

1019 2529 1192 2571 NOTAE

192 2629 390 2670 laudatus
420 2635 502 2681 est,
523 2629 616 2683 quis
646 2630 747 2670 satis
770 2628 917 2669 laudet
951 2626 1068 2667 Stili-

193 2693 388 2745 chonem,
409 2694 463 2733 ob
496 2694 635 2734 navim
673 2693 799 2744 Reip.
840 2704 1067 2731 conserva-

192 2760 278 2796 tam
311 2763 459 2797 contra
487 2762 689 2797 cruentas
723 2757 932 2797 Getarum
962 2761 1069 2795 tern-

185 2823 411 2872 pestates?

244 2889 297 2925 16
325 2883 569 2936 Minervam]
599 2886 705 2927 Quae
728 2885 925 2925 texendae
947 2883 1066 2936 Argo
1135 2918 1137 2921 .

188 2950 285 2989 navi
332 2948 535 3000 praefecta
569 2955 678 2988 erat.
747 2948 873 2988 Unde
911 2947 1065 2987 dicitur

186 3013 369 3052 Palladia
385 3013 542 3063 puppis,
566 3017 613 3050 ut
633 3010 748 3050 facta
777 3022 802 3049 a
821 3010 1000 3050 Pallade
1021 3010 1063 3049 in

186 3087 306 3115 nsum
363 3076 549 3126 Jasonis,
596 3076 682 3124 vel,
730 3087 782 3114 ex
826 3075 1063 3114 Scholiaste

186 3136 328 3189 Arati,
346 3139 388 3178 in
409 3152 528 3179 usum
548 3140 685 3179 Danai
702 3138 883 3179 fratrem
904 3137 1063 3190 AEgyp-

188 3205 276 3241 tum
293 3202 514 3254 fugientis.

190 3283 194 3295 2
242 3267 292 3302 18
319 3266 489 3318 Tmarii]
532 3267 737 3306 Tomarus
786 3266 854 3305 vel
885 3266 1060 3305 Tmarus

189 3329 255 3364 est
289 3337 407 3367 mons
450 3329 645 3368 Dodonae
684 3330 815 3381 sylvae
849 3329 891 3368 in
928 3327 1061 3379 Epiro

182 3387 371 3429 Graecrae
400 3390 588 3440 regione.
643 3391 696 3431 In
729 3392 808 3431 hac
840 3392 960 3444 sylva
994 3402 1062 3430 co-

1136 2622 1289 2663 lumbae
1312 2621 1496 2674 AEgypto
1519 2619 1734 2673 profugae,
1750 2632 2015 2674 quercusque

1134 2685 1321 2725 fatidicae
1355 2696 1559 2736 responsa
1592 2683 1873 2724 dicebantur:
1911 2683 2016 2735 'hine

1134 2751 1292 2790 dicitur
1339 2750 1501 2801 Jupiter
1538 2749 1717 2788 Tmarius
1755 2749 1796 2787 in
1833 2749 2016 2799 Dodona,

1132 2812 1298 2866 Τμάριος
1317 2812 1410 2853 Ζεὺς
1440 2813 1480 2851 ἐν
1507 2810 1679 2863 Δοδῶνῃ.
1710 2811 1968 2863 Hesychius.

1187 2880 1349 2927 Augure
1368 2877 1469 2927 luco]
1512 2876 1629 2914 Luco
1647 2875 1792 2925 Jovis‚
1811 2874 1881 2926 qui
1906 2874 2012 2918 vatie

1132 2941 1371 2989 efflabatur,
1407 2940 1553 2989 sicque
1600 2949 1750 2988 augur,
1795 2935 2014 2987 fatidicus,

1130 3006 1298 3056 loquax,
1314 3013 1612 3054 praesagusque
1624 3000 1784 3048 dicitur
1801 3012 1810 3038 :
1836 2999 1880 3038 id
1900 2999 2014 3051 quod

1129 3067 1275 3107 fictum
1297 3071 1365 3106 est
1382 3078 1406 3104 a
1428 3064 1592 3113 Poetis,
1611 3064 1723 3115 quod
1739 3063 2011 3111 Sacerdotes,

1130 3131 1182 3170 ad
1202 3129 1425 3169 fovendam
1454 3127 1709 3179 populorum
1738 3124 2010 3177 superstiti&

1128 3207 1250 3244 nem,
1267 3194 1307 3232 in
1326 3193 1390 3231 his
1416 3189 1641 3230 arboribus
1667 3189 1851 3228 latentes
1880 3185 2009 3226 certis

1130 3255 1409 3309 temporibus,
1427 3254 1548 3293 velut
1565 3251 1736 3293 numina
1757 3247 2008 3291 consulenti-

1129 3319 1207 3361 bus
1226 3317 1551 3372 responderent.
