2300 3906
285 157 394 210 680
543 168 547 173 ’
841 170 936 208 GL.
977 163 1328 208 anumANi
1372 165 1557 205 xxxv.
1609 174 1614 177 ·

285 290 485 344 Verior
507 289 746 358 Augusti
770 289 1004 355 genitor,
1031 285 1238 337 fiducia.
1261 284 1414 350 belli,

287 375 459 427 Pacis
484 375 771 427 consilium
792 390 807 436 ;
846 388 943 439 per
968 385 1131 438 quem
1156 370 1413 437 squalore
1437 373 1644 422 remoto

287 459 527 511 Pristina
553 457 846 510 Romuleis
870 455 1109 507 infloruit
1135 455 1357 507 arcibus
1385 460 1519 507 aetas
1541 471 1553 506 :
1686 521 1690 525 Β
1892 501 1904 525 ‚

286 541 398 593 Per
422 559 588 610 quam
612 542 786 595 fracta
811 542 905 593 diu
928 540 1304 606 translataque
1330 555 1491 607 paene
1516 542 1784 607 potestaS,
2005 540 2112 593 125

289 625 425 678 Non
447 628 621 679 oblita
647 627 755 690 sui,
784 626 1077 679 servilibus
1103 625 1294 675 exulat
1321 623 1502 688 arvis3

288 707 355 760 In
380 710 668 778 proprium
693 710 791 762 sed
817 710 986 761 ducta
1010 708 1223 771 Larem,
1251 709 1500 760 victricia
1522 707 1699 760 reddit

288 790 434 845 Fata
456 794 595 857 solo,
619 792 926 860 fruiturque
950 793 1169 856 iterum,
1196 792 1401 859 quibus
1426 791 1670 843 haeserat
1693 791 1847 854 olim,

287 874 593 945 AuspiciiS,
619 878 904 945 capitique
930 878 1169 928 errantia
1191 876 1441 927 membra
1464 874 1705 942 reponit.

288 1039 477 1078 existens
491 1039 620 1079 verior
634 1043 747 1090 pater
768 1039 1039 1090 Imperatoris,
1056 1039 1286 1091 praesidium
1302 1038 1347 1078 in
1366 1039 1475 1091 bello,
1492 1040 1697 1080 consilium
1708 1040 1750 1079 in
1766 1052 1888 1091 pace;
1903 1052 1975 1092 per
1989 1053 2115 1092 quern,

288 1093 368 1131 situ
386 1094 559 1143 expulso,
575 1092 763 1141 juventus
779 1094 908 1144 prima
926 1093 1034 1132 urbis
1053 1093 1240 1133 Romame
1267 1092 1447 1144 refloruit
1459 1107 1472 1132 .·
1496 1106 1567 1144 per
1584 1106 1694 1144 quem
1724 1094 1900 1143 dignitas
1919 1094 2119 1133 Consula-

293 1150 361 1184 tus
379 1152 480 1184 ante
495 1148 662 1187 lacerata
681 1147 768 1195 diu,
786 1150 824 1185 et
834 1145 925 1194 fere
943 1147 1192 1197 transposita,
1210 1159 1284 1186 non
1303 1148 1503 1185 immemor
1521 1147 1581 1186 sui
1597 1148 1683 1187 exit
1700 1159 1751 1187 ex
1771 1147 1883 1197 agris
1895 1146 2117 1195 servilibus,

290 1200 357 1237 sed
376 1201 536 1238 reducta
551 1200 592 1238 in
611 1201 737 1238 sedem
752 1212 862 1238 suam
875 1201 1007 1239 reddit
1023 1200 1111 1239 urbi
1121 1199 1217 1249 fata
1232 1200 1533 1250 triumphantia,
1551 1204 1590 1240 et
1608 1213 1741 1239 rursus
1756 1200 1910 1252 potitur
1927 1201 2119 1250 auguriis,

293 1252 430 1304 quibus
457 1254 649 1304 quondam
666 1253 877 1293 constituta
900 1253 1055 1305 fuerat,
1087 1259 1123 1292 et
1143 1255 1273 1292 reddit
1300 1265 1444 1304 quoque
1461 1254 1583 1305 capiti
1602 1266 1677 1294 suo
1696 1266 1830 1306 corpus
1847 1254 2118 1294 errabundum.

1060 1373 1352 1389 OOO‘O‘O‘OO‘O

291 1453 360 1493 vel
379 1453 441 1493 his
459 1454 559 1495 Vat.
580 1458 683 1494 tert.
710 1455 851 1495 imbuit
870 1459 958 1495 tres
976 1456 1097 1496 Vatt.
1118 1455 1213 1494 Pal.
1233 1453 1351 1494 Prie.
1381 1454 1517 1495 Oisel.
1543 1453 1694 1495 Ambr.
1726 1458 1828 1495 tert.
1849 1455 1953 1494 Var.
1977 1455 2064 1494 LL.
2094 1466 2119 1495 e

291 1518 427 1558 marg.
451 1508 592 1547 Parm.
641 1507 781 1547 imbuit
810 1510 879 1548 vel
910 1509 1042 1548 induit
1072 1509 1173 1548 Vat.
1203 1512 1342 1559 quart.
1373 1508 1672 1548 Mazar.--122
1705 1508 1845 1547 Verior
1876 1508 1946 1546 vel
1984 1508 2121 1548 Votior

293 1560 413 1600 Med.
434 1564 672 1600 tert.-—l23
701 1562 925 1600 conscilium
943 1562 1208 1600 Farn.-124
1235 1560 1389 1599 artibus
1408 1572 1554 1600 omnes
1572 1561 1695 1600 Vatt.
1715 1561 1811 1600 Pal.
1844 1562 1971 1600 Fam.
2002 1561 2121 1601 Rott.

293 1612 432 1652 Oisel.
459 1613 613 1653 arcibus
633 1614 752 1654 Leid.
774 1627 835 1665 pr.
856 1614 971 1654 Prie.
992 1614 1074 1654 duo
1096 1613 1216 1653 Med.
1238 1612 1340 1653 Put.
1358 1614 1466 1665 Reg.
1487 1615 1651 1653 Tliuan.
1671 1614 1832 1653 Mazar.
1857 1615 2017 1654 Bonon.
2035 1613 2121 1654 duo

290 1665 441 1707 Ambr.
470 1668 593 1706 ambo
611 1668 768 1706 Moret.
789 1673 833 1707 et
846 1667 917 1707 ed.
936 1668 1080 1707 Parm.
1101 1679 1155 1706 ex
1175 1666 1440 1717 conjectura.
1455 1667 1608 1706 artibus
1623 1668 1690 1706 vel
1710 1667 1866 1707 arcibus
1884 1668 2121 1707 Low—125

291 1732 403 1770 quem
422 1720 566 1759 Parm.
613 1721 827 1771 Postquam
857 1722 1016 1761 Tlnuan.
1058 1721 1325 1771 translataque
1345 1721 1412 1759 vel
1444 1724 1669 1772 mutataque
1701 1721 1820 1761 Med.
1842 1727 1940 1761 tert.
1971 1720 2123 1762 deerat

292 1784 395 1812 vero
414 1772 482 1813 hle
502 1785 647 1813 versus
668 1773 769 1814 Jun.
791 1777 990 1825 pr.—-126
1021 1775 1137 1814 Nunc
1157 1773 1299 1814 Oxou.
1321 1786 1407 1814 sec.
1436 1775 1566 1813 exalet
1586 1775 1683 1815 Vat.
1704 1779 1807 1815 tert.
1830 1782 1969 1826 m.·pr.
1996 1775 2123 1815 antris

291 1827 391 1866 Vat.
413 1826 548 1878 quint.
590 1827 696 1866 arvis
713 1828 903 1867 Florent.
938 1834 1026 1867 tres
1048 1827 1165 1867 Med.
1199 1827 1283 1867 inc.
1307 1826 1459 1867 Heius.
1494 1828 1595 1868 Put.
1626 1829 1732 1879 Reg.
1762 1829 1928 1869 Mazar.
1954 1828 2121 1868 Bonon.

293 1879 393 1920 Pat.
411 1880 578 1920 Tholos.
599 1881 681 1919 duo
702 1881 855 1921 Petav.
877 1887 964 1920 tres
985 1879 1132 1921 Ambr.
1153 1882 1259 1920 Exc.
1280 1882 1404 1921 Laeti.
1433 1881 1554 1920 arm'is
1569 1882 1727 1922 Thuan.
1755 1883 1913 1922 Mor-et.
1936 1893 1999 1932 pr.
2018 1882 2121 1922 Vat.

294 1944 380 1972 sec.
400 1933 521 1972 Med.
542 1940 681 1986 quart.
706 1934 810 1973 Exc.
832 1936 1014 1974 Lucens.
1036 1947 1100 1985 pr.
1123 1933 1191 1974 ed.
1211 1934 1487 1975 vicen—127
1515 1937 1674 1975 seducta
1703 1948 1847 1975 omnes
1878 1936 2000 1975 Vatt.
2027 1935 2123 1975 Pal.

292 1985 422 2025 Farn.
445 1987 560 2026 Pric.
582 1987 706 2026 Rott.
751 1989 917 2027 deducta
947 1988 1049 2030 Jun.
1070 2000 1133 2039 pr.
1179 1989 1374 2027 translata
1394 1989 1494 2028 Put.
1540 1989 1704 2029 victoria
1731 1990 1890 2029 Moret.
1921 1991 2123 2040 pru—128

295 2037 453 2079 haesitat
482 2041 607 2081 Voss.
627 2053 683 2080 m.
706 2044 906 2092 pr.--129
933 2045 1117 2093 captaque
1144 2039 1298 2080 Petav.
1331 2054 1417 2085 sec.
1471 2043 1663 2083 haerentia
1696 2043 1853 2084 Moret.
1885 2054 1971 2083 sec.
2003 2041 2125 2083 Med.

1119 2182 1302 2224 No'rAE

352 2284 430 2320 122
466 2281 605 2320 Verior
621 2281 796 2333 Augusti
811 2284 991 2335 genitor]
1036 2285 1175 2326 Theo·

296 2343 459 2383 dosium
490 2344 673 2384 Honorii
693 2351 860 2397 patrem
879 2352 1037 2387 natura
1056 2347 1176 2400 fecit,

297 2405 485 2445 studium
514 2412 560 2446 et
591 2419 710 2447 amor
741 2413 786 2448 et
813 2409 1028 2450 institutio
1062 2411 1178 2451 Stili-

297 2470 475 2510 chonem
509 2469 700 2522 ejusdem
730 2471 936 2511 veriorem
970 2471 1077 2512 fecit
1105 2485 1177 2526 pa-

298 2538 422 2573 trem.

353 2599 430 2635 124
459 2596 596 2647 AEtas]
623 2598 684 2637 Ut
699 2597 904 2650 homines,
922 2599 981 2639 sic
998 2599 1179 2652 imperia

296 2669 414 2698 suam
434 2664 606 2698 aetatem
633 2659 818 2703 habent:
844 2661 1109 2714 adolescunt,
1123 2663 1179 2703 vi-

293 2727 417 2775 gent,
435 2728 758 2762 consenescunt.

352 2788 429 2824 125
465 2785 691 2837 Translata]
736 2786 940 2827 Potestas
975 2788 1177 2829 Consula-

298 2851 368 2889 tus
383 2849 589 2888 translata
609 2848 1026 2902 Constantinopolin,
1055 2852 1177 2892 velut

300 2904 452 2959 arbos;
480 2923 556 2950 non
574 2911 695 2951 oblita
713 2913 790 2963 sui,
816 2925 891 2952 seu
910 2915 1069 2954 veteris
1088 2927 1176 2955 suae

296 2973 550 3025 majestatie,
579 2975 827 3016 Stilichonis
856 2989 940 3029 ope
972 2979 1177 3033 relinquit

298 3047 426 3093 agros
459 3038 649 3088 serviles,
674 3039 752 3079 hoc
782 3045 862 3090 est,
890 3041 1025 3082 victos
1045 3056 1177 3095 quon-

295 3099 414 3152 dam,
433 3105 481 3140 et
499 3100 542 3140 in
561 3101 808 3142 servitutem
830 3103 1031 3145 redactos
1051 3119 1076 3146 a
1095 3108 1178 3147 Ro-

299 3163 435 3204 manis
453 3177 466 3214 ;
497 3164 566 3204 vel
584 3177 707 3216 agros
726 3166 900 3207 serviles
922 3174 1062 3221 vocat,
1080 3172 1182 3223 quia

300 3237 426 3268 servo
458 3227 667 3281 Eutropio
699 3228 931 3282 subjectos,
964 3235 1180 3287 mancipa-

299 3294 383 3331 tos.

1242 2284 1441 2326 Reducta
1456 2285 1498 2325 in
1529 2285 1743 2338 propriam
1763 2288 1808 2324 et
1827 2283 2044 2337 antiquam
2063 2295 2127 2324 se·

1242 2348 1358 2399 dem,
1406 2349 1586 2389 Romam
1623 2347 1805 2399 scilicet,
1852 2347 1997 2388 reddit
2032 2346 2126 2388 fata

1243 2411 1551 2464 triumphantia
1570 2412 1614 2451 in
1634 2413 1725 2452 solo
1745 2410 1893 2451 natali.

1305 2473 1618 2525 Victriciasata]
1660 2474 1768 2521 Quae
1803 2472 1896 2513 fata
1924 2473 2007 2514 etsi
2038 2478 2127 2518 sta.

1244 2537 1428 2577 tuissent
1459 2542 1588 2589 caput
1618 2535 1798 2588 Imperii
1829 2548 2000 2588 semper
2032 2548 2127 2577 esse

1244 2601 1440 2649 Romam,
1469 2599 1783 2652 quodammodo
1803 2599 1917 2639 victa
1935 2597 2128 2650 fuissent,

1245 2665 1281 2703 si
1310 2664 1564 2704 Consulatus
1597 2663 1830 2703 translatus
1866 2666 1980 2701 esset
2016 2662 2127 2702 Con·

1246 2726 1544 2779 tantiuopolin.
1629 2725 1691 2765 At
1725 2737 1803 2777 per
1847 2724 2129 2765 Stilichonem

1248 2790 1487 2844 perfectum
1515 2795 1596 2840 est,
1623 2794 1671 2829 ut
1697 2788 1793 2838 fata
1826 2788 1912 2829 sint
1931 2788 2125 2839 victricia,

1245 2855 1586 2907 Consulatusque
1620 2853 1782 2892 haereat
1814 2852 1858 2891 in
1895 2851 2002 2891 urbe
2039 2852 2124 2891 Ro-

1244 2930 1329 2970 ma,
1354 2917 1504 2957 iisdem
1525 2915 1740 2967 auspiciis,
1771 2913 1923 2968 quibus
1942 2913 1986 2953 in
2015 2913 2132 2966 prin·

1244 2979 1357 3031 cipio
1377 2979 1635 3019 constitutus
1654 2982 1736 3017 est.

1300 3045 1380 3082 129
1410 3039 1639 3092 Capitique]
1675 3039 1855 3079 Stilicho
1874 3039 2002 3079 reddit
2019 3039 2127 3089 capi·

1244 3105 1295 3155 ti,
1324 3103 1487 3144 scilicet
1527 3103 1689 3150 Romae,
1728 3101 1904 3141 errantia
1940 3100 2126 3151 membra,

1245 3168 1326 3214 hoc
1346 3172 1428 3218 est,
1459 3171 1607 3219 partes
1633 3164 1810 3218 Imperii
1839 3165 2021 3216 avulsas,
2049 3177 2125 3205 seu

1247 3230 1525 3285 Consulatum
1550 3227 1745 3279 atterum,
1781 3228 1853 3281 qui
1878 3229 2126 3269 Constanti-

1245 3293 1392 3346 nopoli
1420 3291 1668 3346 gerebatur,
1697 3297 1743 3332 et
1761 3291 1881 3344 quasi
1899 3305 1925 3332 a
1953 3291 2128 3346 propria

355 3357 434 3396 127
477 3355 527 3396 In
551 3355 757 3410 proprium
773 3357 839 3398 sed
858 3358 979 3399 ducta
1007 3359 1173 3413 Larem]
1243 3357 1346 3400 sede
1366 3357 1536 3398 avulsus
1556 3355 1804 3408 vagabatur.
