2300 3906
337 151 448 206 684
897 170 990 208 ct..
1029 168 1381 208 oLAUmANt
1423 168 1607 210 xxrv.

341 281 598 352 Assyrio,
627 284 906 351 Medoque
933 285 1056 336 tulit
1078 284 1449 339 moderamina
1474 287 1697 341 Perses,

341 366 593 438 Subjecit
617 371 826 422 Persen
853 367 1115 431 MacedO,
1146 382 1402 422 cessurus
1426 376 1481 424 et
1505 372 1625 440 ipse

342 451 633 505 Romanis.
710 452 856 504 Haec
884 454 1128 520 auguriis
1154 452 1367 506 firmata
1393 455 1642 524 Sibyllae,

343 536 492 589 Haec
515 539 691 589 sacris
722 539 959 590 animata
986 538 1188 591 Numae
1211 556 1223 591 ε
1261 540 1388 590 huic
1413 539 1642 592 fulmina
1664 529 1846 593 vibrat

341 618 378 670 J
384 620 593 687 upiter3
630 621 772 672 hanc
799 626 916 674 tota
939 621 1191 674 Tritonia
1216 622 1474 690 Gorgone
1500 624 1665 679 velat.

343 701 596 756 Arcanas
622 704 726 756 huc
750 704 927 757 Vesta
950 705 1120 768 faceS,
1149 707 1252 758 huc
1279 707 1432 773 orgia
1459 723 1646 759 secum

343 788 661 855 Transtulit,
684 797 738 844 et
763 791 1033 860 Phrygios
1056 793 1290 859 genitrix
1314 794 1506 845 tunita
1528 793 1731 845 leones.

2057 368 2167 427 165

2065 794 2173 847 1⁴70

344 925 569 987 eripuerunt
602 927 807 977 imperium
835 928 1027 979 Assyriis,
1055 932 1094 967 et
1127 929 1262 968 Persoe
1283 929 1414 967 Medis
1441 928 1711 968 abstulerunt:
1739 926 1989 968 Alexander
2010 929 2174 968 Macedo
2230 974 2235 980 ,

344 979 442 1017 vicet
475 979 630 1028 Persas,
655 981 737 1030 ipse
755 981 965 1019 vincendus
983 993 1007 1019 a
1031 981 1229 1023 Romanis.
1286 980 1388 1020 Haec
1408 982 1508 1020 urbs
1530 982 1662 1021 Roma
1689 983 1838 1021 munita
1858 981 2173 1032 paedia-tionibus

346 1031 533 1083 Sibyllae,
549 1033 631 1071 haec
650 1033 750 1071 urbs
771 1034 945 1073 animata
966 1039 1031 1073 est
1051 1034 1286 1073 coerz‘moniis
1305 1036 1447 1074 Numae
1467 1035 1682 1085 Pompilii.
1738 1036 1900 1086 Jupiter
1915 1041 2067 1086 torquet
2091 1035 2179 1084 sal-

344 1084 450 1122 mina
471 1097 546 1135 pro
567 1086 662 1125 hac.-
694 1086 830 1125 Pallas
850 1086 1023 1135 defendit
1046 1088 1144 1127 hanc
1163 1091 1247 1127 tota
1266 1088 1402 1139 aegide
1425 1089 1649 1138 Gorgonea.
1710 1090 1826 1130 Vesta
1855 1089 2073 1129 transmisit
2101 1089 2176 1127 huc

345 1137 454 1188 ignes
470 1143 649 1189 secretos,
677 1144 715 1179 et
736 1140 915 1180 Bacchus
936 1141 1080 1192 Orgia,
1111 1146 1149 1181 et
1168 1147 1293 1181 mater
1312 1142 1512 1192 turrigera
1541 1142 1702 1193 Cybele
1722 1143 1869 1182 Leones
1887 1143 2027 1182 Idoeos.
2083 1141 2178 1181 Huc

348 1325 476 1352 remus
496 1313 733 1353 Pub—164
755 1314 890 1353 Persis
909 1314 992 1354 duo
1007 1315 1129 1354 Vatt.
1151 1314 1306 1354 Petav.
1327 1319 1527 1366 pr.—165
1543 1316 1705 1355 Macedo
1725 1316 1883 1355 Persem
1900 1317 2006 1366 Reg.
2038 1314 2178 1355 Oxon.

351 1379 414 1417 pr.
428 1367 616 1407 Florem.
663 1369 828 1407 Macedo
848 1369 997 1407 Persen
1017 1368 1134 1407 Med.
1156 1380 1220 1418 pr.
1248 1369 1412 1409 Mazar.
1431 1370 1531 1408 Vat.
1554 1370 1689 1410 Livin.
1736 1370 1896 1409 Persem
1930 1370 2031 1409 Vat.
2081 1374 2180 1407 tert.

349 1419 508 1459 Thoan.
528 1420 681 1461 Petav.
701 1434 787 1461 sec.
807 1421 930 1461 Leid.
951 1425 1172 1461 sem—166
1202 1422 1400 1461 Romanus
1430 1422 1659 1462 Pub-167
1693 1423 1794 1462 Hoec
1827 1423 2001 1462 animala
2037 1423 2209 1461 Numae·

348 1474 469 1512 sacris
503 1472 653 1513 Petav.
670 1479 770 1514 tert.
814 1474 991 1514 nnimata
1011 1476 1079 1515 vel
1109 1479 1268 1525 operata
1300 1475 1402 1514 Lov.
1451 1477 1594 1515 Numoe
1613 1480 1671 1514 est
1690 1476 1880 1515 Florent.
1910 1475 2059 1515 Ambr.
2081 1480 2180 1514 tert.

352 1523 498 1566 Numae
516 1527 606 1566 sine
640 1531 696 1566 est
732 1527 815 1566 duo
847 1528 998 1567 Leidd.
1019 1534 1201 1579 quatuor
1234 1527 1355 1567 Med.
1391 1528 1474 1567 inc.
1508 1528 1660 1567 Heius.
1680 1529 1772 1568 Pal.
1801 1529 1924 1568 Farn.
1944 1527 2059 1567 Prie.
2078 1528 2182 1566 Put.

352 1578 460 1630 Reg.
480 1580 645 1619 Thuan.
661 1581 824 1619 Mazar.
845 1579 928 1620 duo
948 1581 1102 1620 Petav.
1117 1580 1199 1619 duo
1214 1579 1366 1620 Ambr.
1391 1582 1556 1620 Bonon.
1576 1582 1673 1621 Pat.
1690 1582 1863 1621 Tholos.
1881 1581 2004 1620 ambo
2020 1581 2184 1620 Moret.

353 1632 456 1671 Lov.
496 1633 594 1672 Vat.
625 1634 762 1673 Livin.
783 1646 927 1672 omnes
946 1634 1065 1672 Vatt.
1098 1634 1202 1672 Exc.
1232 1632 1412 1673 Gevart.
1443 1635 1624 1676 Lucens.
1647 1647 1709 1686 pr.
1730 1635 1799 1674 ed.
1821 1635 1967 1674 Parni.
1984 1639 2029 1674 et
2042 1633 2187 1674 Vieet.

348 1685 438 1723 hinc
457 1690 544 1724 tres
565 1687 683 1725 Vatt.
702 1686 795 1726 Pal.
816 1687 942 1727 Fan-n.
963 1687 1078 1726 Prie.
1101 1688 1218 1726 Rott.
1236 1687 1372 1727 Oisel.
1394 1687 1492 1727 edd.
1507 1688 1651 1727 vicet.
1672 1688 1814 1728 Parm.
1839 1688 1937 1728 Ald.
1960 1687 2118 1739 Isingr.
2139 1693 2185 1726 et

353 1738 405 1777 al.
444 1738 526 1777 hoec
545 1738 588 1778 in
611 1739 761 1779 Heius.
805 1740 869 1779 laic
890 1740 1007 1780 Med.
1029 1753 1114 1779 sec.
1136 1740 1295 1780 Moret.
1313 1752 1398 1780 sec.
1420 1741 1562 1781 Oxon.
1583 1753 1669 1782 sec.
1714 1754 1789 1793 qua
1819 1742 1921 1781 Vat.
1953 1747 2052 1782 tert.
2097 1753 2185 1780 cum

352 1791 454 1830 Vat.
476 1794 561 1831 sec.
579 1793 678 1832 Put.
706 1795 856 1833 PetaV.
879 1806 942 1844 pr.
962 1792 1110 1833 Ambr.
1132 1806 1196 1844 pr.
1216 1794 1319 1833 Var.
1338 1795 1422 1833 LL.
1445 1807 1467 1833 e
1487 1807 1619 1846 marg.
1638 1795 1781 1835 Parm.
1825 1796 1888 1834 cui
1905 1794 2021 1834 Med.
2042 1801 2184 1846 quart.

343 1844 517 1892 fulmine
533 1846 686 1886 Petav.
710 1859 773 1897 pr.
816 1847 937 1886 librat
954 1849 1054 1886 Vat.
1071 1847 1208 1898 quint.
1231 1847 1383 1887 Petav.
1408 1860 1470 1899 pr.
1490 1848 1638 1888 Ambr.
1659 1861 1724 1900 pr.
1742 1848 1896 1888 Sched.
1917 1847 2031 1888 Gud.
2051 1847 2186 1887 Hein-

354 1898 439 1936 sius
469 1899 729 1949 ascripserat
758 1902 899 1939 locum
935 1900 1065 1940 Ovid.
1101 1901 1277 1942 Metam.
1315 1913 1365 1941 11.
1403 1905 1497 1941 311.
1527 1903 1538 1924 ‘
1559 1902 1713 1941 dextra
1732 1902 1930 1941 libratum
1950 1900 2111 1940 fulmen
2132 1900 2187 1940 ab

355 1950 621 1992 aurel-468
648 1953 738 1992 hinc
776 1954 882 2003 Reg.
913 1954 1010 1992 hanc
1051 1955 1115 1992 vel
1151 1954 1241 1993 hinc
1276 1954 1417 1995 Oxon.
1457 1968 1523 2006 pr.
1568 1959 1649 1994 toto
1671 1957 1830 1995 Moret.
1853 1968 1915 2006 pr.
1962 1956 2078 1994 vellat
2103 1954 2187 1994 inc.

358 2003 509 2043 Heius.
544 2005 617 2056 qui
636 2007 759 2045 vallat
777 2002 1187 2058 conjiciebat—169
1215 2007 1389 2047 Arcanos
1408 2009 1524 2048 Prie.
1568 2009 1779 2050 Archasias
1805 2009 1904 2049 Pat.
1951 2008 2066 2059 orgia
2084 2019 2192 2046 sacer

357 2056 502 2098 Oxon.
521 2070 583 2109 pr.
632 2059 810 2099 Bacchus
847 2061 973 2100 Farn.
1011 2065 1097 2099 vet.
1128 2061 1234 2111 Gyr.
1254 2062 1360 2100 Exc.
1385 2063 1564 2101 Lucens.
1593 2075 1680 2102 sec.
1719 2075 1846 2103 secum
1864 2067 2046 2115 quatuor
2064 2062 2189 2101 Vatt.

358 2109 455 2150 Pal.
474 2112 600 2152 Farn.
620 2113 739 2152 Rott.
759 2112 895 2153 Oisel.
916 2115 1022 2154 Exe.
1044 2113 1307 2153 Laeti.-170
1335 2118 1465 2153 tutata
1496 2115 1523 2156 J
1530 2127 1595 2154 un.
1617 2120 1818 2167 pr.-l71
1848 2117 2076 2168 depulsuros
2089 2125 2188 2168 qua-

1180 2217 1361 2258 No'rAE

359 2300 550 2341 omnibus
570 2302 847 2355 inquinatam.
903 2304 1029 2345 Unde
1061 2305 1238 2345 Cicero:

358 2366 370 2385 ‘
392 2365 515 2406 Quod
531 2365 687 2417 Apollo
702 2367 883 2418 Pythius
901 2368 1074 2407 oraculo
1094 2368 1244 2416 edidit,
1309 2367 1412 2407 tiam
1433 2368 1583 2408 Romae
1604 2368 1749 2408 vibrat
1779 2367 1969 2407 fulmina.
2024 2365 2195 2406 Alludit
2248 2356 2258 2368 x

355 2430 553 2479 Spartam
573 2430 688 2469 nulla
705 2443 750 2470 re
764 2432 848 2471 alia
860 2431 938 2471 nisi
952 2432 1135 2471 avaritia
1150 2443 1245 2471 esse

362 2492 610 2543 perituram,
642 2492 685 2531 id
719 2493 890 2532 videtur
910 2506 993 2533 non
1015 2493 1146 2532 solum
1169 2495 1246 2532 La-

359 2554 649 2603 cedaemoniis,
679 2557 756 2595 sed
790 2563 834 2596 et
854 2557 1047 2596 omnibus
1069 2557 1245 2609 opulen-

363 2616 419 2655 tis
438 2618 607 2668 populis
629 2618 907 2668 praedixisse!

418 2682 494 2718 165
528 2679 712 2719 Ces-surus
731 2685 769 2720 et
785 2681 865 2732 ipse
881 2681 1088 2734 Romanis]
1115 2681 1246 2722 Alex-

365 2741 499 2781 ander
517 2754 601 2781 non
621 2743 762 2782 victus
779 2756 804 2782 a
819 2744 1037 2795 Romanis,
1056 2744 1129 2784 sed
1151 2757 1247 2796 par-

366 2810 456 2844 tum
487 2803 539 2843 ab
570 2803 819 2845 Alexandro
851 2805 1077 2845 Persarum
1106 2807 1248 2858 Impe-

365 2867 474 2914 rium
494 2867 546 2906 ab
566 2867 648 2908 illis
667 2867 892 2910 subactum
910 2875 989 2909 est.

422 2932 499 2968 167
528 2930 736 2982 Animata]
755 2932 923 2983 Religio
940 2937 1006 2971 est
1027 2934 1145 2973 velut
1163 2934 1250 2972 ani-

365 3003 437 3043 ma
455 2992 768 3043 Imperatorum
787 3007 797 3033 ι
825 2994 916 3034 siue
935 2995 1014 3045 hac
1032 3002 1147 3036 stare
1166 3009 1250 3036 non

369 3059 560 3108 possunt.

426 3118 571 3157 Numae
605 3117 713 3169 huic]
770 3119 868 3159 Sine
913 3106 1105 3172 elisione,
1136 3134 1252 3162 more

369 3180 637 3222 Graecorum.
665 3182 915 3234 Virgilius,‘
938 3183 1058 3225 Ionio
1078 3186 1252 3225 immen-

367 3233 445 3283 so?
499 3243 642 3283 Numa
673 3244 910 3295 Pompilius
930 3249 1140 3289 secundus
1158 3249 1253 3289 Rex

371 3305 663 3347 Romanorum
682 3308 898 3350 convertit
917 3311 1078 3353 animos
1096 3313 1150 3354 ad
1169 3314 1255 3355 cul·

374 3372 468 3411 tum
483 3369 692 3412 Deorum.

1363 2304 1658 2350 Huicsulmina
1670 2304 1819 2354 vibrat]
1844 2303 2018 2356 Jupiter
2037 2302 2078 2343 in
2099 2315 2193 2355 gra·

1313 2429 1368 2468 ad
1387 2434 1709 2482 tempestatem,
1730 2442 1826 2481 quae
1849 2441 1873 2468 a
1895 2429 2039 2469 Romae
2062 2428 2195 2480 portis

1313 2493 1472 2543 repulit
1492 2491 1765 2532 Annibalem.

1366 2558 1444 2594 168
1478 2555 1679 2606 Tritonia]
1718 2554 1860 2594 Pallas
1893 2567 1917 2594 a
1937 2552 2094 2606 palude
2108 2552 2198 2592 Tri·

1314 2617 1460 2657 tonide
1481 2617 1523 2655 in
1547 2617 1698 2669 Libya.

1371 2680 1571 2731 Gorgone]
1591 2678 1743 2730 AEgide
1764 2691 1841 2718 seu
1859 2679 2030 2730 clypeo,
2049 2677 2091 2717 in
2112 2689 2195 2729 quo

1316 2743 1502 2782 Medusa
1522 2755 1602 2782 una
1617 2754 1672 2782 ex
1689 2742 1965 2793 Gorgonibus
1982 2740 2199 2792 insculpta

1316 2812 1399 2846 est.

1371 2874 1450 2910 169
1478 2870 1656 2910 Arcanos
1671 2867 1804 2919 faces]
1850 2868 1978 2920 Ignes
2008 2877 2200 2919 arcanos,

1317 2935 1396 2973 hoe
1409 2939 1493 2983 est,
1512 2933 1555 2972 in
1575 2933 1727 2985 quibus
1746 2944 1904 2971 arcana
1921 2930 2118 2984 quaedam
2135 2929 2198 2968 vis

1318 2997 1566 3037 continetur
1590 2997 1644 3036 ad
1673 2996 1929 3036 servandum
1960 2993 2200 3045 imperium,

1318 3061 1375 3099 Et
1406 3059 1448 3098 hi
1483 3059 1604 3110 ignes
1633 3057 1782 3109 vigiles
1810 3056 2142 3096 asservabantur
2176 3066 2202 3104 ι)

1317 3120 1578 3161 Vestalibus.

1375 3183 1525 3234 Orgia]
1552 3181 1824 3223 Caerimoniae
1844 3180 2021 3231 Bacchi,
2034 3178 2110 3220 ἀπὸ
2131 3180 2202 3228 ‘riis
2243 3185 2258 3195 ''

1319 3241 1452 3299 ὀργῆς,
1487 3259 1511 3285 a
1536 3245 1692 3296 surore,
1725 3257 1807 3298 quo
1841 3245 2111 3286 Bacchantes
2130 3255 2201 3285 eas

1321 3308 1618 3350 celebrabant.

1375 3376 1453 3416 170
1480 3372 1648 3425 Leones]
1675 3371 1837 3425 Cybele
1855 3373 2049 3413 Deorum
2062 3374 2201 3413 mater
