2300 3906
10 3329 16 3359 l

12 3365 18 3451 1

81 2082 211 2136 finxit
230 2082 353 2123 Rott.
392 2084 552 2123 Moret.
567 2096 654 2176 §trit
675 2083 776 2123 vidit
795 2084 898 2123 Vat.
933 2095 1018 2123 sec.
1049 2096 1106 2122 m.

625 192 686 230 ιΝ
735 191 1100 232 EUTROPIUM
1146 192 1266 231 mn.
1306 192 1372 230 11.
1798 182 1905 234 557

87 308 171 362 Ut
190 309 418 361 miseras
437 307 753 377 populabor
772 325 925 372 oveS,
953 314 1007 362 et
1030 326 1171 378 pace
1195 310 1374 362 relata
1797 310 1907 364 400

85 392 331 444 Pristina
354 392 636 442 restituam
658 391 929 459 Phrygias
954 393 1026 444 ad
1053 395 1292 445 stamina
1307 398 1527 446 matres,

88 476 200 529 His
225 475 385 526 dictis
411 475 604 525 iterum
631 475 788 526 sedit.
865 474 957 527 Fit
982 477 1236 544 plausuS,
1276 480 1332 527 et
1357 478 1549 544 ingens

87 558 319 611 Consilii
345 559 567 610 clamor.
645 556 847 620 Qualis
873 561 1258 612 resonantibus
1285 560 1419 612 olim

86 642 350 694 Exoritur
375 643 578 704 caveiS,
602 643 816 709 quoties
843 643 1069 694 crinitus
1093 642 1341 709 ephebus

86 724 204 779 Aut
225 725 452 791 rigidam
481 726 722 788 Nioben,
746 730 840 777 aut
863 727 1084 778 flentem
1107 725 1349 789 Troada,
1387 725 1557 793 fingit.

157 809 414 861 Protinus
440 798 641 861 excitis
666 811 770 870 iter
796 809 1140 862 irremeabile
1166 810 1339 877 signis

86 891 314 961 Arripit,
352 893 708 960 infaustoque
726 893 885 960 jubet
909 894 1131 944 bubone
1155 894 1365 945 moveri

1803 727 1912 780 405

86 1050 254 1100 inungas
285 1049 543 1100 transfugas,-
571 1053 610 1089 et
638 1062 734 1100 pace
766 1049 950 1089 restituta
979 1050 1178 1089 remittam
1196 1056 1342 1091 matres
1365 1053 1563 1104 Phrygias
1580 1054 1633 1093 ad
1650 1065 1765 1104 opera
1780 1055 1910 1097 solita.

90 1104 173 1144 His
190 1104 470 1155 pronuntiatis,
502 1104 588 1143 Leo
604 1105 706 1142 sedit
726 1115 876 1141 rursus.
931 1102 1252 1142 Admurmuratio
1270 1105 1483 1152 excitatur,
1501 1110 1539 1144 et
1557 1107 1913 1156 magnusfremilus

87 1169 294 1198 consessus.
323 1191 325 1193 ,
352 1157 491 1201 Qualis
519 1157 693 1196 nascitur
713 1158 902 1208 quondam
930 1157 973 1194 in
997 1156 1111 1195 Circo
1127 1168 1277 1207 sonoro,
1309 1158 1615 1209 quotiescumque
1622 1160 1780 1206 ,iuvenis
1796 1162 1913 1211 capil-

88 1210 193 1249 latus
209 1210 297 1257 agit
324 1211 384 1249 vel
414 1209 566 1249 Nioben
582 1221 757 1259 saxeam,
776 1210 836 1248 vel
858 1209 1048 1249 'Troadem
1079 1210 1287 1259 lugentem.
1342 1210 1489 1249 Statim
1506 1212 1594 1251 Leo
1615 1213 1770 1250 vexillis
1787 1225 1913 1252 accer-

88 1263 195 1315 sitis,
221 1263 328 1316 rapit
360 1263 466 1303 viam
498 1263 802 1314 irrevocabilem,
828 1266 945 1314 atque
971 1263 1138 1314 imperat
1155 1262 1332 1302 cohortes
1355 1267 1579 1315 procedere,
1612 1264 1762 1313 infelici
1788 1266 1906 1312 alite,-

855 1402 999 1417 OO‘O‘O
1005 1402 1149 1417 “CO“

91 1503 193 1541 tert.
226 1500 344 1540 Rott.
378 1500 511 1541 Oisel.
544 1501 708 1541 Mazar.
730 1501 830 1542 Vat.
865 1501 1005 1542 Livin.
1046 1501 1299 1551 Gruthungos
1329 1501 1437 1539 Exc.
1460 1499 1638 1539 Gevart.
1688 1498 1915 1538 Gruthanos

90 1553 207 1594 Prie.
254 1553 485 1594 Gothunnos
517 1554 616 1594 Pat.
665 1555 884 1594 Glutonnos
915 1556 1020 1594 Lov.
1066 1556 1293 1594 Grutonnos
1322 1554 1463 1593 Oxon.
1502 1565 1590 1591 sec.
1625 1552 1776 1591 Petav.
1813 1557 1914 1591 tert.

95 1606 355 1660 Grotumpnos
382 1607 490 1659 Reg.
531 1607 799 1659 Gothumpnos
815 1609 976 1647 Thuan.
1010 1608 1242 1647 Gothunnos
1270 1608 1337 1646 vel
1368 1606 1646 1654 Gruthungros
1665 1606 1770 1645 Exc.
1789 1606 1915 1644 Laeti.

91 1663 226 1699 -400
248 1661 454 1711 populator
472 1661 575 1700 Var.
607 1660 695 1700 LL.
727 1661 794 1699 ed.
823 1660 956 1700 Antv.
974 1674 1031 1700 m.
1063 1673 1128 1712 pr.
1158 1673 1246 1699 aves
1266 1661 1346 1698 duo
1365 1661 1483 1698 Vatt.
1512 1660 1662 1697 petav.
1691 1670 1755 1709 pr.
1777 1670 1831 1697 m.
1852 1670 1916 1708 pr.

92 1725 179 1752 oves
195 1714 297 1752 Vat.
332 1724 417 1753 sec.
441 1725 609 1764 paceque
636 1713 737 1754 Jun.
770 1725 833 1765 pr.
864 1719 979 1765 parte
1009 1715 1134 1753 relata
1154 1713 1287 1752 Oisel.
1317 1713 1454 1751 relicta
1486 1712 1628 1751 Oxon.
1664 1723 1730 1761 pr.
1757 1713 1918 1750 reducta

91 1764 206 1805 Prie.
227 1766 331 1815 Reg.
353 1766 512 1806 Moret.
541 1778 626 1805 sec.
647 1778 701 1805 m.
732 1770 953 1806 sea—402
985 1767 1065 1806 His
1091 1769 1231 1805 iterum
1258 1766 1374 1805 dictis
1407 1765 1510 1815 Reg.
1547 1764 1687 1803 Oxou.
1715 1767 1916 1814 plu—403

95 1818 262 1859 Consilii
278 1819 379 1857 Vat.
407 1823 503 1858 tert.
532 1819 721 1858 Florent.
760 1820 843 1858 inc.
880 1820 1031 1858 Heius,
1066 1820 1165 1858 Put.
1194 1820 1299 1869 Reg.
1335 1819 1496 1857 Mazar.
1518 1817 1671 1856 Petav.
1702 1828 1788 1855 sec.
1810 1818 1919 1858 Exc.

93 1870 221 1921 Laeti,
246 1871 312 1910 ed.
341 1870 484 1911 Parm.
512 1877 558 1910 et
571 1871 712 1911 Vicet.
745 1871 915 1910 Concilii
934 1871 1053 1911 Leid.
1091 1885 1153 1922 pr.
1182 1872 1282 1911 Jun.
1315 1883 1382 1920 pr.
1418 1877 1503 1908 tres
1518 1870 1638 1908 Vatt.
1671 1870 1829 1908 Moret.
1851 1883 1917 1920 pr.

92 1921 244 1963 Ambr.
274 1930 374 1964 tert.
394 1924 493 1963 Vat.
516 1924 657 1962 Livin.
678 1925 784 1964 Exc.
806 1924 988 1964 Lucens.
1010 1937 1071 1974 pr.
1105 1924 1289 1963 Consiliis
1305 1925 1404 1962 Vat.
1434 1935 1517 1962 sec.
1539 1922 1634 1961 Pal.
1657 1922 1772 1960 Prie.
1795 1920 1919 1965 Med.

94 1988 160 2030 pr.
182 1977 334 2016 Petav.
355 1980 591 2016 tem—404
618 1978 765 2028 quoties
778 1978 903 2016 caveis
922 1976 1041 2016 Med.
1061 1983 1201 2029 quart.
1232 1977 1363 2015 cuneis
1379 1977 1478 2014 Vat.
1499 1987 1585 2014 sec.
1607 1976 1701 2014 Pal.
1720 1974 1836 2014 Med.
1854 1988 1918 2025 pr.

91 2032 224 2069 —405
242 2029 407 2081 flectere
426 2042 503 2081 pro
539 2030 704 2081 flentem
731 2030 814 2069 inc.
847 2030 994 2070 Heins.
1028 2031 1173 2070 Troida
1191 2029 1347 2069 Petav.
1380 2041 1466 2068 sec.
1498 2028 1660 2067 Trosida
1680 2028 1796 2066 Med.
1820 2034 1919 2067 tert.

1139 2086 1342 2135 ρι’.-406
1369 2082 1505 2121 accitis
1521 2083 1620 2121 Vat.
1643 2085 1744 2120 tert,
1763 2081 1922 2121 Mazar.

95 2136 228 2175 exutis
246 2137 351 2176 Var.
373 2137 458 2176 LL.
478 2135 545 2176 ed.
659 2149 695 2177 v.
717 2149 770 2176 m.
790 2148 856 2187 pr.
886 2136 1023 2176 exitiis
1041 2138 1147 2176 Exc.
1168 2137 1349 2176 Lucens.
1383 2147 1469 2175 sec.
1491 2134 1689 2186 apposito
1714 2137 1760 2182 -l-
1784 2135 1921 2185 signo,

93 2193 143 2228 ut
160 2193 332 2229 notetur
350 2192 540 2229 veterem
559 2190 789 2229 lectionem
814 2195 888 2228 aut
913 2201 1078 2229 erasam
1108 2195 1183 2228 aut
1216 2189 1519 2239 interpolatam
1540 2200 1646 2227 esse.
1675 2187 1921 2227 irrevocabile

95 2240 212 2283 Prie.
242 2243 344 2284 Jun.
372 2246 572 2295 pre-407
607 2243 788 2283 Prodidit
820 2243 956 2284 Oisel.
985 2242 1230 2294 infaustoque
1254 2248 1343 2282 vet.
1364 2242 1472 2294 Gyr.
1489 2243 1590 2282 Vat,
1610 2242 1749 2282 Livin.
1768 2241 1920 2292 Isingr.

915 2358 1091 2399 NOTAE

149 2445 229 2482 400
270 2443 509 2495 Populabor]
560 2443 792 2495 Diripiam,
826 2444 974 2484 tonde-

96 2503 169 2553 bo,
197 2510 247 2544 ut
271 2517 389 2545 oves.

151 2570 231 2607 404
260 2566 460 2618 Ephebus]
515 2566 721 2608 Juvenis:
753 2565 978 2618 entsuper,

1045 2450 1161 2484 torta
1193 2448 1260 2483 est
1293 2455 1344 2481 ex
1373 2441 1503 2483 Lothi
1535 2439 1728 2491 conjuge,
1753 2451 1847 2492 quae
1878 2439 1922 2479 in

1044 2513 1229 2547 statuam
1249 2506 1346 2546 salis
1365 2510 1531 2544 mutata
1551 2509 1633 2543 est.

1103 2568 1274 2620 Troada]
1337 2569 1419 2607 Vel
1468 2566 1681 2605 foeminam
1741 2558 1923 2616 aliquam

99 2630 252 2681 θῒῆβη,
272 2630 468 2679 juventus.
512 2630 717 2681 Ephebus
747 2630 893 2683 itaque
912 2636 978 2670 est
1043 2632 1262 2682 Troja'nam
1299 2628 1492 2678 flentem,
1532 2629 1599 2668 vel
1627 2640 1751 2667 casus
1783 2628 1924 2679 Trojae

100 2693 171 2747 qui
184 2693 316 2732 intrat
330 2694 372 2732 in
386 2693 674 2744 juventutem.

151 2759 231 2796 405
261 2755 449 2805 Rigidam
469 2755 640 2806 Nioben]
697 2755 837 2795 Niobe
872 2756 978 2796 Tau-

101 2819 178 2859 tali
207 2817 308 2869 filia,
336 2818 559 2858 duodecim
597 2818 743 2857 liberis
780 2818 978 2869 superba,

102 2894 148 2923 se
170 2883 347 2922 Latonae
368 2883 478 2921 Deae
494 2880 780 2932 praeferebat:
812 2881 906 2919 Dea
921 2881 983 2919 in-

102 2945 293 2997 dignata,
313 2944 496 2995 arreptis
517 2944 666 2983 Dianae
685 2943 982 2995 Apollinisque

103 3007 271 3058 sagittis
307 3006 467 3045 liberos
516 3005 608 3056 ejus
650 3005 828 3056 occidit,
878 3006 982 3045 Nio-

102 3069 273 3125 benque
322 3070 459 3120 ipsam
513 3067 817 3108 convitiantem
863 3067 983 3106 venti

104 3132 274 3173 turbine
305 3132 349 3171 in
387 3130 534 3171 Asiam
563 3124 748 3182 im13ulit‚
786 3136 831 3169 et
855 3130 981 3181 juxta

104 3195 297 3248 Sipylum
333 3194 480 3234 urbem
513 3194 556 3233 in
593 3205 741 3232 saxum
778 3190 983 3231 transfor-

105 3257 251 3298 mavit.
305 3257 393 3296 Per
412 3269 576 3306 saxum,
599 3256 792 3307 intellige
813 3255 983 3295 Nioben

109 3318 253 3358 dolore
281 3320 521 3372 diriguisse,
552 3325 597 3360 et
617 3321 735 3360 velut
765 3320 982 3359 immotam

108 3381 292 3422 stetisse.
343 3383 504 3424 Forsan
534 3389 581 3424 et
606 3383 700 3425 haee
737 3382 882 3424 fabula
913 3383 984 3424 de-

1046 2693 1232 2744 lugentis
1251 2698 1296 2732 et
1317 2691 1577 2742 deplorantis
1597 2702 1674 2729 sua
1692 2690 1814 2729 mala.

1097 2760 1178 2795 406
1219 2756 1304 2794 Iter
1333 2753 1593 2803 irremeabile]
1667 2751 1776 2802 Iter,
1812 2751 1925 2792 unde

1047 2829 1132 2857 non
1153 2817 1329 2867 rediret,
1360 2829 1442 2855 non
1480 2820 1704 2865 remearet,
1731 2815 1832 2866 quia
1856 2814 1928 2854 de-

1048 2881 1198 2920 lendus
1245 2886 1359 2919 esset
1410 2879 1638 2918 exercitus.
1710 2877 1931 2930 Virgilius,

1050 2943 1062 2964 ‘
1092 2943 1371 2982 irremeabilis
1390 2941 1536 2981 error.’

1102 3010 1181 3046 407
1211 3006 1388 3055 Infausta
1419 3002 1582 3054 bubone]
1637 3002 1764 3042 Malis
1793 3005 1838 3041 et
1865 3001 1927 3040 in-

1049 3067 1200 3108 faustis
1227 3068 1390 3108 avibus.
1449 3068 1558 3106 Nam
1597 3065 1710 3105 bubo
1747 3070 1814 3104 est
1841 3066 1929 3104 avis

1050 3130 1214 3170 sinistri
1241 3130 1461 3183 ‘generisz
1517 3128 1599 3168 fuit
1643 3134 1786 3168 tamen
1825 3127 1929 3168 felix

1050 3194 1256 3246 Agrippae
1289 3194 1458 3246 Judaeo,
1504 3205 1560 3233 ex
1604 3192 1824 3243 Joseph03
1866 3191 1930 3230 illi

1050 3255 1162 3296 enim
1207 3257 1452 3299 libertatem
1514 3266 1776 3308 regnumque
1822 3264 1927 3305 prae·

1051 3319 1193 3372 sagiit.
1780 3336 1782 3338 >
