2300 3906
307 167 418 221 922
845 178 942 218 cr..
980 171 1332 214 annmAm
1374 155 1621 208 xxxin.

311 297 478 350 Nunc
504 296 668 365 spiris
695 294 977 361 Zephyros
1002 294 1213 342 tranant
1234 307 1246 342 :
1287 305 1432 341 nunc
1461 306 1592 342 arva
1615 290 1808 343 volatu

313 382 580 435 Inferiore
606 385 818 431 secant.
895 375 1052 427 Cano
1079 379 1203 427 rota
1227 376 1449 442 pulvere
1474 377 1665 427 labens

312 466 597 522 Sulcatam
625 459 912 514 foecundat
935 459 1189 511 humum:
1229 460 1485 512 flavescit
1507 461 1693 512 aristis

313 549 537 602 Orbita:
577 550 861 612 surgentes
890 545 1134 598 condunt
1157 546 1396 611 vestigia
1422 545 1620 597 culmi:
1683 566 1686 567 ⁷

310 633 504 686 Vestit
529 634 631 683 iter
657 631 925 682 comitata
949 646 1125 696 seges,
1199 630 1235 682 J
1241 646 1330 680 am
1354 630 1617 696 linquitur
1642 629 1830 693 AEtna,

310 716 565 784 Totaque
590 715 856 766 decrescit
880 714 1068 782 refugo
1090 714 1377 766 Trinacria
1401 716 1548 766 visu.

313 800 444 852 Heu
471 801 690 868 quoties
713 814 966 867 praesaga
990 799 1123 850 mali
1152 799 1376 852 violavit
1400 800 1598 851 oborto

314 884 465 938 Rore
490 885 688 952 genas!
735 885 954 953 quoties
980 885 1172 936 oculos
1199 884 1272 937 ad
1297 889 1445 938 tecta
1468 884 1712 947 retorsit,

312 969 477 1022 Talia
502 985 639 1022 voce
665 986 890 1022 movens
911 971 922 1022 !
999 969 1187 1033 Salve,
1215 970 1530 1038 gratissima
1554 970 1735 1035 telluS‚

2035 374 2144 427 185

2037 796 2145 849 190

309 1133 447 1160 aureus
487 1120 588 1159 nitet
622 1120 728 1160 inter
759 1133 951 1173 squamas.
1009 1121 1081 1160 Illi
1114 1122 1223 1161 modo
1262 1120 1465 1170 trajiciunt
1489 1120 1619 1160 ak'rem
1650 1118 1779 1160 variis
1804 1118 2006 1171 flexibus.-
2036 1118 2146 1159 modo

310 1173 476 1223 inferius
495 1175 676 1213 scindant
695 1187 838 1225 agros.-
854 1178 951 1214 rotae
971 1179 1171 1215 currentes
1184 1174 1483 1226 pinguefaciunt
1496 1174 1582 1213 albo
1595 1175 1752 1226 pulvere
1771 1177 1916 1212 terram
1933 1173 2120 1211 sulcatam
2133 1183 2146 1210 .·

310 1228 450 1266 semita
470 1232 566 1266 rotoe
573 1228 631 1279 fit
638 1230 751 1280 flava
772 1229 817 1266 ob
845 1228 997 1279 spicas.-
1027 1233 1177 1278 segetes
1211 1234 1425 1269 crescentes
1456 1229 1647 1268 occultant
1684 1228 1893 1276 vestigium
1931 1232 2149 1265 rotarum:

301 1279 444 1330 fruges
480 1283 708 1321 comitantes
741 1283 944 1321 Cererem
971 1284 1115 1334 replent
1139 1282 1231 1334 ejus
1250 1283 1351 1321 viam
1364 1297 1377 1322 .·
1394 1282 1482 1331 jam
1515 1283 1641 1321 AEtna
1672 1281 1917 1332 praeteritur,
1951 1284 1989 1319 et
2023 1278 2148 1317 omnis

310 1334 450 1373 Sicilia
469 1336 588 1374 oculis
597 1335 851 1385 fugientibus
868 1336 991 1375 minor
1010 1343 1185 1387 apparet.
1241 1337 1335 1375 Heu
1349 1336 1369 1376 !
1387 1335 1537 1385 quoties
1555 1336 1685 1375 Ceres
1704 1334 1959 1384 praesentiens
1976 1331 2148 1380 infortu-

310 1387 611 1438 nium,foedavit
623 1402 746 1438 genas
765 1389 948 1440 lacrymis
964 1389 1304 1440 prorumpentibus
1325 1389 1344 1429 Ι
1376 1389 1537 1433 Quoties
1569 1387 1728 1439 reflexit
1746 1388 1871 1426 oculos
1902 1386 1945 1425 in
1979 1388 2148 1434 domum,

311 1441 393 1480 luec
415 1443 544 1482 verba
561 1455 649 1482 voce
665 1444 925 1494 pronuntians
938 1456 951 1482 .·
987 1443 1097 1494 Vale,
1129 1455 1153 1482 ο
1172 1447 1278 1481 terra
1297 1442 1514 1492 carissima,
1535 1453 1650 1492 quam
1669 1453 1738 1479 nos
1755 1439 2043 1490 anteposuimus
2063 1439 2150 1478 Coe-

1081 1542 1375 1558 OONOO‘OOO‘U
1414 1559 1416 1561 ,

313 1614 571 1664 ascripserat
586 1613 681 1653 Lib.
695 1625 745 1653 11.
764 1614 890 1655 Cous.
909 1613 1048 1653 Stilic.
1067 1616 1162 1652 429.
1193 1613 1204 1635 ‘
1228 1613 1582 1666 Perpetuumque
1601 1614 1703 1653 viret
1722 1611 1938 1665 squamis?
1957 1617 2003 1651 et
2023 1623 2073 1653 11.
2093 1611 2147 1652 de

314 1669 365 1706 R.
387 1668 438 1707 P.
461 1679 519 1706 vs.
543 1670 635 1705 100.
666 1668 677 1687 ‘
703 1667 862 1705 Semita
888 1667 1086 1706 discretis
1114 1666 1320 1706 interviret
1347 1668 1519 1707 humida
1552 1667 1736 1707 nimbis!
1765 1672 1810 1706 ct
1838 1666 1940 1706 ibid.
1962 1678 2022 1706 vs,
2051 1669 2147 1706 291.

313 1722 324 1742 ‘
346 1721 580 1770 Fulgentes
600 1719 722 1758 viridi
744 1732 881 1759 ramos
899 1726 1081 1760 curvata
1106 1720 1442 1761 metallo.’-184
1475 1722 1580 1761 Tunc
1600 1722 1721 1772 spiris
1737 1722 1860 1761 Voss.
1879 1732 1942 1771 pr.
1988 1723 2150 1759 tranant

311 1774 379 1813 vel
412 1774 572 1812 turbant
609 1774 734 1813 Voss.
763 1777 988 1813 δρα-187
1015 1775 1196 1813 scindunt
1222 1774 1391 1824 vestigia
1427 1775 1533 1815 Cod.
1573 1775 1814 1814 Bartholin.
1854 1775 1959 1814 Exc.
1994 1773 2150 1813 Petav.

311 1832 448 1880 quart.
495 1827 661 1866 condunt
683 1827 784 1866 Put.
805 1829 912 1880 Reg.
932 1828 1088 1867 Petav.
1102 1840 1170 1879 pr.
1187 1828 1272 1869 inc.
1295 1829 1444 1870 Heius.
1463 1830 1566 1869 Vat.
1586 1828 1723 1868 Livin.
1743 1829 1845 1868 Var.
1865 1828 1948 1867 LL.
1970 1839 1994 1866 e
2013 1838 2150 1878 marg.

312 1883 456 1921 Parin.
491 1881 636 1931 fruges
668 1893 747 1932 pro
780 1883 896 1921 culmi
929 1881 1013 1921 duo
1045 1883 1169 1922 Vatt.
1204 1883 1287 1922 duo
1315 1883 1441 1922 Voss.
1476 1883 1583 1923 Cod.
1611 1882 1848 1922 Bartliolin.
1891 1892 2029 1921 messes
2047 1881 2150 1920 Vat.

313 1935 446 1986 quint.
471 1936 577 1986 Reg.
591 1935 743 1974 Petav.
765 1939 965 1986 pr.—188
996 1936 1134 1975 Nescit
1152 1936 1253 1975 Vat.
1274 1940 1478 1987 [ηπ-190
1505 1936 1639 1976 aborto
1660 1942 1748 1975 tres
1763 1936 1883 1975 Vatt.
1899 1935 1981 1974 iuc.
1997 1934 2151 1977 Heius.

312 1989 438 2028 Voss.
460 2001 524 2040 pr.
544 1988 645 2029 Jun.
667 2001 753 2028 sec.
775 1989 967 2028 chartac.
988 1989 1135 2028 Heius.
1157 1990 1314 2030 Moret.
1335 2002 1400 2040 pr.
1421 1990 1571 2030 Ambr.
1594 1995 1694 2030 tert.
1716 1989 1810 2029 cod.
1826 1987 2063 2029 Bartholin.
2080 1987 2150 2027 ed.

314 2042 593 2083 Vicet.-191
623 2044 675 2082 ad
692 2046 797 2082 creta
813 2047 1010 2094 retorquet
1027 2044 1154 2083 Voss.
1183 2056 1249 2095 pr.
1296 2048 1463 2084 retortos
1482 2045 1590 2084 Exc.
1613 2045 1766 2085 Petav.
1785 2045 2055 2095 quarn—195
2081 2053 2152 2092 pa·

1138 2158 1320 2198 NOTAE

309 2250 381 2289 per
399 2237 489 2276 avia
508 2236 659 2286 nubila,
694 2236 736 2275 id
769 2241 852 2286 est,
873 2248 952 2288 per
979 2236 1120 2276 aerem
1138 2238 1197 2276 in-

313 2312 547 2349 accessum,
568 2305 642 2338 aut
662 2300 732 2338 ubi
754 2300 872 2339 nulla
894 2300 980 2339 vita
996 2301 1101 2340 trita
1115 2307 1198 2351 est,

313 2376 450 2418 neque
482 2364 639 2415 pedum
671 2376 809 2415 neque
852 2370 1043 2404 rotarum
1071 2365 1202 2405 vesti-

314 2428 406 2479 giis.

368 2495 445 2531 184
474 2491 691 2543 Zephyros]
738 2491 923 2543 Zephyri
951 2496 1050 2531 sunt
1079 2491 1198 2532 venti

311 2556 527 2607 spirantes
548 2556 601 2594 ab
623 2554 895 2604 Occidente;
928 2557 1002 2595 sed
1031 2555 1103 2596 hic
1123 2568 1198 2607 po·

313 2624 472 2658 nuntur
491 2630 568 2668 pro
589 2617 703 2667 aere,
724 2619 766 2656 in
787 2631 872 2670 quo
893 2620 1196 2661 continentur:

313 2686 563 2722 contentum
592 2681 759 2721 scilicet
778 2693 856 2733 pro
877 2683 1141 2724 continente.

370 2751 448 2788 186
478 2749 518 2788 F
516 2748 688 2799 lav-escit,
707 2750 772 2800 ᾅτ.
803 2748 920 2788 vestit
937 2748 1034 2800 iter]
1082 2749 1198 2790 Qua-

315 2825 496 2865 cumque
530 2815 663 2853 Ceres
688 2825 860 2853 currum
891 2813 1027 2863 ducit,
1060 2813 1199 2865 campi

314 2874 563 2926 flavescunt,
609 2882 654 2916 et
701 2877 944 2929 vestiuntur
989 2876 1201 2929 frugibus.

316 2938 423 2977 adeo
444 2945 489 2977 ut
509 2939 602 2990 ipsa
623 2939 766 2979 orbita
783 2941 966 2991 pullulet
991 2942 1118 2992 copia
1136 2953 1200 2980 se-

317 3006 461 3054 getum
484 3001 670 3053 undique
687 3004 1069 3043 succrescentium.

372 3071 451 3108 189
479 3067 636 3117 Refugo
669 3067 774 3118 visu]
818 3069 953 3110 Quasi
969 3069 1116 3109 Sicilia
1134 3068 1197 3109 fu-

317 3143 420 3185 gere
436 3131 656 3171 videretur
681 3142 735 3169 ex
753 3132 903 3181 oculis,
932 3133 974 3172 id
994 3134 1107 3185 quod
1126 3146 1198 3186 ap-

318 3200 445 3248 paret
460 3194 727 3243 abeuntibus,
746 3195 899 3246 quibus
920 3197 1067 3247 specie
1084 3200 1096 3219 ‘
1117 3203 1200 3236 ter-

318 3270 463 3311 raeque
484 3258 695 3310 urbesque
716 3258 951 3299 recedunt.'
980 3260 1200 3312 Virgilium.

375 3326 453 3363 190
485 3323 674 3372 Proesaga
711 3322 827 3372 mali]
871 3322 1010 3362 Insita
1045 3335 1201 3375 nempe

318 3392 386 3428 cst
403 3386 633 3441 praesensio
658 3383 912 3437 futurorum,
935 3391 981 3426 et
998 3386 1112 3427 mala
1129 3385 1201 3426 im·

1266 2239 1471 2278 minentia
1498 2239 1711 2278 interdum
1737 2237 1992 2290 quibusdam
2020 2237 2149 2289 signis

1265 2300 1567 2352 ostenduntur,
1594 2302 1670 2340 sed
1691 2300 1977 2352 imprudentia
2000 2309 2152 2343 nostra

1266 2375 1351 2403 non
1367 2365 1664 2405 observantur.

1327 2429 1500 2468 Violavit
1508 2428 1652 2479 genas]
1671 2428 1840 2468 Etenim
1857 2429 1939 2468 etsi
1955 2427 2061 2468 flent
2073 2428 2149 2470 Dii

1269 2492 1506 2543 Homerici,
1540 2494 1601 2531 his
1630 2498 1772 2531 tamen
1791 2491 1898 2532 flere
1918 2491 2040 2532 nefas
2057 2504 2149 2532 esse

1265 2557 1467 2597 videtur:
1511 2557 1622 2596 unde
1652 2556 1828 2596 violavit
1859 2567 2004 2608 genas,
2029 2555 2150 2609 quasi

1264 2633 1355 2661 reni
1369 2633 1546 2660 sacram.

1322 2687 1398 2723 191
1428 2683 1492 2724 Aa
1529 2683 1651 2734 tecta]
1682 2683 1891 2735 Respexit
1927 2695 2044 2734 saepe
2074 2683 2149 2723 do-

1264 2761 1395 2799 mum,
1415 2749 1457 2788 in
1475 2761 1558 2800 qua
1576 2747 1707 2787 filiam
1727 2746 2007 2799 relinquebat,
2029 2746 2150 2798 quasi

1265 2825 1318 2852 ea
1334 2825 1432 2852 mox
1456 2825 1501 2852 se
1520 2813 1713 2852 orbatum
1735 2812 1786 2851 iri
1806 2811 2094 2863 praesentiret.

1321 2880 1399 2916 192
1429 2874 1561 2927 Salve]
1591 2877 1751 2915 Malum
1774 2886 1924 2915 omen:
1957 2875 2018 2914 sic
2035 2885 2149 2915 mor-

1268 2948 1361 2982 tuos
1376 2942 1538 2994 antiqui
1558 2941 1816 2980 salutabant.

1322 3003 1564 3043 Gratissima
1597 3002 1731 3052 tellus]
1785 3000 1969 3040 Siciliam
2010 3004 2145 3040 totam

1266 3069 1411 3108 Cereri
1432 3079 1611 3114 sacram,
1634 3070 1679 3104 et
1699 3069 1841 3104 natam
1861 3063 1905 3102 in
1925 3076 1976 3103 ea
1991 3063 2146 3114 Deam,

1264 3131 1493 3183 frugesque
1525 3130 1722 3168 inventas
1741 3139 1837 3167 esse
1866 3133 2035 3166 veteres
2055 3140 2147 3168 cre·

1265 3195 1503 3241 diderunt;
1534 3193 1661 3245 idque
1682 3192 1736 3231 ob
1766 3192 1914 3231 insulae
1943 3190 2150 3231 foecundi-

1270 3265 1402 3298 tatem
1424 3257 1636 3297 creditum
1668 3268 1761 3295 esse
1788 3263 1907 3306 puto.
1963 3256 2151 3296 Conten-

1267 3323 1333 3362 dit
1361 3329 1408 3361 et
1443 3322 1496 3360 dc
1529 3319 1683 3361 finibus
1709 3320 1856 3359 iusulae
1887 3321 2019 3360 Ceres
2047 3331 2146 3360 cum

1266 3386 1489 3426 Vulcano:
1528 3385 1656 3425 AEtna
1687 3383 1973 3436 disceptatrix
1999 3394 2148 3424 secun·
