2300 3906
614 186 680 224 ΙΝ
722 187 761 225 1.
802 185 971 225 (30Νὸ.
1010 183 1279 224 S'rlhch.
1321 183 1442 222 LIB.
1483 183 1547 221 11.

176 305 447 357 Phrixeus
470 319 630 355 roseo
655 302 933 369 producat
956 303 1130 355 fertile
1158 318 1326 355 cornu

172 389 288 441 Ver
312 388 499 439 Aries:
538 388 764 454 pingues
788 402 888 438 nec
915 387 1172 452 grandine
1197 386 1392 439 tundat
1415 386 1595 438 olivas

175 472 439 539 Scorpios
461 487 473 522 :
515 470 756 521 autumni
779 475 1009 524 maturet
1034 472 1278 538 germina
1301 470 1495 537 Virgo.

1879 466 1987 520 465

175 556 376 608 Lenior
400 558 453 605 et
474 553 719 620 gravidis
747 555 959 606 allatret
985 555 1159 606 Sirius
1184 555 1327 607 uvis,

175 639 270 691 Sic
296 637 460 697 fatuS,
488 636 695 687 croceis
718 643 962 689 rorantes
987 638 1207 704 ignibus
1229 637 1420 688 hortos

174 719 510 787 Ingreditur:
549 720 856 787 vallemque
882 736 1059 784 suam,
1083 737 1254 789 quam
1282 719 1569 772 flammeus
1596 721 1771 772 ambit

174 802 375 867 RivuS,
402 809 459 854 et
482 804 698 871 irriguis
721 804 933 873 largum
950 805 1118 873 jubar
1142 805 1336 872 ingerit
1359 805 1559 866 herbiS,

175 887 332 952 Quas
358 886 502 939 Solis
526 892 828 955 pascuntur
851 890 998 956 equi.

1075 889 1465 956 Fragrantibus
1491 887 1618 940 inde

1884 886 1992 941 470

171 1040 290 1103 Aries
309 1041 509 1081 Phrixeus
524 1054 643 1082 cornu
660 1045 818 1094 pulchro
836 1046 977 1097 efficiat
995 1059 1062 1086 ver
1069 1047 1318 1096 seecundum:
1344 1057 1463 1097 neque
1478 1044 1662 1096 Scorpius
1678 1043 1854 1083 verberet
1870 1054 1993 1094 gran-

172 1097 262 1134 dine
279 1096 382 1156 oleas
410 1096 589 1146 pingues.
650 1097 770 1147 Virgo
803 1098 961 1137 reddat
980 1099 1106 1147 foetus
1133 1100 1325 1139 Autumni
1357 1103 1541 1147 maturos,
1573 1102 1611 1137 et
1645 1097 1831 1137 Canicula
1860 1097 1997 1137 mitior

171 1148 290 1187 latret
309 1160 352 1186 m
371 1160 540 1188 racemos
567 1154 782 1199 turgentes.
837 1151 910 1190 Sol
937 1151 995 1191 ita
1025 1153 1173 1191 locutus
1190 1153 1315 1191 intrat
1331 1151 1461 1190 hortos
1477 1162 1571 1189 suos
1599 1154 1801 1190 manantes
1806 1150 1985 1201 flammis

168 1201 390 1251 purpureis,
406 1205 444 1240 et
463 1202 592 1241 intrat
606 1207 725 1253 prata
743 1217 829 1255 sua,
841 1217 928 1256 quae
936 1204 1087 1256 fluvius
1103 1206 1240 1255 igneus
1256 1204 1398 1254 cingit,
1413 1208 1452 1242 et
1471 1203 1654 1242 immittit
1671 1205 1791 1242 lucem
1806 1205 1996 1253 copiosam

173 1253 300 1294 herbis
315 1255 462 1306 sparsis
479 1255 590 1307 luce,
606 1255 742 1308 quibus
759 1258 846 1309 equi
862 1258 966 1297 Solis
983 1260 1155 1298 aluntur.
1212 1259 1310 1298 Inde
1332 1257 1405 1297 Sol
1425 1255 1547 1297 nectit
1565 1267 1709 1295 comam
1715 1256 1887 1307 floribus
1903 1257 1993 1295 odo·

939 1375 1180 1392 “OOOOOCOO
1187 1375 1234 1391 ‘O

168 1455 354 1506 perducat
387 1455 483 1496 Pal.
506 1459 709 1509 praeducat
728 1459 830 1500 Jun.
850 1463 1049 1512 ρι·.-464
1088 1459 1250 1511 pinguis
1279 1459 1384 1499 Vat.
1416 1470 1482 1510 pr.
1517 1457 1651 1497 Oisel.
1689 1454 1871 1507 gramine
1890 1452 1992 1494 Put.

171 1509 308 1547 tondat
329 1509 398 1549 ed.
419 1510 562 1551 Parm.
594 1524 648 1551 ex
680 1513 946 1563 conjectura.
988 1514 1107 1553 olivos
1126 1514 1398 1554 Oisel.—465
1443 1512 1627 1562 Scorpius
1646 1515 1733 1550 tres
1751 1510 1875 1549 Vatt.
1897 1508 1989 1548 Pal.

171 1560 300 1600 Fam.
321 1562 423 1603 Put.
444 1563 528 1603 duo
548 1564 702 1605 Petav.
732 1567 840 1606 Exc.
877 1567 1057 1607 Lucens.
1078 1579 1142 1616 pr.
1175 1567 1244 1605 ed.
1263 1566 1408 1606 Parm.
1451 1565 1638 1615 Scorpion
1670 1562 1791 1603 Leid.
1812 1574 1878 1613 pr.
1899 1573 1995 1600 cum

175 1614 486 1665 septemdecim
515 1617 627 1668 aliis,
660 1618 728 1658 ed.
757 1620 900 1659 Vicet.
930 1621 1034 1660 Var.
1054 1620 1140 1659 LL.
1172 1619 1240 1658 ed.
1273 1618 1405 1659 AntV.
1453 1618 1615 1668 Scopior
1646 1622 1692 1656 et
1724 1614 1995 1654 emendatum

174 1664 360 1728 Scorpion
380 1668 499 1709 Leid.
520 1682 606 1711 sec.
653 1670 814 1722 Scorpio
850 1678 896 1712 et
926 1672 1194 1712 emendatum
1225 1672 1406 1722 Scorpios
1423 1671 1528 1710 Lov.
1554 1670 1732 1720 germine
1753 1667 1871 1706 Med.
1893 1671 1996 1706 tert.

172 1730 360 1768 gramina
379 1722 475 1761 Pal.
496 1723 614 1762 Prie.
648 1724 768 1764 Rott.
802 1725 950 1765 Ambr.
972 1739 1035 1777 pr.
1061 1726 1243 1775 germina
1272 1724 1392 1764 Leid.
1412 1736 1477 1774 ρι·.
1499 1729 1543 1762 et
1564 1723 1713 1772 viginti
1734 1719 1870 1760 Codd.
1891 1718 1991 1758 Ald.

176 1772 281 1810 Exc.
302 1773 484 1814 Lucens.
504 1788 590 1815 sec.
610 1778 712 1816 Var.
731 1779 816 1818 LL.
839 1791 862 1817 e
883 1791 1018 1829 marg.
1038 1779 1182 1817 Parm.
1219 1778 1402 1827 gramina
1421 1777 1489 1815 vel
1505 1776 1686 1826 germina
1716 1775 1818 1812 Vat.
1841 1776 1999 1812 tert.-

173 1827 254 1863 466
296 1826 462 1866 ablatret
485 1827 630 1868 Ambr.
652 1842 715 1879 pr.
743 1831 908 1870 oblatret
940 1833 1098 1870 Moret.
1120 1834 1338 1871 see-467
1369 1830 1502 1879 fassus
1534 1830 1695 1868 Mazar.
1724 1827 1844 1873 satur
1876 1824 1998 1864 Med.

176 1881 281 1916 tert.
302 1878 370 1918 ed.
391 1880 533 1918 Vicet.
563 1883 683 1920 roseis
701 1883 803 1923 Put.
831 1884 975 1923 croceis
982 1883 1097 1932 fatus
1114 1885 1218 1923 Lov.
1239 1884 1345 1922 Exc.
1366 1883 1549 1922 Gevart.
1578 1882 1786 1919 rutilantes
1804 1878 1872 1917 vel
1892 1879 2002 1917 redo-

175 1931 295 1969 lentes
311 1931 484 1983 legebat
504 1932 655 1973 Heius.
684 1935 843 1984 ignibus
860 1937 962 1976 Vat.
983 1950 1046 1988 ρι·.
1068 1942 1114 1976 et
1133 1941 1235 1975 tert.
1259 1936 1353 1974 Pal.
1381 1936 1508 1974 Fam.
1532 1935 1651 1972 Rott.
1674 1932 1811 1971 Oisel.
1829 1930 2000 1981 floribus

174 1983 280 2023 Lov.
307 1985 478 2025 crinibus
496 1986 577 2026 inc.
599 1987 747 2027 Heius.
763 1989 916 2041 finibus
931 1990 959 2030 J
965 2003 1034 2028 un.
1057 2002 1122 2040 pr.
1140 1989 1281 2028 Oxon.
1305 1999 1389 2027 sec.
1410 1999 1463 2027 m.
1483 1998 1547 2038 pr.
1568 1986 1652 2024 duo
1666 1985 1789 2024 Vatt.
1805 1983 1922 2022 Prie.
1941 1994 1998 2020 m.

178 2047 247 2087 pr.
261 2037 382 2077 Med.
401 2043 499 2079 tert.
519 2041 619 2080 Put.
641 2041 804 2082 Mazar.
825 2042 926 2081 Pat.
943 2041 1095 2083 Ambr.
1112 2054 1198 2080 sec.
1220 2042 1303 2080 duo
1318 2042 1470 2080 PetaV.
1485 2041 1592 2078 Exc.
1610 2037 1774 2077 Schott.
1790 2037 1897 2074 Var.
1918 2035 2002 2076 LL.

177 2100 204 2128 e
223 2101 354 2143 marg.
374 2092 520 2133 Parm.
535 2093 688 2146 finibus
707 2100 752 2134 et
771 2095 1042 2135 emendatum
1059 2095 1232 2148 floribus
1252 2094 1373 2133 Leid.
1394 2105 1461 2144 pr.
1477 2092 1630 2145 finibus
1645 2092 1713 2130 vel
1731 2088 1891 2140 ignibus
1903 2088 2004 2127 Vat.

179 2147 321 2192 quart.
350 2145 481 2185 hortos
499 2147 603 2186 Lov.
618 2148 724 2188 Exc.
740 2148 923 2188 Gevart.
950 2153 1080 2188 arctos
1099 2149 1203 2187 Put.
1218 2148 1318 2187 Pat.
1347 2150 1456 2185 ortus
1476 2146 1620 2185 Oxou.
1640 2156 1707 2195 pr.
1728 2143 1891 2181 Moret.
1910 2152 1996 2180 sec.

177 2195 279 2235 Vat.
301 2203 398 2239 tert.
417 2199 513 2239 Pal.
532 2200 666 2240 Oisel.
694 2202 727 2240 F
730 2202 882 2242 lorent.
904 2215 957 2241 m.
979 2214 1045 2253 pr.
1069 2201 1188 2241 Med.
1220 2213 1282 2251 pr.
1305 2200 1416 2251 Reg.
1439 2200 1598 2238 Mazar.
1617 2197 1701 2236 duo
1722 2195 2005 2235 Ambra—468

176 2248 259 2288 urit
278 2250 510 2292 Pau—469
552 2253 720 2294 Rivulus
738 2255 858 2294 Med.
893 2267 980 2294 sec.
1010 2255 1167 2304 exiguis
1199 2253 1324 2292 Leid.
1358 2266 1423 2304 pr.
1453 2265 1510 2291 m.

1547 2253 1750 2302 piu—470
1796 2249 1885 2292 Qua
1904 2247 2004 2285 Pat.

170 2300 450 2353 fragrantibus
470 2307 573 2345 Lov.
595 2307 680 2346 duo
699 2308 817 2348 Vatt.
844 2308 1115 2359 flagrantibus
1145 2309 1246 2346 Vat.
1278 2318 1363 2346 sec.
1400 2310 1445 2345 et
1465 2310 1569 2344 tert,
1602 2303 1698 2343 Pal.
1726 2301 1856 2340 Farn.
1889 2299 2006 2339 Prie.

999 2397 1182 2440 NOTAE

235 2479 314 2516 463
357 2476 557 2516 Phrixeus
609 2478 745 2528 Aries]
803 2479 958 2518 Alatus
1013 2482 1060 2516 et

183 2539 342 2578 vellere
363 2550 492 2578 aureo
512 2539 701 2590 insignis,
731 2552 854 2590 quem
875 2540 1058 2578 Phrixus

183 2601 453 2641 Athamantis
491 2605 536 2639 et
569 2602 785 2653 Nepheles
818 2601 944 2651 filius,
979 2601 1059 2640 Ino

182 2676 406 2703 novercam
420 2664 602 2715 fugiens,
614 2664 860 2704 conscendit
871 2677 924 2703 ex
935 2665 1062 2703 Thes-

184 2726 290 2766 salia
306 2726 351 2765 in
371 2727 617 2782 Colphidem
638 2727 789 2766 iturus.
845 2727 1062 2766 Praesidet

182 2789 318 2828 mensi
335 2789 514 2839 Martio,
546 2802 629 2841 quo
648 2796 775 2839 terra,
805 2801 885 2828 ceu
904 2789 1064 2828 vellere

182 2853 362 2906 quodam
384 2854 629 2900 herbarum,
649 2852 797 2891 vestiri
816 2851 983 2902 incipit.

236 2918 315 2954 465
345 2915 542 2967 Scorpios]
573 2915 779 2954 Devictus
799 2915 851 2954 ab
880 2913 1063 2953 Orione.

184 2978 402 3017 Praesidet
435 2979 587 3029 partim
621 2978 804 3017 Octobri
835 2982 879 3016 et
908 2976 1065 3028 partim

186 3041 437 3087 Novembri,
471 3053 554 3091 quo
575 3047 771 3092 tempore
802 3040 937 3091 frigus
959 3051 1065 3091 pun-

186 3116 288 3156 gere
306 3104 472 3155 incipit.

246 3167 389 3217 Virgo]
417 3169 479 3206 Ea
510 3174 575 3206 est
601 3167 789 3219 Erigone
817 3166 932 3206 Icari
963 3165 1065 3216 filia,

187 3228 232 3270 in
252 3232 360 3271 coelo
379 3233 587 3271 collocata
615 3232 669 3270 ob
698 3231 906 3282 insignem
932 3230 1066 3281 pieta-

191 3295 304 3329 tem:
344 3293 414 3331 vel
446 3298 515 3332 est
546 3292 734 3341 Astraea,
766 3306 842 3332 seu
870 3292 1067 3342 Justitia,

192 3364 286 3405 quae
316 3353 487 3406 quidem
517 3367 572 3396 ex
591 3356 780 3397 ovidioa
808 3356 821 3379 ‘
843 3355 962 3398 caede
980 3367 1068 3396 ma-

1126 2477 1276 2516 dentes
1305 2475 1470 2515 Ultima
1503 2472 1724 2512 coelestum
1758 2475 1894 2511 terras
1930 2468 2009 2509 As-

1126 2543 1234 2579 traea
1253 2537 1451 2589 reliquit!
1505 2535 1719 2575 Praesidet
1744 2534 1900 2585 partim
1920 2531 2008 2571 Au-

1126 2604 1250 2650 gusto
1269 2605 1315 2639 et
1332 2598 1490 2650 partim
1507 2596 1766 2649 Septembri,
1802 2595 1875 2648 qui
1893 2606 2008 2636 men-

1128 2675 1210 2712 ses,
1228 2662 1417 2713 Virginis
1437 2661 1588 2711 instar,
1607 2659 1710 2699 nihil
1730 2658 1912 2710 amplius
1932 2669 2008 2708 pa-

1127 2724 1258 2763 riunt.

1180 2789 1261 2825 466
1288 2785 1438 2836 Sirius]
1468 2784 1674 2825 Canicula
1687 2783 1821 2834 Icari,
1835 2781 2008 2822 nomine

1130 2850 1270 2897 Mera,
1290 2849 1330 2886 in
1351 2850 1471 2900 signo
1492 2847 1660 2895 Leonis,
1673 2859 1766 2899 quae
1783 2858 1835 2885 ex
1852 2844 2013 2884 veteri-

1131 2912 1209 2951 bus
1247 2912 1431 2951 calorem
1475 2910 1690 2961 geminare
1741 2908 2012 2948 credebatur.

1132 2976 1231 3017 Alia
1250 2982 1316 3015 est
1334 2975 1622 3015 recentiorum
1643 2974 1805 3025 opinio.

1185 3043 1262 3078 467
1296 3037 1463 3087 Hortos]
1504 3037 1593 3077 Soli
1626 3036 1805 3087 regiam,
1846 3035 2011 3083 hortos,

1132 3113 1317 3151 mensas,
1351 3112 1497 3152 eqUOS,
1547 3110 1706 3151 pecora
1749 3095 1901 3138 Potitae
1935 3095 2012 3135 tri-

1133 3164 1282 3203 buunt.

1186 3229 1268 3265 469
1296 3224 1492 3275 Irriguis]
1521 3223 1704 3276 Irriguae
1734 3225 1833 3263 sunt
1850 3217 2012 3269 herbae,

1135 3289 1213 3330 sed
1230 3289 1351 3341 larga
1367 3288 1483 3340 luce,
1506 3299 1591 3328 non
1611 3286 1747 3340 aquis.
