2300 3906
566 208 856 249 ΕΡιιἩΑι..
897 210 1164 252 PAnnAn.
1205 212 1280 251 ΕΤ
1320 214 1539 254 canuit.
1860 204 1967 258 879

158 324 298 377 Pars
321 326 514 392 vigiles
537 326 751 389 ludunt,
776 334 868 380 aut
893 347 989 396 per
1014 332 1237 398 virgulta
1268 338 1548 399 vagantur.

155 406 477 459 Sci-utantur
503 409 659 460 nidos
683 411 882 474 avium,
911 415 992 465 vel
1022 415 1235 467 roscida
1257 417 1374 469 laeti

154 490 312 543 Mala
337 493 543 558 legunt,
572 492 768 545 donum
796 496 1043 559 Veneris,
1070 499 1357 566 flexusque
1382 502 1682 568 sequuntur
1894 502 1964 554 15

151 572 422 637 Palmitis,
450 582 504 628 et
522 593 763 629 summas
787 582 976 646 pennis
1004 581 1267 633 librantur
1291 584 1344 633 in
1369 585 1563 636 ulmos·

152 656 463 710 Defendunt
487 661 577 710 alii
603 662 814 728 lucum;
858 665 1222 732 Dryadasque
1246 682 1506 732 procaces

151 739 453 806 Spectandi
479 744 731 809 cupidas,
758 752 810 797 et
832 750 1041 800 rustica
1068 748 1312 800 Numina
1335 749 1564 815 pellunt,

149 822 561 892 Sylvestresque
586 828 768 882 Deos:
807 831 1072 900 longeque
1095 834 1364 885 tuentibus
1390 839 1599 886 antrum

147 905 426 960 Flammea
450 910 673 963 lascivis
701 914 984 968 intendunt
1009 917 1222 984 spicula
1246 917 1470 970 Faunis,
1886 918 1958 971 20

150 990 288 1043 Cum
316 994 499 1043 sub'ito
526 998 710 1046 varius
735 1000 920 1051 vicina
946 1001 1149 1052 clamor
1173 1003 1241 1052 ab
1266 1003 1403 1053 urbe

147 1074 220 1127 Et
243 1076 407 1127 fausti
424 1076 694 1144 juvenum
719 1081 969 1147 plausuS,
994 1085 1299 1153 mixtaeque
1323 1086 1533 1139 choreis

141 1157 367 1213 Auditae
394 1178 495 1228 per
516 1179 641 1214 rura
663 1164 794 1231 lyrae
816 1181 829 1216 ε
870 1165 1114 1218 Celerina
1138 1185 1239 1235 per
1264 1185 1450 1221 omnes

138 1330 628 1393 vigilantesaelectantur,
647 1337 707 1375 vel
735 1341 867 1376 errant
894 1349 966 1388 per
994 1337 1174 1377 arbusta:
1201 1338 1394 1377 rimantur
1424 1337 1535 1377 nidos
1562 1340 1771 1387 volucrum,
1798 1344 1864 1377 aut
1897 1339 1956 1378 1ιί-

138 1383 240 1422 lares
274 1386 462 1446 collzgunt
492 1400 605 1438 poma
640 1401 784 1439 sparsa
830 1402 933 1437 rore,
970 1403 1065 1440 quae
1114 1390 1200 1430 sint
1240 1402 1377 1428 munus
1420 1391 1605 1435 Veneris:
1650 1396 1688 1429 et
1729 1397 1865 1441 repunt
1905 1394 1956 1430 ad

136 1448 360 1477 curvamzna
401 1440 557 1488 vitium,
592 1454 638 1480 ac
672 1444 838 1491 pendent
867 1444 943 1482 alis
979 1444 1021 1482 in
1058 1444 1168 1494 apice
1202 1444 1404 1482 ulmorum.
1466 1443 1550 1481 Alii
1586 1447 1764 1482 tutantur
1793 1448 1956 1493 sylvam,

137 1494 176 1528 et
202 1489 355 1539 fugant
387 1492 572 1543 Dryadas
601 1495 833 1544 petulantes,
866 1496 1003 1534 avidas
1036 1496 1207 1545 videndi,
1242 1499 1279 1534 et
1317 1496 1443 1534 Divos
1475 1500 1649 1544 agrestes
1683 1509 1728 1534 ac
1770 1500 1957 1546 sylvanvs,

137 1545 177 1580 et
206 1546 384 1593 torquent
415 1546 494 1584 tela
529 1546 708 1585 ardentia
749 1548 791 1586 in
829 1548 985 1587 Faunos
1014 1548 1272 1595 luxuriantes,
1297 1550 1433 1598 procul
1471 1548 1700 1598 aspicientes
1742 1562 1957 1588 cat-ernam.

136 1594 247 1634 Haec
264 1595 442 1647 fiebant,
460 1611 546 1638 cum
579 1602 715 1639 statim
750 1612 880 1639 rumor
908 1601 1082 1640 diversus
1108 1600 1156 1639 ab
1189 1600 1281 1639 urbe
1300 1600 1499 1652 finitima,
1525 1606 1564 1640 et
1590 1602 1796 1651 applausus
1817 1601 1956 1649 felices

134 1649 416 1690 adolescentum
443 1656 713 1703 resonuerunt,
732 1657 771 1692 et
796 1653 959 1693 citharae
982 1654 1184 1705 permistae
1214 1653 1485 1692 saltationibus
1511 1666 1584 1703 per
1609 1666 1748 1704 agros.-
1780 1655 1955 1693 Celerina

896 1767 1187 1783 eeoeeaeoeaeaeoe

133 1849 267 1889 dentes
285 1849 474 1889 Florent-
508 1853 595 1890 tres
625 1849 746 1890 Med.
778 1851 863 1890 inc.
897 1849 1050 1890 Heius.
1081 1850 1245 1890 Bonon.
1270 1851 1372 1891 Put.
1393 1850 1475 1890 duo
1496 1851 1647 1890 Petav.
1681 1850 1825 1890 Ambr.
1849 1855 1951 1892 tert.

134 1903 296 1942 Moret.
318 1915 382 1954 pr.
418 1903 522 1943 Cod.
557 1903 705 1954 Epigr.
739 1901 889 1943 Ambr.
923 1909 968 1943 et
997 1904 1141 1943 Ursin.
1176 1904 1410 1943 Exc..Pat,
1446 1916 1528 1943 rec,
1559 1905 1739 1942 Lucens.
1767 1915 1831 1953 pr.
1855 1903 1952 1943 And.

134 1954 388 2006 Splendentes
419 1956 570 2007 placide
601 1956 767 1995 Buslid.
810 1956 976 2007 placidoe
1013 1955 1096 1995 duo
1130 1956 1249 1994 Med.
1290 1956 1441 2006 placide
1474 1957 1673 1995 Pet—13
1704 1957 1787 1993 Par
1816 1956 1956 2005 vigiles

132 2008 288 2048 Sched.
312 2009 425 2047 Gud.
457 2009 676 2059 Pervigiles
691 2010 790 2048 Vat.
810 2021 874 2060 pr.
894 2007 1043 2048 Ambr.
1065 2020 1127 2059 pr.
1145 2009 1246 2048 Vat.
1265 2009 1403 2048 Livin.
1433 2011 1470 2047 et
1486 2017 1556 2058 per
1571 2010 1669 2047 Vat.
1688 2020 1750 2058 pr.
1770 2009 1866 2047 Vat.
1887 2009 1954 2047 Li-

132 2062 219 2100 vin.
240 2059 389 2101 Ambr.
411 2074 475 2112 pr.
521 2075 567 2101 ac
599 2074 676 2111 pro
696 2066 765 2101 aut
782 2063 884 2101 Var.
908 2062 994 2102 LL.
1016 2062 1085 2100 ed.
1104 2060 1342 2101 Λαυρ-14
1371 2061 1442 2099 alii
1462 2072 1537 2111 pro
1555 2061 1680 2099 avium
1701 2061 1955 2111 conjiciebat

134 2114 394 2154 Heins.--15
423 2116 557 2164 legant
576 2116 716 2155 Oxon.
737 2127 820 2155 sec.
862 2116 981 2153 donec
1010 2126 1089 2165 pro
1121 2116 1261 2152 donum
1278 2113 1440 2153 Buslid.
1494 2113 1632 2152 Veneri
1651 2113 1752 2151 Exc.
1778 2115 1953 2151 Lucens.

132 2179 197 2218 pr.
213 2166 439 2218 flexumque
457 2169 559 2207 Vat.
581 2173 723 2219 quart.
746 2167 892 2207 Ambr.
914 2179 979 2218 pr.
1009 2167 1112 2206 Exc.
1140 2167 1238 2206 Pat.
1271 2169 1464 2206 rec.—-16
1491 2169 1558 2203 aut
1587 2177 1755 2203 summas
1783 2166 1954 2216 legebat

132 2219 286 2261 Heius.
310 2221 445 2272 pinnis
465 2221 571 2262 eod.
591 2221 742 2273 Epigr.
762 2219 911 2260 Ambr.
934 2219 1039 2259 Exc.
1074 2221 1256 2259 Lucens.
1290 2231 1356 2270 pr.
1402 2218 1604 2257 vibrantur
1636 2219 1740 2256 Exc.
1774 2220 1953 2259 Lucens.

131 2284 196 2324 pr.
243 2276 472 2313 umbrantur
491 2273 640 2313 Ambr.
662 2286 725 2324 ρι’.
766 2274 873 2312 alnos
891 2273 1011 2312 Rott.
1028 2273 1132 2311 Var.
1152 2272 1238 2311 LL.
1257 2272 1324 2310 ed.
1344 2269 1476 2310 Antv.
1514 2271 1718 2309 ulmos'vel
1737 2283 1851 2309 arnos
1870 2271 1952 2310 inc.

131 2325 388 2367 Heins.-17
417 2328 565 2365 luctum
594 2327 716 2365 Rott.
770 2326 874 2364 lucos
905 2325 1002 2364 Vat.
1035 2336 1101 2375 pr.
1134 2329 1179 2362 et
1213 2328 1352 2375 quart.
1389 2322 1539 2361 Ambr.
1579 2333 1644 2372 pr.
1677 2323 1778 2360 Vat.
1814 2322 1950 2362 Livin-

130 2379 389 2432 Dryadesque
406 2384 493 2418 tres
511 2379 633 2419 Vatt.
653 2378 748 2418 Pal.
794 2378 1049 2430 Dryadasque
1066 2377 1168 2416 Vat.
1189 2387 1275 2415 sec.
1294 2376 1377 2415 inc.
1397 2375 1547 2414 Heius,
1572 2376 1668 2413 Put.
1690 2374 1773 2412 duo
1793 2374 1949 2414 Petav.

130 2432 299 2472 Bonan.
321 2432 470 2471 Ambr.
490 2438 589 2471 tert.
608 2432 766 2471 Moret.
787 2442 853 2481 pr.
876 2430 1019 2469 Oxon.
1041 2440 1124 2468 sec.
1144 2433 1231 2467 vet.
1255 2428 1360 2478 Gyr.
1382 2428 1486 2467 Cod.
1508 2426 1653 2477 Epigr.
1675 2426 1823 2466 Ambr.
1843 2427 1950 2467 Exc.

130 2485 231 2525 Pat.
247 2497 333 2524 rec.
363 2486 544 2524 Lucens.
563 2497 629 2535 pr.
650 2483 737 2522 vid.
759 2483 964 2522 Fescenn.
993 2494 1053 2522 vs.
1072 2484 1137 2521 23.
1162 2492 1340 2531 procaces
1358 2481 1423 2520 vel
1443 2481 1612 2530 loquaces
1630 2480 1857 2517 Rott.—18
1884 2478 1952 2517 In-

178 2542 306 2577 ectant
323 2539 453 2589 cupidi
474 2538 619 2577 Ambr.
639 2549 702 2588 pr.
720 2535 874 2576 Sched.
895 2534 1008 2575 Gud.
1050 2534 1276 2585 Inspectant
1294 2533 1452 2584 cupidus
1478 2533 1577 2571 vat.
1600 2543 1663 2582 pr.
1709 2532 1853 2570 lumina
1874 2542 1951 2581 pro

174 2592 307 2630 nmina
326 2592 484 2631 Moret.
506 2593 678 2640 pr.—-19
706 2589 812 2628 Deas
831 2587 1089 2639 conjiciebat
1107 2587 1260 2627 Heius.
1300 2586 1501 2626 ruentibus
1519 2585 1671 2623 Petav.
1690 2587 1861 2633 pr.—-2o
1889 2586 1950 2623 in-

130 2645 296 2683 cendunt
328 2645 474 2694 spicula
491 2644 669 2695 flammis
697 2641 965 2681 Buslid.-21
995 2640 1037 2679 in
1067 2641 1157 2679 urbe
1188 2641 1293 2680 Exc.
1322 2639 1419 2678 Pat.
1448 2641 1642 2677 rem—22
1672 2637 1776 2686 fasti
1814 2636 1949 2681 Oisel.

131 2696 351 2749 mixtusque
369 2698 528 2737 Moret.
547 2698 720 2748 pin—23
749 2694 853 2735 tuboe
881 2706 959 2746 pro
991 2694 1087 2745 lyroe
1118 2692 1269 2733 Ambr.
1306 2704 1372 2744 pr.
1401 2690 1554 2731 Sched.
1588 2690 1699 2730 Gud.
1742 2690 1842 2729 celer
1858 2689 1950 2729 inde

957 2840 1133 2882 NOTAE

183 2948 236 2986 14
265 2945 390 2985 Nidos
406 2944 553 2996 avium]
594 2946 804 2987 Quaerunt
828 2941 950 2982 nidos
968 2952 1010 2981 a·

129 3007 260 3058 vium,
294 3013 491 3059 tanquam
525 3018 615 3046 rem
642 3007 704 3045 sui
733 3005 868 3056 juris:
909 3015 1008 3043 aves

132 3071 244 3111 enim
264 3069 446 3109 subditae
466 3068 672 3108 Amorum
701 3067 880 3119 imperio
916 3071 1007 3106 tum

130 3133 314 3173 maxime
335 3145 431 3173 cum
450 3131 682 3172 nidificant.

185 3200 238 3237 16
263 3197 499 3248 Librantur]
548 3196 729 3236 Amores
765 3194 1009 3246 petulantes

133 3259 308 3299 evolant
340 3260 394 3299 ad
427 3260 572 3311 apices
605 3259 827 3308 ulmorum,
858 3256 1007 3309 quibus

76 3347 85 3362 .
131 3321 299 3361 innexae
327 3327 426 3362 sunt
453 3324 578 3371 vites,
608 3322 738 3362 ethic
757 3320 834 3360 alis
854 3319 1009 3360 librant

132 3383 421 3435 petulantius:
450 3383 493 3423 id
511 3384 624 3436 qund
642 3383 746 3424 satis
756 3382 923 3423 indicat
935 3393 1009 3422 na·

1075 2946 1212 2980 turam
1232 2939 1450 2985 Amorum,
1468 2938 1540 2991 qui
1568 2937 1611 2976 in
1628 2937 1751 2988 jocos
1770 2939 1815 2975 et
1831 2933 1951 2975 lasci-

1074 3003 1186 3043 viam
1203 3001 1325 3042 effusi
1341 3006 1452 3040 sunt.

1128 3069 1179 3105 17
1205 3063 1409 3116 Dryadas]
1433 3063 1541 3102 Sunt
1555 3062 1649 3100 haec
1665 3059 1851 3100 Numina
1869 3058 1952 3110 syl-

1074 3141 1244 3169 varum:
1274 3128 1374 3179 δρῦς,
1404 3125 1460 3174 ὸς,
1478 3136 1638 3176 quercus
1652 3136 1668 3170 ,·
1694 3123 1790 3162 hinc
1809 3123 1947 3172 Drya·

1075 3192 1162 3232 des.

1127 3258 1179 3295 20
1209 3253 1376 3304 Faunis]
1405 3254 1475 3292 De
1491 3253 1554 3291 his
1573 3261 1715 3300 supra.

1127 3321 1180 3358 22
1209 3317 1392 3368 Plausus]
1423 3312 1762 3355 Acclamationes
1795 3303 1944 3358 populi

1073 3381 1338 3432 hymenaeum
1356 3377 1570 3426 canentis3
1599 3385 1697 3416 uam
1713 3375 1814 3412 ante
1831 3368 1944 3411 fores
