2300 3906
343 199 455 253 592*
917 190 1013 252 cr...
1054 201 1407 245 anunrAm
1449 196 1590 239 xxr.

343 330 599 383 Moverat
622 326 908 380 Auroram.
983 322 1183 374 Mixtis
1205 321 1298 372 hic
1323 319 1569 372 Colchus
1595 318 1844 383 Hiberis,
2061 318 2168 371 155

342 416 460 466 Hic
487 415 645 465 mitra
664 412 883 463 velatus
907 405 1112 467 ArabS,
1138 405 1228 455 hic
1255 403 1404 455 crine
1433 404 1637 455 decoro

340 497 665 560 Armenius;
703 496 791 546 hic
816 494 968 561 picta
993 491 1185 552 SaceS,
1211 488 1514 555 fucataque
1544 487 1769 552 MeduS,

340 582 458 634 Hic
486 583 757 647 gemmata
778 580 930 644 niger
947 574 1186 628 tentoria
1210 573 1405 625 fixerat
1432 572 1636 636 Indus;

340 665 457 717 Hic
485 664 742 716 Rhodani
769 678 1000 730 procera
1019 661 1232 723 cohorS,
1258 658 1348 709 hic
1374 657 1532 708 miles
1556 653 1768 706 Alanus

341 748 564 800 Oceani.
638 748 855 799 Ductor
880 745 1153 798 Stilichon
1179 747 1258 793 tot
1283 741 1538 808 gentibus
1559 755 1720 801 unus,
2059 737 2166 790 160

340 831 496 895 Quot
521 832 609 883 vel
635 830 981 898 progrediens
1005 828 1096 881 vel
1121 826 1395 893 conspicit
1417 823 1685 875 occiduus
1713 821 1831 872 Sol.

338 916 404 967 ln
425 932 534 982 quo
560 920 675 965 tam
699 914 851 964 vario
876 928 1077 964 vocum
1097 924 1462 976 generumque
1487 907 1723 958 tumultu

335 1051 522 1089 eduxerat
537 1061 663 1088 secum
676 1050 923 1098 undequaque
945 1045 1146 1085 Orientem
1172 1044 1407 1083 universum.
1465 1042 1547 1081 Hic
1578 1041 1741 1080 Colchus
1771 1039 1964 1090 Hispanis
1990 1040 2165 1090 permix-

334 1102 412 1147 tis,·
439 1102 501 1141 hic
528 1102 656 1141 Arabs
687 1102 837 1140 cinctus
863 1100 1010 1146 mitra,·
1039 1099 1101 1138 hic
1120 1098 1329 1137 Armenius
1347 1096 1504 1135 coesarie
1520 1095 1707 1145 pulchra;
1726 1093 1807 1132 illic
1827 1093 1945 1132 Saces
1971 1098 2165 1133 statuerat

334 1156 580 1195 tabernacula
595 1155 809 1206 picturata,
837 1158 876 1192 et
896 1154 1037 1192 Medus
1063 1155 1273 1200 cerussata,
1293 1155 1330 1189 et
1358 1150 1478 1188 Indus
1494 1154 1582 1187 ater
1600 1152 1752 1187 ornata
1765 1147 1943 1195 gemmis.
2000 1147 2085 1186 Hic
2103 1160 2167 1187 ca·

335 1213 453 1247 tervoe
471 1210 566 1247 altae
586 1208 711 1246 Rheni
729 1221 743 1253 ,·
770 1208 850 1245 illic
868 1207 1013 1245 milites
1034 1205 1179 1244 nutriti
1199 1204 1251 1242 ad
1275 1205 1487 1242 Oceanum.
1543 1201 1712 1241 Stilicho
1733 1202 1831 1240 Dux
1847 1201 1951 1239 solus
1968 1204 2027 1238 tot
2044 1213 2166 1251 popu-

332 1262 393 1313 lis,
414 1266 506 1312 quot
527 1262 592 1300 Sol
608 1262 667 1300 vel
683 1260 810 1299 oriens
826 1260 946 1308 videt,
965 1260 1026 1298 vel
1043 1258 1228 1297 occidens.
1285 1257 1335 1295 In
1349 1269 1424 1307 qua
1444 1254 1559 1294 turba
1587 1259 1667 1294 tam
1694 1254 1847 1293 diversa
1873 1254 2109 1304 linguarum,
2127 1257 2166 1293 et

1104 1389 1400 1406 θθθθθθθθθθθθ

334 1479 465 1515 —155
494 1474 622 1514 mistis
638 1475 707 1515 vel
724 1475 873 1515 mixtus
893 1475 1036 1515 Oxon.
1055 1487 1118 1527 pr.
1165 1474 1255 1514 hinc
1278 1474 1440 1524 Colchus
1459 1472 1619 1512 Moret.
1636 1483 1722 1511 sec.
1769 1470 1826 1509 sic
1858 1469 2021 1509 Colchus
2047 1468 2167 1511 Med.

335 1534 435 1569 tert.
476 1528 550 1567 tibi
572 1529 736 1568 Colchus
756 1530 846 1568 Pal.
866 1529 986 1568 Med.
1008 1541 1073 1580 pr.
1093 1528 1206 1567 unde
1224 1528 1280 1567 ibi
1303 1526 1548 1577 corrigebat
1569 1524 1786 1573 Heinsius,
1811 1523 1883 1574 qui
1912 1523 2167 1573 ascripserat

334 1582 514 1632 margini
535 1582 687 1632 Scotus,
706 1594 759 1620 ex
779 1582 891 1621 libro
910 1594 964 1620 an
995 1582 1259 1631 conjectura,
1277 1580 1470 1619 dubium.
1515 1578 1663 1617 ibernis
1690 1575 1810 1616 Med.
1843 1587 1928 1614 sec.
1955 1586 2008 1614 m.
2044 1587 2166 1626 pr.—

336 1639 414 1674 156
443 1634 686 1675 Hinc-...hinc
715 1635 874 1674 Moret.
908 1647 992 1674 sec.
1021 1635 1123 1672 Lov.
1163 1635 1314 1672 velatur
1333 1634 1522 1672 Florent.
1563 1643 1648 1669 cum
1666 1630 1776 1668 crine
1797 1629 1902 1667 Lov.
1924 1627 2044 1667 Med.
2062 1633 2174 1670 tert.

333 1688 417 1727 inc.
442 1688 590 1731 Heins.
613 1687 719 1726 Exc.
741 1686 921 1726 Gevart.
940 1687 1106 1726 Schott.
1138 1691 1183 1725 et
1203 1687 1383 1725 Lucens.
1403 1697 1468 1736 pr.
1485 1683 1552 1723 ed.
1571 1683 1712 1723 Vicet.
1753 1684 1890 1721 decoro
1911 1681 2017 1722 Exc.
2036 1682 2165 1723 Laeti.

330 1742 488 1779 decorus
509 1741 662 1790 viginti
682 1746 866 1791 quatuor
886 1739 1022 1778 Codd.
1042 1741 1147 1778 Var.
1169 1739 1253 1778 LL.
1286 1750 1309 1777 e
1339 1749 1471 1787 marg.
1505 1737 1649 1776 Parm.
1679 1736 1783 1774 item
1803 1735 1874 1774 ed.
1896 1733 2030 1774 Antv.
2078 1748 2166 1775 cum

331 1794 436 1832 crine
454 1795 609 1831 decorus
624 1793 727 1834 Jun.
759 1805 822 1843 pr.
845 1793 963 1832 Med.
986 1799 1124 1844 quart.
1147 1791 1232 1831 duo
1255 1791 1398 1831 Oxon.
1440 1803 1526 1829 cum
1556 1789 1664 1828 crine
1692 1790 1827 1828 decoro
1857 1788 2069 1828 Armenius
2094 1789 2163 1829 ed.

331 1847 473 1885 Vicet.
490 1847 591 1885 Var.
610 1847 695 1885 LL.
723 1846 792 1886 ed.
819 1844 952 1885 Antv.
999 1846 1149 1884 decoris
1174 1844 1374 1884 Armeniis
1399 1843 1522 1883 Leid.
1543 1855 1606 1893 pr.
1626 1843 1780 1881 PetaV.
1811 1853 1899 1881 sec.
1919 1841 2038 1882 Med.
2061 1847 2164 1882 tert.

331 1900 416 1938 inc.
434 1900 582 1938 Heius.
602 1900 704 1938 Lov.
729 1899 886 1938 Moret.
906 1911 988 1938 sec.
1016 1899 1101 1938 duo
1135 1897 1282 1937 Ambr.
1317 1898 1425 1936 Exc.
1455 1895 1622 1935 Schotti
1655 1901 1700 1935 et
1729 1895 2044 1935 Gevart.—l57
2074 1895 2165 1935 hinc

331 1953 493 1991 Moret.
527 1964 609 1991 sec.
656 1955 772 2002 pacta
804 1952 977 1991 Tholos.
1019 1950 1136 1991 Saces
1154 1952 1345 1990 Florent.
1389 1949 1514 1999 Sages
1533 1949 1617 1988 duo
1637 1950 1758 1988 Vatt.
1780 1949 1876 1988 Pal.
1897 1949 2022 1988 Farn.
2043 1949 2165 1990 Med.

333 2016 399 2055 pr.
417 2004 518 2045 Jun.
537 2010 581 2043 et
603 2005 719 2043 Leid.
738 2017 802 2054 pr.
820 2005 923 2044 Exc.
942 2004 1068 2044 Laeti.
1095 2016 1206 2054 seges
1224 2004 1344 2043 Med.
1361 2009 1501 2055 quart.
1537 2002 1685 2042 Asares
1706 2003 1828 2042 Rott.
1857 2002 2001 2042 Asaces
2021 2001 2166 2043 Oxou.

332 2069 399 2107 pr.
420 2057 523 2096 Lov.
546 2058 691 2096 Ambr.
713 2070 800 2096 sec.
821 2058 931 2108 Reg.
961 2058 1114 2096 Petav.
1146 2069 1229 2096 sec.
1265 2056 1386 2096 Med.
1412 2062 1517 2095 tert.
1549 2056 1631 2095 inc.
1668 2056 1818 2095 Heius.
1844 2057 1952 2095 Exc.
1983 2056 2163 2095 Gevart.
2223 2056 2229 2062 ‘

331 2111 435 2149 Var.
458 2111 543 2150 LL.
564 2122 587 2149 e
605 2122 738 2160 marg.
755 2111 897 2149 Parin.
940 2112 1071 2160 Fages
1090 2111 1243 2149 Petav.
1261 2115 1362 2149 tert.
1399 2108 1624 2160 fugataque
1640 2110 1740 2148 Vat.
1761 2121 1827 2159 pr.
1848 2121 1905 2148 m.
1927 2121 1993 2161 pr.
2038 2111 2164 2149 sulea-

331 2173 448 2214 caque
467 2165 563 2203 Pat.
586 2164 745 2202 Moret.
766 2175 831 2213 pr.
865 2162 1101 2214 furcataque
1126 2163 1246 2202 Med.
1268 2169 1367 2202 tert.
1402 2162 1633 2212 fuscataque
1653 2162 1774 2201 Leid.
1796 2174 1860 2214 pr.
1881 2175 1935 2202 m.
1955 2174 2042 2202 sec.
2062 2175 2164 2215 qua-

333 2222 430 2256 tuor
458 2217 579 2255 Vatt.
612 2217 705 2256 Pal.
739 2217 866 2255 Farn.
901 2217 1090 2256 Floreat.
1126 2229 1180 2255 m.
1213 2228 1298 2255 sec.
1331 2215 1415 2254 duo
1442 2214 1563 2254 Med.
1595 2216 1877 2256 Put.Thuan.
1897 2215 2162 2256 Mazar.duo

330 2269 485 2308 Petav.
508 2276 552 2309 et
567 2268 716 2309 Ambr.
737 2270 900 2309 Bonon.
929 2270 1030 2310 Jun.
1052 2277 1094 2309 et
1116 2269 1258 2309 Oxou.
1278 2281 1342 2320 pr.
1362 2270 1521 2308 Moret.
1554 2280 1638 2308 sec.
1671 2268 1905 2320 fuscutaque
1925 2270 1991 2308 vel
2003 2268 2166 2319 fucata·

331 2334 402 2371 que
431 2324 533 2372 Reg.
556 2323 697 2362 Oxon.
730 2327 930 2373 pr.-—l58
962 2323 1070 2362 Hinc
1099 2323 1254 2362 Moret.
1289 2335 1377 2362 sec.
1415 2322 1534 2362 Med.
1571 2327 1672 2361 tert.
1703 2321 1851 2374 fixerit
1881 2323 2043 2362 Moret.
2075 2334 2164 2362 sec.

318 2375 500 2427 finxerat
520 2375 639 2414 Leid.
660 2388 723 2426 pr.
741 2375 1041 2416 'stiuam—159
1071 2376 1179 2415 Hinc
1198 2377 1359 2415 Movet.
1380 2387 1466 2414 sec.
1501 2376 1651 2415 Alanus
1669 2374 1792 2414 Leid.
1810 2387 1873 2425 pr.
1895 2387 1990 2415 cum
2010 2375 2164 2427 viginti

332 2428 439 2478 aliis,
455 2429 557 2468 Exc.
571 2428 741 2468 Schott.
761 2429 942 2468 Gevart.
964 2435 1009 2469 et
1027 2431 1131 2468 Var.
1148 2430 1233 2469 LL.
1253 2429 1320 2468 ed.
1341 2428 1474 2468 AutV.
1505 2429 1652 2468 Alenus
1669 2427 1824 2467 Sched.
1843 2428 1958 2469 Gud.
1988 2429 2164 2468 alumnus

331 2481 520 2520 Flos-ent.
554 2481 675 2520 Med.
703 2493 790 2520 sec.
823 2488 952 2533 atque
981 2483 1043 2521 ita
1068 2482 1174 2532 legit
1194 2483 1425 2521 Gevartius
1451 2480 1493 2520 in
1524 2482 1660 2521 literis
1691 2481 1745 2520 ad
1779 2482 2005 2520 Heinsium
2037 2482 2164 2522 datie.

331 2533 391 2573 sic
408 2534 537 2573 etiam
558 2534 691 2574 Gesn.
713 2540 758 2573 et
778 2534 846 2574 ed.
866 2535 1042 2586 Bipont.
1085 2537 1247 2574 alannus
1275 2535 1374 2574 Vat.
1411 2547 1565 2586 prffim.
1595 2547 1658 2584 pr.
1686 2535 1813 2572 Fam.
1832 2535 1955 2574 Rott.
1975 2535 2089 2575 Prie.
2103 2548 2162 2575 m.

331 2598 416 2626 sec.
438 2587 543 2626 Exc.
562 2588 688 2626 Laeti.
735 2589 902 2627 alunnus
922 2589 988 2627 vel
1010 2589 1186 2628 alumnus
1203 2589 1302 2628 Vat.
1324 2593 1427 2627 tert.
1469 2588 1644 2627 alumnus
1662 2587 1731 2626 vel
1751 2588 1902 2627 Alanus
1919 2587 2069 2627 Petav.
2093 2600 2161 2639 pr.

332 2639 474 2678 Oxon.
494 2652 581 2679 sec.
601 2641 706 2679 Lov;
732 2640 835 2679 item
863 2641 1026 2680 Mazar.
1064 2642 1135 2693 qui
1166 2647 1264 2693 post
1297 2643 1462 2680 Alanus.
1491 2640 1650 2680 τελείαν
1678 2640 1849 2690 στιγμὴν
1877 2641 2160 2681 habet.—160

329 2705 446 2731 unum
482 2693 735 2732 Farn.—161
770 2694 875 2739 Quot
902 2694 999 2733 Pal.
1031 2695 1148 2734 Pric.
1180 2707 1234 2734 m.
1271 2706 1358 2733 sec.
1405 2695 1518 2739 Quod
1550 2695 1648 2733 Vat.
1679 2706 1742 2744 pr.
1764 2707 1818 2733 m.
1839 2706 1904 2745 pr.
1955 2695 2160 2740 Quoeinc.

332 2745 483 2786 Heius.
517 2746 624 2791 Quos
642 2746 727 2786 duo
747 2747 869 2786 Vatt.
885 2747 1002 2786 Prie.
1024 2759 1079 2786 m.
1102 2759 1168 2797 pr.
1188 2748 1312 2786 Rott.
1327 2747 1431 2786 Put.
1454 2745 1601 2786 Ambr.
1622 2758 1708 2786 sec.
1753 2747 1864 2792 Quas
1879 2747 1999 2787 Leid.
2020 2760 2086 2798 pr.
2105 2760 2161 2788 m.

330 2810 417 2839 sec.
437 2811 533 2839 cum
553 2804 720 2851 septem
740 2801 833 2840 aliis
867 2805 913 2840 et
940 2800 1047 2840 Exc.
1068 2800 1328 2840 Laeti.—-162
1345 2800 1436 2849 jam
1452 2799 1562 2838 vario
1582 2799 1735 2843 Petav.
1756 2812 1841 2840 sec.
1861 2801 1964 2840 Var.
1983 2802 2069 2842 LL.
2089 2802 2159 2842 ed.

387 2965 464 3002 155
509 2963 671 3004 colchus
711 2965 896 3016 Hiberis]
974 2965 1125 3005 Colchi
1162 2970 1210 3004 et
1276 2969 1528 3016 carpuntur.

331 3025 487 3066 Hiberi
506 3027 654 3077 populi
684 3032 783 3067 sunt
813 3027 930 3068 Asiae
951 3029 1080 3079 juxta
1095 3028 1209 3068 Pon·
1331 3031 1407 3067 15⁷
1437 3028 1659 3080 Armenius,
1691 3029 1823 3082 Saces,
1859 3030 2021 3082 Medus]
2073 3031 2160 3072 Po-

330 3094 420 3129 tum
441 3089 667 3130 Euxinum.
722 3089 877 3130 Hiberi
896 3103 1014 3141 vero,
1033 3091 1088 3130 ab
1107 3091 1209 3131 His·
1277 3091 1366 3143 puli
1386 3090 1503 3132 Asiae
1522 3092 1699 3134 nobiles.

331 3151 459 3202 pania
491 3163 567 3191 seu
596 3152 778 3192 Hiberia
803 3154 886 3193 huc
903 3154 1093 3205 trajecti,
1110 3160 1211 3195 sunt
1331 3158 1410 3194 158
1439 3155 1668 3208 Gemmata]
1708 3157 1806 3197 Indi
1835 3157 2013 3210 gemmis
2048 3157 2163 3198 illus-

330 3213 480 3266 populi
501 3215 631 3266 juxta
661 3227 777 3255 mare
815 3216 1039 3267 Caspium:
1082 3218 1210 3259 hodie
1276 3222 1380 3257 tres.
1967 3233 1971 3235 ’

331 3276 494 3328 Georgi
510 3276 725 3328 dicuntur.
1331 3283 1410 3319 159
1436 3280 1624 3331 Procera]
1670 3281 1846 3323 Accolae
1885 3281 2022 3323 Rheni
2057 3289 2159 3323 sunt

387 3342 465 3378 156
511 3340 660 3393 Mitra]
716 3341 952 3382 Gestamen
987 3344 1208 3397 antiquum
1276 3347 1454 3383 staturae
1471 3345 1740 3396 procerioris,
1759 3353 1809 3388 ut
1825 3345 2048 3399 Germani,
2071 3346 2159 3386 Ba-

329 3401 573 3456 mulierum,
588 3403 700 3444 unde
728 3409 776 3445 et
794 3404 957 3446 Arabes
984 3412 1034 3447 ut
1061 3408 1209 3448 molles
1275 3407 1379 3459 tavi,
1392 3410 1472 3449 διο.
