2300 3906
331 194 439 251 836

334 328 480 382 Haec
507 328 615 381 sibi
635 341 768 379 cura
791 317 1012 385 senum,>
1027 324 1348 388 maturaque
1372 322 1698 389 comprobat
1724 324 1893 374 aetas:

334 413 512 483 quue
538 415 680 464 inter
703 409 903 463 veteris
933 408 1172 475 speciem
1197 408 1490 473 praesentis
1518 411 1570 458 et
1596 406 1742 458 aulae

334 496 372 550 J
377 497 580 559 udicat,
605 495 747 546 hunc
773 493 974 555 civem,
997 490 1253 542 dominos
1277 490 1494 542 venisse
1518 492 1747 559 priores,

337 580 687 647 Conspicuas
710 583 829 629 tum
853 578 987 629 flore
1013 592 1200 643 genem,
1229 575 1544 627 diademate
1571 577 1797 638 crinem,

340 664 703 731 Membraque
729 664 999 728 gemmato
1026 662 1227 712 trabeae
1252 659 1553 711 viridantia
1578 660 1782 723 cinctU,

338 748 412 800 Et
436 748 600 799 fortes
619 747 891 810 humerOS,
918 751 972 798 et
999 750 1282 797 certatura
1309 745 1484 812 Lyaeo

338 831 489 884 Inter
516 831 828 899 Erythraeas
855 830 1133 896 surgentia
1157 828 1304 881 colla
1329 827 1660 894 smaragdos

340 914 535 967 Mirari
563 916 680 967 sine
705 915 810 966 fine
834 931 1035 967 nurus:
1074 915 1380 983 ignaraque
1405 913 1581 979 virgo,

341 997 446 1051 Cui
472 999 713 1066 simplex
740 999 885 1051 calet
908 1014 1003 1050 ore
1026 999 1226 1066 pudor,
1251 1015 1350 1067 per
1377 999 1591 1066 singula
1616 1014 1843 1050 cernens

854 209 948 247 cb.
989 201 1347 245 CLAUDIAM
1390 200 1631 242 XXVIII.

2054 571 2164 625 560

2061 993 2173 1047 565

343 1132 451 1171 Cura
467 1144 616 1181 senum,
648 1137 687 1173 et
718 1134 848 1174 virilis
864 1138 961 1174 oetas
992 1135 1037 1174 id
1068 1134 1270 1186 experitur
1302 1147 1382 1186 pro
1400 1146 1456 1184 se,
1473 1138 1512 1173 et
1530 1134 1725 1184 dignoscit
1750 1135 1850 1174 iilud
1877 1135 1981 1174 inter
1998 1133 2176 1182 formam

339 1185 494 1236 antiqui
515 1187 678 1238 Imperii
694 1192 732 1227 et
749 1188 978 1238 proesentis,·
1005 1189 1104 1227 hunc
1133 1187 1371 1228 Honor-ium
1398 1189 1608 1227 adventare
1629 1194 1676 1231 ut
1695 1189 1833 1238 civem,
1854 1194 1901 1227 at
1915 1188 2178 1238 praecedentes

343 1239 598 1280 adventasse
619 1247 666 1280 ut
685 1245 885 1293 tyrannos.
946 1242 1053 1281 Tunc
1071 1254 1191 1281 nurus
1208 1246 1434 1294 coeperunt
1447 1254 1596 1293 semper
1614 1242 1806 1281 admirari
1826 1243 1972 1281 vultum
1988 1240 2180 1290 Impera-

343 1292 448 1332 toris
478 1295 727 1344 spectabilem
744 1295 849 1347 flore
878 1295 1036 1342 aetatis,
1066 1301 1113 1335 et
1143 1308 1271 1335 comas
1303 1296 1464 1335 cinctas
1493 1297 1726 1345 diademate,
1757 1299 1796 1334 et
1823 1307 1960 1345 corpus
1986 1293 2181 1345 effulgens

343 1346 490 1385 amictu
517 1347 672 1386 baccata
699 1348 816 1387 vestis
846 1348 1107 1397 Consularis,
1133 1353 1251 1399 atque
1277 1350 1457 1388 humeros
1473 1350 1656 1397 valentes,
1675 1353 1713 1387 et
1731 1350 1827 1387 colla
1855 1361 1929 1387 non
1956 1357 2182 1386 concessura

343 1398 514 1449 Baccho,
533 1401 642 1440 colla
661 1402 914 1451 exsurgentia
933 1402 1037 1441 inter
1057 1402 1297 1452 Smaragdos
1318 1403 1446 1442 maris
1465 1402 1596 1441 rubri.-
1623 1415 1668 1440 ac
1685 1402 1811 1452 puella
1829 1402 1968 1448 inscia,
1982 1401 2043 1439 cui
2056 1399 2183 1450 pudor

342 1452 509 1504 simplex
527 1455 638 1494 ardet
658 1454 700 1494 in
719 1457 844 1505 vultu,
862 1458 1016 1495 vertens
1032 1456 1179 1495 oculos
1202 1468 1277 1506 per
1292 1456 1437 1506 omnia,
1455 1455 1618 1493 consulit
1646 1455 1834 1493 nutricem
1862 1466 1981 1493 suam
1999 1454 2183 1502 vetulam,

1118 1557 1413 1572 “OC“O‘OOO‘

346 1625 456 1675 Reg.
478 1625 621 1665 Oxou.
642 1630 844 1677 pr.-—557
873 1626 957 1664 Hic
974 1627 1078 1664 Vat.
1113 1636 1198 1664 sec.
1221 1625 1384 1664 Moret.
1417 1637 1504 1664 sec.
1527 1626 1611 1664 Nec
1643 1626 1797 1665 Petav.
1817 1629 1921 1665 tert.
1942 1624 2044 1664 Haec
2063 1624 2185 1665 Leid.

346 1689 433 1717 sec.
455 1679 578 1718 Voss.
602 1678 745 1718 Oxon.
766 1691 832 1730 pr.
854 1678 938 1718 duo
957 1678 1077 1717 Med.
1096 1678 1182 1717 inc.
1205 1677 1357 1717 Heius.
1378 1678 1479 1718 Put.
1496 1678 1604 1730 Reg.
1623 1679 1707 1718 duo
1725 1679 1880 1719 Petav.
1899 1679 2069 1731 Bonon,
2085 1678 2185 1719 Pat.

332 1729 430 1768 ’duo
469 1731 616 1771 Ambr.
650 1733 812 1771 Moret.
847 1744 910 1783 pr.
941 1736 1029 1772 vet.
1062 1731 1170 1782 Gyr.
1201 1731 1305 1770 Vat.
1336 1731 1477 1771 Livin.
1511 1733 1620 1772 Exc.
1642 1733 1826 1772 Lucens.
1848 1744 1911 1784 pr.
1944 1736 2098 1771 matura
2115 1732 2187 1771 hoc

347 1783 470 1823 Leid.
492 1788 692 1835 pr.——558
720 1789 868 1825 veteres
885 1785 987 1824 Vat.
1010 1797 1074 1836 pr.
1093 1797 1148 1825 m.
1179 1796 1242 1836 pr.
1261 1785 1426 1835 speciem
1456 1786 1600 1824 veteris
1619 1784 1770 1825 Ambr.
1793 1789 1996 1837 [ιη-560
2026 1785 2188 1836 Conspi-

346 1849 415 1876 cuo
436 1837 570 1877 Oisel.
590 1839 784 1878 Florent.
804 1852 858 1878 m.
881 1851 946 1890 pr.
966 1838 1077 1890 Reg.
1097 1839 1261 1878 Mazar.
1284 1838 1428 1878 Oxou.
1448 1851 1513 1889 pr.
1532 1840 1638 1879 Exc.
1659 1839 1766 1880 Cod.
1788 1839 1938 1879 Rhem.
1961 1838 2189 1889 Conspicias

346 1891 451 1930 Var.
474 1892 561 1931 LL.
580 1892 650 1932 ed.
668 1893 798 1932 Antv.
821 1893 1035 1943 Conspicuo
1056 1893 1123 1931 vel
1145 1891 1384 1942 Conspicuas
1398 1888 1498 1932 Vas.
1519 1905 1584 1943 pr.
1602 1895 1696 1932 dum
1718 1893 1836 1931 Med.
1851 1904 1935 1933 sec.
1954 1905 2038 1932 cum
2059 1893 2188 1931 Farn.

347 1947 440 1982 tunc
458 1945 579 1984 Leid.
611 1958 696 1985 sec.
717 1945 811 1985 Pal.
834 1945 954 1985 Med.
992 1957 1057 1996 pr.
1090 1946 1189 1984 Pat.
1220 1946 1346 1985 Voss.
1380 1945 1539 1984 Moret.
1574 1958 1639 1997 pr.
1675 1948 1783 1986 Exc.
1814 1947 1997 1996 Gevart,
2017 1950 2061 1985 et
2081 1944 2188 1993 Cod.

351 1997 502 2037 Rhem.
522 2002 604 2037 tum
628 1999 747 2039 Leid.
767 2011 833 2049 pr.
869 1998 1008 2037 Oxon.
1046 2010 1110 2049 pr.
1143 1999 1332 2038 Florent.
1363 1998 1446 2038 inc.
1473 1999 1623 2039 Heins.
1643 2000 1745 2039 Put.
1782 2001 1886 2050 Reg.
1905 2000 2068 2038 Tlluan.
2099 2004 2188 2038 tres

350 2049 505 2089 PetaV.
540 2052 703 2092 Mazar.
737 2053 902 2091 Bonon.
928 2052 1033 2091 Lov.
1070 2057 1154 2091 tres
1187 2051 1337 2091 Ambr.
1367 2053 1469 2091 Vat.
1502 2053 1776 2092 Livin.—561
1805 2053 2016 2092 virulentia
2033 2053 2188 2091 Petav.

353 2114 439 2141 sec.
472 2105 687 2143 viridantia
707 2106 774 2143 vel
794 2104 993 2143 radiantia
1022 2104 1177 2145 Petav.
1206 2117 1271 2155 pr.
1290 2108 1422 2143 tractu
1458 2105 1557 2144 Vat.
1584 2106 1854 2156 quina—562
1884 2105 2010 2154 fortis
2036 2104 2188 2144 Ambr.

353 2161 577 2196 δρα-563
611 2158 839 2209 Erythraeos
867 2157 951 2195 duo
970 2158 1092 2196 Vatt.
1114 2158 1241 2197 Fam.
1273 2158 1387 2196 Prie.
1413 2159 1530 2197 Rott.
1565 2159 1797 2209 Erythroeas
1828 2164 1917 2197 tres
1936 2159 2060 2198 Vatt.
2092 2158 2187 2197 Pal.

355 2208 492 2248 Oisel.
526 2211 719 2250 Florent.
741 2210 891 2250 Ambr.
912 2221 995 2250 sec.
1030 2211 1205 2249 Eristeos
1233 2210 1394 2250 Moret.
1431 2223 1491 2261 pr.
1523 2211 1683 2250 Eriteos
1716 2212 1873 2251 Moret.
1895 2223 1979 2250 sec.
2000 2211 2192 2251 Heriteas

354 2263 460 2303 Lov.
496 2263 674 2303 Eric-teos
696 2265 804 2314 Reg.
824 2264 985 2302 Thuan.
1019 2264 1184 2302 Mazar.
1219 2263 1361 2303 Oxon.
1395 2276 1459 2314 pr.
1482 2264 1675 2315 Erytreas
1691 2265 1794 2305 Jun.
1830 2277 1893 2315 pr.
1929 2265 2077 2304 Oxon.'
2106 2276 2192 2304 sec.

353 2315 440 2354 duo
469 2316 621 2355 Leidd.
642 2317 816 2356 enituras
843 2318 960 2355 Med.
983 2328 1045 2366 pr.
1077 2316 1243 2355 Erideos
1277 2317 1346 2355 vel
1377 2317 1551 2356 enituras
1571 2318 1690 2357 Med.
1711 2323 1852 2369 quart.
1872 2317 2072 2367 cingentia
2087 2318 2191 2358 Jun.

354 2379 422 2418 pr.
447 2368 590 2407 Oxon.
610 2382 694 2409 sec.
716 2383 769 2409 ιιι.
809 2381 869 2420 ρι’.
901 2371 1107 2418 maragdos
1125 2370 1228 2408 vat.
1263 2373 1464 2420 pr.—565
1494 2372 1657 2421 supplex
1691 2383 1770 2422 pro
1801 2371 1968 2422 simplex
1999 2371 2190 2410 Florent.

355 2421 465 2462 Exc.
485 2423 667 2462 Lucens.
689 2435 777 2462 sec.
797 2435 867 2462 ora
885 2423 1004 2462 Prie.
1025 2435 1082 2462 m.
1104 2434 1170 2476 pr.
1193 2423 1260 2462 ille
1277 2424 1402 2473 pudor
1421 2424 1526 2463 Lov.
1546 2425 1705 2464 Moret.
1725 2435 1810 2463 sec.
1829 2426 1955 2476 pudor
1974 2424 2042 2463 vel
2073 2423 2192 2464 rubor

1183 2541 1359 2582 NOTAE

356 2620 614 2672 dignitatem
635 2621 894 2662 Claudianus
915 2621 1077 2672 attigit.
1134 2622 1243 2661 Con-

358 2689 425 2723 tra
445 2683 626 2723 Orosius
656 2683 847 2735 prodidit
874 2684 1172 2734 Stilichonem,
1196 2691 1244 2724 ut

355 2745 490 2785 filium
520 2759 707 2797 purpura
727 2747 943 2797 indueret,
973 2748 1106 2787 totius
1127 2748 1244 2788 orbis

357 2805 522 2849 fudisse
543 2810 807 2860 sanguinem.

413 2874 493 2910 557
522 2872 628 2910 Cura
645 2871 796 2922 senum]
829 2872 962 2912 Senes
983 2885 1084 2912 cura
1104 2874 1246 2913 omnia

359 2934 671 2985 expendentes,
699 2941 745 2974 et
760 2935 839 2974 viri
861 2941 991 2975 aetate
1012 2942 1181 2976 matura
1199 2938 1243 2977 id

360 2998 660 3049 comprobant,
690 3000 988 3051 experiuntur,
1019 3001 1244 3052 judicant-

359 3070 443 3112 que
460 3059 550 3106 sibi,
570 3073 642 3099 seu
674 3074 750 3101 suo
779 3062 1019 3114 commodo,
1047 3063 1245 3104 Stilicho-

360 3132 460 3162 nem
492 3134 586 3162 esse
624 3124 909 3171 moderatum,
943 3131 987 3165 et
1018 3127 1164 3168 venire
1198 3134 1246 3168 ut

362 3184 517 3237 civem,
552 3186 656 3225 alios
683 3186 976 3239 Imperatores
1006 3190 1171 3231 venisse
1198 3196 1247 3231 ut

363 3251 583 3300 tyrannos.
1176 3252 1178 3254 ’

416 3316 497 3352 560
524 3312 663 3365 Flore]
691 3314 815 3354 Flore
831 3313 993 3368 aetatis,
1013 3328 1089 3365 seu
1109 3318 1247 3370 prima

364 3375 583 3429 lanugine.

1364 2626 1441 2662 561
1480 2624 1727 2676 Viridantia]
1758 2625 1916 2664 Forsan
1946 2625 2001 2665 ob
2032 2624 2193 2666 virides

1309 2686 1571 2738 smaragdos,
1599 2694 1674 2728 aut
1701 2688 1806 2727 alias
1836 2688 2042 2740 ejusmodi
2078 2700 2194 2740 gem·

1311 2762 1417 2790 mas-

1365 2815 1445 2852 562
1466 2813 1606 2853 Fortes
1618 2813 1814 2865 humeros]
1841 2814 1966 2854 Tales
1985 2813 2194 2858 attribue-

1310 2875 1467 2915 bantur
1487 2876 1637 2926 priscis
1656 2876 1890 2916 Heroibus.

1365 2938 1506 2990 Lyceo]
1526 2939 1699 2978 Baccho
1717 2938 2040 2979 formosissimo:
2072 2938 2194 2991 Lyae-

1313 3013 1360 3039 us
1381 3001 1553 3050 dicitur,
1569 3000 1646 3040 ἀπὸ
1663 3002 1734 3039 τοῦ
1763 2998 1884 3052 λύειν,
1900 3002 2060 3053 solvere,
2078 3001 2193 3055 quod

1312 3062 1454 3102 vinum
1474 3063 1614 3103 solvat
1632 3062 1814 3102 animum
1837 3064 1965 3103 curis.

1367 3128 1446 3165 563
1471 3125 1720 3176 Erythroeas]
1751 3124 1886 3165 Maris
1908 3126 2025 3165 rubri
2044 3139 2120 3167 seu
2141 3126 2196 3167 E·

1313 3188 1502 3240 rythraei,
1522 3189 1588 3228 vel
1608 3187 1723 3228 forte
1750 3188 1875 3228 maris
1895 3190 2104 3241 Orientis,
2122 3195 2197 3231 aut

1312 3251 1496 3303 Persici,
1513 3252 1689 3303 gemmis
1717 3251 1922 3304 foecundi,
1949 3259 2022 3293 aut
2041 3253 2197 3306 Indici,

1314 3315 1428 3368 quod
1461 3316 1636 3355 rubrum
1669 3328 1968 3369 nonnunquam
2002 3322 2195 3370 vocatur,

1314 3378 1428 3432 quod
1449 3379 1602 3421 rubeat
1621 3379 1750 3419 radiis
1769 3380 1878 3421 Solis
1895 3380 2089 3422 orientis.
