2300 3906
256 153 364 208 6⁴78
810 166 904 207 en.
944 165 1298 216 cLAumAm
1320 207 1321 210 Ἴ
1342 163 1526 202 xxxv.
1628 178 1637 204 r

260 283 330 336 Et
353 287 481 352 post
504 283 761 342 emeritas
785 283 1097 334 moderator
1120 282 1356 350 quisque
1379 297 1598 334 secures

261 368 576 421 Discrimen
599 368 764 420 letale
791 367 973 419 subit:
1013 367 1146 435 quid
1175 367 1384 419 Poenus
1409 373 1590 420 arator

260 452 527 515 Intulerit,
556 452 816 504 madidus
842 457 1103 520 quantum
1132 451 1498 503 transmiserit
1522 450 1741 503 Auster.

261 538 459 608 Ardua
486 539 582 605 qui
607 538 717 588 late
744 538 899 588 terris
925 552 1200 604 responsa
1226 535 1439 599 dedere,

263 622 418 674 Hine
443 623 718 690 trepidant
741 623 1004 674 humiles:
1045 623 1267 674 tremuit
1291 638 1431 689 quos
1458 620 1653 674 Africa
1676 637 1866 689 nuper,

263 706 508 758 Cernunt
534 707 741 759 Rostra
767 724 906 760 reOS.
984 706 1123 760 Cani
1149 709 1450 760 virtutibus
1477 708 1585 759 aevi

264 790 558 843 Materiem
579 792 775 859 pandit
800 791 1091 856 Stilichon,
1117 793 1521 860 populumque,
1548 791 1757 841 vetusti

266 874 535 926 Culminis
560 878 949 938 immemorem,
976 875 1295 926 dominandi
1319 888 1504 925 rursus
1529 873 1586 923 in
1610 888 1773 924 usum

264 958 509 1022 Excitat,
535 966 599 1010 ut
622 975 852 1025 magnos
878 959 1056 1010 calcet
1079 958 1401 1010 metuendus
1423 957 1681 1020 honoreS‚

267 1042 483 1095 Pendat
500 1043 719 1111 justitia
743 1043 965 1104 crimen,
990 1043 1196 1110 pietate
1222 1042 1462 1093 remittat

1979 620 2087 671 105

1985 1042 2092 1094 110

268 1231 462 1270 Romano
471 1229 693 1279 judicante,
709 1234 748 1269 et
768 1230 881 1280 quod
901 1230 1057 1281 quisque
1072 1230 1285 1269 Proconsal
1302 1234 1430 1269 rector
1444 1233 1532 1281 post
1543 1233 1698 1279 gestum
1717 1228 1922 1280 imperium
1941 1227 2100 1279 exponi-

268 1289 335 1323 tur
350 1284 523 1334 periculo
546 1285 707 1322 mortis.-
739 1283 791 1322 ab
814 1295 865 1322 eo
887 1284 1062 1334 petitur,
1081 1285 1172 1334 quid
1187 1283 1372 1331 agricolae
1399 1284 1536 1335 Lihyoe
1551 1283 1820 1334 persolverint,
1847 1287 1885 1321 et
1909 1285 2099 1334 quantum

268 1339 401 1377 Notus
429 1336 585 1388 pluvius
613 1337 953 1387 transportat-erit.
1012 1337 1124 1375 Hinc
1144 1337 1221 1386 illi,
1252 1337 1317 1387 qui
1345 1337 1600 1377 reddiderunt
1631 1336 1857 1377 Provinciis
1880 1337 1991 1385 longe
2011 1347 2098 1373 ora·

266 1392 352 1429 cala
370 1392 589 1439 metuenda,
606 1390 783 1429 submissi
796 1394 951 1440 pavent.
1016 1391 1159 1430 Forum
1178 1391 1282 1429 videt
1301 1403 1398 1440 reos,
1429 1403 1520 1442 quos
1541 1388 1684 1439 Africa
1714 1401 1835 1440 nuper
1850 1388 2099 1437 formidavit.

268 1444 436 1483 Stilicho
454 1444 582 1494 aperit
606 1457 781 1494 campum
801 1443 1015 1482 virtutibus
1031 1443 1284 1494 antiquitatis
1298 1456 1457 1495 severoe,
1487 1448 1525 1482 et
1544 1442 1709 1493 impellit
1728 1444 1770 1481 in
1788 1442 2099 1481 consuetudinem

268 1498 413 1536 iterum
433 1497 655 1547 imperando
682 1498 863 1547 populum
881 1497 1042 1535 oblitum
1068 1497 1287 1545 majestatis
1304 1498 1461 1547 veteris,
1487 1501 1531 1535 nt
1551 1497 1733 1547 populus
1752 1495 1945 1541 timendus
1969 1498 2101 1545 prote-

268 1554 336 1590 rat
353 1563 518 1590 summos
535 1551 807 1601 magistratus,
826 1552 1017 1600 expendat
1037 1551 1180 1589 scelera
1200 1550 1364 1601 legibus,
1388 1552 1539 1589 relaxet
1565 1550 1718 1600 culpam
1735 1548 1952 1600 clementia,
1979 1546 2102 1587 absol-

1040 1667 1064 1681 Ο
1070 1668 1086 1683 θ
1092 1664 1339 1684 'O‘IOO⁴O‘OO

268 1736 437 1775 Thuan.
477 1736 614 1785 ,iudice
635 1736 701 1776 vel
722 1737 873 1776 vindice
892 1738 993 1778 Vat.
1025 1742 1300 1790 quarn-102
1328 1739 1494 1778 mortale
1512 1738 1613 1777 Vat.
1634 1737 1771 1777 Livin.
1817 1737 1916 1789 quod
1935 1735 2056 1777 Leid.
2078 1749 2104 1776 a

269 1802 325 1836 m.
362 1802 425 1840 pr.
466 1796 510 1829 et
543 1790 595 1829 al.
652 1792 747 1842 qaid
767 1790 888 1830 Leid.
921 1804 1005 1831 sec.
1032 1797 1121 1832 tres
1140 1794 1263 1833 Vatt.
1302 1793 1424 1833 Rott.
1461 1792 1598 1832 Oisel.
1633 1791 1825 1831 Florent.
1855 1790 1977 1831 Med.
2017 1802 2102 1838 see,

268 1844 393 1883 Voss.
414 1843 523 1895 Reg-
543 1844 706 1884 Mazar.
727 1845 892 1884 Bonon.
912 1845 997 1884 duo
1027 1845 1183 1885 Petav.
1216 1846 1301 1886 duo
1333 1845 1481 1886 Anibr.
1498 1846 1598 1885 vat.
1631 1844 1771 1885 Livin.
1793 1845 1899 1884 Exc.
1920 1845 2102 1885 Lucens.

270 1896 2106 2002 ffiidssdqfiz‘sst335²&ss“3332sstfessz‘ssteffiffffi33⁰”1‘312'2252233ae‘1“sstiffffl‘zfflffi

270 2002 423 2042 Ambr.
447 2015 510 2052 pr.
532 2003 691 2043 Moret.
713 2015 777 2055 pr.
817 2005 978 2044 Bonon.
1014 2005 1112 2045 Pat.
1146 2006 1265 2046 Med.
1299 2012 1442 2059 quart.
1481 2006 1634 2046 Petav.
1655 2018 1719 2058 pr.
1738 2019 1794 2047 m.
1813 2018 1876 2057 pr.
1906 2005 1990 2045 Hic
2018 2003 2104 2044 duo

270 2057 396 2095 Vatt.
425 2056 520 2094 Pal.
543 2057 658 2096 Med.
689 2069 755 2107 pr.
788 2058 954 2096 Tliuan.
976 2059 1140 2098 Mazar.
1171 2059 1323 2100 Petav.
1356 2065 1459 2100 tert.
1488 2061 1657 2099 Tliolos.
1691 2060 1838 2100 Ambn
1872 2065 1971 2099 tert.
2001 2059 2104 2099 Vat«

272 2109 408 2148 Livin.
438 2108 508 2148 ed.
539 2109 686 2149 Pan-m.
735 2110 811 2159 Hij
843 2110 930 2150 duo
959 2113 1081 2152 Vatt.
1111 2111 1231 2152 Med.
1266 2117 1367 2152 tert.
1414 2113 1524 2152 Hinc
1543 2114 1611 2152 vel
1649 2114 1763 2152 Nunc
1795 2112 1930 2153 Oisel.
1971 2111 2107 2152 timuit

275 2162 397 2202 Leid.
414 2174 498 2202 sec.
519 2175 573 2201 m·
595 2175 679 2202 sec.
712 2165 814 2203 Vat.
837 2176 900 2215 pr.
929 2165 1048 2204 Rott.
1071 2165 1207 2205 Oisel.
1230 2166 1350 2205 Med.
1371 2178 1457 2206 sec.
1490 2166 1593 2206 Put.
1625 2166 1732 2217 Reg.
1767 2166 1929 2206 Mazar.
1961 2167 2106 2207 Oxona

275 2227 342 2265 pr.
362 2217 485 2255 Voss.
507 2229 664 2256 m.sec.
701 2217 802 2256 Vat.
841 2217 980 2258 Livin.
1013 2219 1122 2258 Exc.
1158 2219 1339 2259 Gevart.
1381 2219 1544 2259 tremuit
1582 2220 1647 2259 vel
1680 2218 1815 2259 timuit
1852 2219 1970 2259 Prie.
2012 2231 2106 2270 qnos

272 2268 410 2308 habuit
443 2270 634 2308 Florent.
668 2282 720 2309 m.
752 2275 951 2321 pru—106
996 2272 1165 2312 Cernent
1200 2272 1368 2312 Thuan.
1406 2273 1555 2313 Ambr.
1586 2285 1673 2313 sec.
1701 2273 1783 2312 inc.
1817 2272 2105 2316 Heium—107

272 2322 491 2361 Materiam
529 2335 675 2362 ornnes
707 2325 828 2364 Vatt.
859 2324 951 2363 Pal.
991 2326 1120 2366 Farn.
1155 2326 1273 2367 Prie.
1310 2327 1431 2367 Rott.
1469 2326 1604 2366 Oisel.
1658 2326 1796 2378 pendit
1830 2326 1948 2366 Rott.
1983 2324 2107 2365 Med.

274 2387 362 2415 sec.
403 2376 547 2426 pandit
576 2377 643 2414 vel
671 2377 811 2427 pendit
840 2378 964 2417 Med.
998 2383 1198 2429 {in—108
1227 2380 1269 2419 in
1300 2393 1420 2419 unum
1450 2381 1558 2420 Exc.
1590 2380 1907 2420 (ἔρωτι-109
1938 2378 2108 2418 Excutit

274 2427 373 2469 Jun.
395 2440 458 2480 pr.
497 2429 629 2468 heroes
657 2430 743 2468 duo
764 2430 1021 2471 Vatt.—110
1065 2433 1224 2472 Pandat
1244 2434 1338 2473 Pal.
1359 2435 1466 2485 Reg.
1508 2433 1659 2473 Perdat
1683 2433 1827 2472 Oxou.
1848 2444 1935 2472 sec.
1977 2433 2109 2472 Pellat

272 2482 394 2523 Leid.
415 2494 479 2534 pr.
500 2495 556 2522 m.
576 2494 664 2522 sees
696 2484 852 2523 Pendat
873 2485 941 2524 vel
960 2485 1122 2525 I’andat
1140 2486 1259 2526 Med.
1279 2491 1379 2526 tert.
1395 2486 1573 2535 justitia»
1593 2486 1711 2527 Med.
1731 2486 1790 2527 id.
1815 2485 1987 2525 remittit
2003 2485 2031 2526 J
2036 2496 2107 2525 un.

1102 2610 1143 2651 N
1150 2608 1278 2650 OTAE

329 2702 404 2739 101
432 2700 525 2740 Post
542 2703 725 2742 emeritas
739 2703 910 2756 secares]
938 2705 1047 2746 Post
1065 2718 1157 2757 ges·

277 2766 365 2802 tum
386 2764 628 2817 imperium,
650 2771 746 2817 post
766 2768 939 2819 expleta
959 2769 1158 2810 adminis-

273 2826 468 2865 trationis
512 2840 612 2870 suae.
647 2833 856 2880 tempora.
938 2833 1156 2874 Emeritus

277 2887 379 2939 quid
401 2889 472 2932 sit.
492 2902 619 2940 snpra
633 2891 831 2932 diximus.
962 2893 970 2899 ”
1121 2918 1125 2921 ·

331 2952 409 2989 102
430 2950 670 3003 Discrimen]
702 2955 942 3006 Exponitur
961 2959 1157 3010 periculo

277 3012 443 3060 mortis,
463 3021 689 3054 accusatus
708 3023 753 3056 et
771 3016 882 3058 forte
902 3022 1159 3064 convincen-

278 3073 356 3114 dus
376 3086 516 3114 rerum
537 3078 647 3116 male
663 3084 891 3127 gestarum.

333 3141 411 3179 103
433 3141 598 3190 Auster]
625 3141 753 3181 Ratio
774 3155 799 3181 a
824 3149 994 3185 rectore
1011 3147 1158 3201 Libyae

279 3201 459 3252 petitur,
507 3208 710 3254 qnantum
732 3206 916 3246 --scilicet
954 3207 1159 3252 frumenti

278 3263 404 3315 plaga
433 3262 648 3305 Australis
694 3279 772 3307 seu
810 3269 1055 3313 Meridiana
1085 3274 1161 3314 de·

275 3325 407 3367 derit.

332 3392 410 3430 104
439 3389 581 3435 Ardua
595 3393 794 3446 rapum]
836 3395 1059 3450 Sublimia,
1092 3408 1159 3439 sna

1225 2707 1376 2760 pei-ba,
1404 2705 1654 2757 metuenda,
1684 2708 1733 2745 ut
1750 2715 1843 2758 qnae
1862 2707 1962 2744 sunt
1980 2702 2022 2743 in
2043 2715 2111 2744 ar·

1225 2771 1326 2811 duo.

1281 2837 1360 2874 106
1396 2833 1518 2886 Reos]
1573 2834 1696 2884 Reus,
1729 2831 1889 2873 dicitnr
1921 2830 2110 2885 quisquis

1225 2903 1403 2939 vocatur
1423 2898 1464 2938 in
1483 2896 1724 2950 judicium:
1756 2896 1896 2948 Actor,
1921 2895 2112 2949 quicum-

1225 2972 1309 3013 que
1324 2966 1464 3000 vocat.

1281 3025 1357 3062 107
1390 3021 1621 3073 Mater-iem]
1662 3021 1841 3062 Stilicho
1871 3022 1946 3062 dat
1976 3026 2111 3062 mate»

1227 3085 1334 3125 riam
1367 3083 1619 3123 exercendis
1648 3082 1895 3134 virtutibus,
1925 3095 2030 3138 quas
2049 3094 2113 3124 se·

1227 3159 1330 3188 vera
1350 3146 1582 3186 exercebat
1609 3146 1875 3198 antiquitas:
1907 3158 2006 3186 nam
2037 3159 2115 3199 po·

1229 3211 1370 3263 pnlus,
1404 3213 1451 3249 ut
1469 3209 1584 3256 olim,
1616 3208 1658 3248 in
1683 3208 1759 3260 jus
1780 3216 1904 3249 vocat
1926 3222 2111 3251 summos

1227 3276 1523 3327 magistratus,
1542 3278 1587 3312 et
1606 3271 1842 3314 secundnm
1861 3272 1976 3326 leges
1990 3273 2111 3325 judi·

1228 3341 1300 3379 eat
1319 3334 1434 3377 facta
1446 3336 1703 3389 potentium.
