2300 3906
608 196 670 234 lN
716 197 757 236 1.
799 198 969 238 cons.
1010 197 1282 239 smne-11.
1326 200 1445 238 mn.
1487 200 1555 240 ιι.
1879 195 1987 249 617

164 310 527 364 Coelicolum:
563 327 691 363 nam
716 314 899 378 prima
924 313 1110 367 Chaos
1138 315 1442 369 Clementia
1467 316 1648 382 solvit,

164 394 488 462 Congeriem
512 396 778 446 miserata
802 397 1009 463 rudem,
1035 401 1302 468 vultuque
1328 417 1523 454 sereno
1919 404 1990 457 10

165 477 457 530 Discussis
482 480 720 531 tenebris
746 481 801 531 in
826 482 1006 534 lucem
1033 486 1247 536 saecula
1269 485 1431 538 fudit.

164 561 312 614 Haec
341 562 468 614 Dea
492 579 593 630 pro
617 565 837 631 templis
863 570 918 618 et
942 569 1095 619 thure
1121 569 1427 621 calentibus
1453 571 1564 621 aris

162 644 247 696 Te
271 644 483 708 fruitur,
511 648 809 715 posuitque
833 665 968 702 suas
993 650 1099 702 hoc
1126 657 1348 718 pectore
1375 652 1562 704 sedes.

164 726 314 779 Haeo
340 728 522 793 docet,
550 734 607 781 ut
630 732 813 798 poenis
839 732 1120 786 hominum
1143 735 1231 787 vel
1257 736 1520 802 sanguine
1545 737 1706 803 pasci

161 810 348 879 Turpe
371 813 654 881 ferumque
678 821 840 884 putes
861 835 873 870 :
912 823 975 871 ut
999 820 1199 870 serrum
1228 819 1410 872 Marte
1433 826 1737 885 cruentum,
1916 823 1991 875 15

162 894 386 949 Sicoum
408 913 547 964 pace
569 915 787 965 premas
810 918 822 953 :
862 907 924 954 ut
948 919 1057 954 non
1081 902 1327 954 infensus
1355 904 1562 956 alendis

162 976 455 1031 Materiem
480 986 712 1047 praestes
737 984 878 1037 odiis
902 1003 914 1037 :
954 990 1015 1037 ut
1042 987 1301 1038 sontibus
1326 987 1470 1040 ultro

162 1062 448 1130 Ignovisse
473 1066 643 1119 velis:
683 1067 922 1136 deponas
949 1086 1124 1139 ocyus
1149 1072 1305 1134 iram,

164 1187 334 1228 Coelites.
394 1188 554 1228 Etenim
588 1188 803 1230 Clementia
831 1192 942 1242 prior
969 1198 1155 1233 commota
1187 1195 1283 1234 mole
1309 1196 1508 1244 indigesta
1538 1198 1701 1236 removit
1735 1198 1993 1246 confusionem

161 1252 319 1292 rerum,
349 1245 388 1281 et
406 1242 555 1282 umbris
581 1243 798 1295 dissipatis,
819 1244 928 1293 facie
960 1247 1121 1286 micanti
1146 1248 1294 1298 sparsit
1315 1250 1442 1287 lumen
1466 1249 1508 1286 in
1535 1253 1724 1300 tempora.
1780 1251 1882 1289 Hoec
1901 1252 1993 1291 diva

156 1295 311 1345 potitur
327 1299 380 1345 te,
395 1296 499 1335 velut
515 1297 672 1336 delubro
691 1301 730 1336 et
749 1298 948 1338 altaribus>
960 1300 1155 1351 vaporatis
1169 1301 1295 1351 thure,
1315 1305 1354 1340 et
1369 1301 1475 1354 fixit
1492 1302 1730 1342 domicilium
1750 1303 1792 1341 in
1812 1304 1882 1342 hoc
1910 1305 1996 1342 ani·

161 1358 222 1386 mo
242 1353 328 1388 tuo.
385 1348 487 1388 Haee
521 1352 652 1390 edocet
672 1356 732 1400 te,
749 1356 792 1391 ut
811 1352 1011 1391 existimes
1041 1353 1283 1393 inhonestum
1315 1366 1410 1393 esse
1443 1359 1481 1393 et
1504 1355 1686 1404 ferinam
1704 1357 1887 1396 delectari
1905 1369 1995 1408 sup-

156 1401 291 1451 pliciis
315 1406 354 1441 et
384 1415 518 1442 cruore
546 1404 763 1445 hominum.-
788 1409 833 1444 ut
861 1418 979 1455 geras
1006 1419 1133 1446 ensem
1160 1408 1497 1456 sanguinolentum
1518 1409 1560 1447 in
1582 1409 1692 1459 bello,
1709 1411 1775 1449 sed
1790 1410 1933 1449 siccum
1953 1411 1996 1448 in

156 1465 253 1505 pace
265 1469 279 1495 .-
305 1460 348 1495 ut
367 1468 442 1494 non
460 1457 625 1505 infestus
641 1460 708 1498 des
725 1459 957 1510 occasionem
976 1460 1077 1499 odiis
1084 1460 1292 1509 fovendis:
1320 1465 1364 1500 ut
1381 1467 1515 1512 sponte
1532 1462 1627 1502 velis
1650 1476 1808 1514 parcere
1827 1463 1996 1503 nocenti-

929 1566 1222 1582 “‘OOOOO‘OOO

165 1640 301 1681 Livin.
348 1642 487 1682 mediae
518 1644 673 1684 Petav.
706 1657 793 1686 sec.
839 1647 968 1686 media
986 1647 1105 1687 Rott.
1149 1648 1275 1688 medio
1310 1649 1394 1688 duo
1422 1649 1571 1689 Leidd.
1593 1654 1637 1689 et
1656 1649 1837 1688 maxima
1856 1649 1995 1690 Codd.

162 1706 279 1746 pars,
301 1696 407 1735 Exc.
426 1696 592 1737 Schott.
614 1697 794 1738 Gevart.
813 1700 913 1739 Vat.
949 1712 1014 1751 pr.
1047 1713 1071 1739 a
1101 1713 1155 1739 m.
1186 1714 1249 1753 pr.
1275 1702 1345 1741 ed.
1365 1701 1467 1742 Ald.
1501 1708 1545 1742 et
1562 1703 1666 1742 Var.
1686 1703 1771 1741 LL.
1806 1715 1830 1742 e
1856 1714 1993 1753 marg.

162 1747 308 1787 Parm.
332 1749 514 1799 proxima
534 1751 659 1791 Farn.
700 1756 797 1791 natu
815 1751 967 1792 Ambr.
986 1758 1087 1794 tert.
1115 1758 1208 1794 notu
1227 1755 1353 1794 Voss.
1374 1756 1480 1795 Exc.
1502 1756 1683 1795 Gevart.
1712 1759 1811 1794 nutu
1831 1755 1992 1796 Moret.

162 1812 230 1851 pr.
250 1800 351 1842 Put.
370 1803 535 1842 Bonon.
558 1804 656 1843 Pat.
675 1804 758 1843 duo
788 1804 935 1847 Ambr.
976 1811 1068 1846 nato
1086 1808 1330 1847 Thoan—9
1348 1808 1438 1856 jam
1453 1809 1585 1859 prima
1603 1809 1750 1848 Oxon.
1772 1820 1838 1859 pr.
1880 1809 1997 1848 solvis

164 1853 463 1894 Florent.—-·10
492 1859 682 1896 temerata
699 1858 823 1898 Voss.
851 1870 909 1897 m.
941 1871 1006 1910 pr.
1057 1860 1239 1900 miserata
1268 1863 1337 1900 vel
1361 1861 1519 1912 partita
1546 1863 1653 1911 Reg.
1683 1862 1765 1900 duo
1800 1861 2000 1901 Oxou.—

165 1910 214 1947 11
243 1907 447 1946 Discussit
465 1908 642 1948 tenebras
659 1910 781 1949 Leid.
802 1924 867 1962 pr.
886 1912 1007 1951 Med.
1027 1924 1111 1951 sec.
1132 1914 1232 1953 Vat.
1252 1919 1352 1953 tert.
1372 1914 1490 1953 Prie.
1511 1914 1646 1953 Oisel.
1676 1915 1865 1953 Florent.
1897 1915 1999 1954 Put.

164 1960 273 2011 Reg,
297 1961 457 2000 Mazar.
492 1960 643 2002 Ambr.
677 1975 741 2014 pr.
766 1965 930 2003 Borion.
967 1965 1067 2004 Pat.
1101 1965 1201 2006 Jun.
1234 1972 1280 2005 et
1309 1966 1449 2007 Oxon.
1479 1979 1545 2018 pr.
1577 1967 1686 2006 Exc.
1718 1966 1827 2007 Cod.
1847 1967 1998 2006 Rhem.

169 2013 371 2053 Discussis
387 2015 555 2054 tenebris
572 2016 640 2054 vel
670 2017 866 2058 Discussit
897 2018 1074 2057 tenebras
1092 2019 1192 2059 Vat.
1227 2031 1289 2070 pr.
1334 2020 1468 2070 prodit
1501 2020 1655 2059 Petav.
1678 2019 2001 2067 tert.--12jure

166 2066 321 2107 Petav.
340 2079 426 2107 sec.
462 2067 712 2116 fumantibus
732 2071 967 2111 Earn—13
995 2072 1038 2110 in
1052 2076 1210 2123 pectore
1227 2073 1350 2112 Voss.
1377 2086 1430 2112 m.
1450 2084 1537 2112 sec.
1585 2073 1666 2111 haec
1691 2076 1846 2123 pectore
1878 2072 2003 2114 Med.

166 2126 302 2172 quart.
330 2124 500 2172 tempore
519 2122 635 2162 Prie.
656 2124 765 2175 Reg.
783 2124 925 2164 Oxou.
948 2137 1011 2175 pr.
1040 2129 1210 2177 tempore
1229 2126 1297 2166 vel
1313 2130 1470 2176 pectore
1490 2126 1592 2165 Vat.
1612 2138 1677 2176 pr.
1693 2138 1749 2165 m.
1772 2138 1836 2177 pr.
1857 2126 2000 2166 Oxou.

164 2177 359 2213 sea—14
386 2179 425 2214 et
440 2176 566 2226 poenis
585 2176 704 2216 Med.
727 2182 826 2217 tert.
854 2178 898 2217 in
912 2177 1038 2229 poenis
1056 2179 1221 2219 Mazar.
1258 2192 1391 2230 poenas
1409 2181 1516 2220 Exc.
1536 2179 1715 2219 Gevart.
1749 2191 1866 2230 peras
1879 2179 2002 2219 Voss.

165 2238 223 2279 m.
245 2239 333 2268 see.
361 2227 534 2268 homines
550 2230 672 2270 Med.
691 2235 938 2282 quart.-—l5
967 2243 1044 2271 non
1067 2232 1223 2281 ferrum
1242 2234 1343 2273 Vat.
1364 2233 1501 2286 quint.
1547 2232 1590 2271 in
1612 2233 1747 2271 Marte
1765 2231 1916 2271 Ambr.
1938 2244 2003 2283 pr.

166 2280 327 2323 Moret.
347 2286 543 2322 sem—16
561 2285 628 2323 sed
643 2297 729 2323 cum
744 2284 894 2324 Ambr.
911 2291 1010 2324 tert.
1029 2284 1194 2326 'Siccam
1211 2284 1314 2326 Va't.
1335 2291 1476 2338 quart.
1497 2286 1592 2326 Pal.
1608 2286 1725 2325 Prie.
1744 2285 1829 2325 inc.
1849 2285 2002 2325 Heins.

166 2333 330 2374 Mazar.
350 2334 434 2374 duo
454 2336 573 2376 Med.
608 2337 787 2376 totidem
820 2338 974 2377 Petav.
1007 2338 1156 2379 Ambr.
1188 2351 1274 2379 sec.
1305 2341 1464 2379 Moret.
1487 2351 1571 2378 sec.
1591 2339 1698 2377 Exe.
1714 2338 1880 2378 Schott.
1900 2339 2004 2378 Var.

168 2386 256 2428 LL.
275 2399 298 2426 e
319 2400 451 2439 marg.
472 2389 616 2429 Parm.
644 2390 713 2429 Sic
728 2403 813 2430 cum
829 2391 929 2431 Vat.
952 2404 1017 2443 pr.
1037 2392 1164 2431 Farn.
1193 2392 1318 2432 Sacra
1336 2393 1494 2431 Moret.
1516 2403 1582 2442 pr.
1612 2391 1769 2430 Siccam
1792 2392 1860 2430 vel
1879 2390 2002 2431 Sacra

139 2478 141 2480 ,
167 2439 274 2479 Jun.
290 2452 357 2492 pr.
384 2441 429 2480 in
442 2454 538 2492 pace
553 2443 638 2482 duo
657 2445 758 2482 Vat.
779 2444 939 2484 Mor-et.
959 2456 1045 2484 sec.
1075 2445 1212 2484 Marte
1230 2445 1350 2484 Med.
1369 2449 1473 2483 tert.
1499 2443 1614 2491 ferat
1634 2449 1720 2483 tres
1739 2443 1862 2482 Vatt.
1881 2444 2003 2484 Prie.

170 2492 307 2532 Oisel.
340 2494 450 2544 Reg.
478 2495 643 2534 Mazar.
673 2495 828 2536 Petav.
857 2501 903 2536 et
932 2497 1074 2536 Oxon.
1094 2509 1161 2548 pr.
1179 2499 1284 2537 Exc.
1305 2497 1412 2536 Cod.
1442 2496 1594 2536 Rhem.
1632 2496 1746 2545 seras
1763 2497 1831 2535 vel
1847 2508 2004 2547 premas

169 2545 270 2584 Vat.
289 2557 354 2597 pr.
374 2546 564 2587 Floreat.
593 2546 764 2599 offensus
783 2550 886 2588 Lov.
918 2550 1095 2588 incensus
1110 2551 1215 2589 Var.
1235 2551 1323 2590 LL.
1344 2549 1412 2588 ed.
1432 2549 1563 2589 Antv.
1604 2548 1778 2597 infensus
1797 2551 1866 2588 vel
1884 2549 2004 2597 inses-

168 2602 234 2637 tus
252 2600 351 2638 Vat.
372 2603 543 2650 pn—l?
572 2601 788 2641 Materiam
807 2602 935 2641 Farn.
955 2602 1039 2641 duo
1065 2603 1184 2643 Med.
1231 2603 1444 2643 Materiem
1477 2602 1561 2642 duo
1595 2602 1746 2642 Leidd.
1779 2608 1826 2642 et
1853 2602 2005 2651 viginti

171 2652 260 2701 alii,
295 2652 401 2691 Exc.
436 2653 616 2692 Gevart.
650 2655 834 2694 Lucens.
865 2667 930 2706 pr.
962 2660 1007 2694 et
1029 2655 1129 2695 Ald.
1173 2656 1321 2706 praebes
1348 2657 1458 2707 Reg.
1505 2657 1611 2696 altor
1630 2655 1752 2695 Leid.
1773 2668 1857 2696 sec.
1876 2656 2002 2696 Voss.

171 2705 276 2746 Lov.
296 2705 418 2745 ambo
438 2706 596 2747 Moret.
618 2707 703 2747 duo
723 2707 878 2748 Petav.
899 2713 986 2748 tres
1004 2710 1104 2749 Vat.
1126 2714 1172 2748 et
1193 2708 1340 2750 Ambr.
1363 2708 1558 2760 totidem,
1587 2709 1759 2749 Tholos.
1789 2710 1891 2750 Var.
1912 2709 2004 2749 LL.

1000 2831 1177 2872 NOTAE

173 2917 418 2970 praeditum.
1173 2923 1200 2958 0
1230 2920 1375 2971 Chaos]
1411 2920 1579 2960 Rudem
1600 2924 1646 2960 et
1664 2919 1917 2972 indigestam
1939 2931 2004 2959 re·

226 2981 410 3021 Maxima
426 2980 541 3032 natu]
584 2981 734 3022 Poe‘tae
756 2993 809 3020 ex
826 2983 1055 3022 elemento·
1120 2993 1211 3021 rum
1231 2984 1385 3022 molem
1403 2988 1449 3023 et
1470 2981 1772 3024 confusionem.

174 3056 267 3085 rum
295 3044 505 3096 temperie
538 3057 634 3084 suos
662 3045 778 3084 Deos
810 3050 927 3085 ortos
963 3057 1056 3085 esse
1176 3049 1227 3086 12
1255 3046 1364 3097 Dea]
1407 3046 1542 3085 Velut
1561 3057 1615 3084 ex
1635 3044 1778 3085 Astris
1798 3046 2005 3086 translata

176 3105 396 3158 dicebant,
433 3106 615 3160 ideoque
666 3107 906 3148 Clementia
952 3114 1055 3148 natu
1120 3108 1162 3148 in
1189 3115 1341 3161 pectus
1372 3109 1633 3149 Stilichonis.
1688 3109 1756 3148 Ex
1786 3108 2005 3148 veteribus

175 3170 359 3211 maxima
378 3176 461 3220 est,
493 3183 590 3210 nam
611 3171 701 3210 sine
721 3183 774 3211 ea
792 3172 908 3211 nulla
928 3184 1055 3222 gene·
1123 3183 1207 3211 non
1225 3171 1309 3211 alia
1328 3172 1452 3211 sedes
1464 3172 1562 3211 Deo
1579 3170 1762 3223 dignior,
1780 3183 1904 3230 qnam
1919 3171 2007 3210 ani-

176 3232 300 3274 ratio.
353 3234 468 3286 Ergo
501 3233 648 3274 statim
680 3240 808 3287 atque
827 3234 872 3273 in
889 3234 1055 3274 Mundo
1123 3247 1216 3274 mus
1248 3235 1430 3275 hominis
1465 3234 1589 3286 probi
1609 3248 1620 3274 ι
1658 3231 1831 3273 effatum
1859 3231 2006 3273 ¹Chris-

178 3305 247 3334 res
266 3296 519 3348 extiterunt,
534 3297 678 3338 statim
698 3298 846 3338 extitit
860 3298 1054 3338 Clemen-
1123 3299 1252 3340 tianis
1270 3298 1458 3350 dignum.

181 3355 258 3408 tia,
275 3356 364 3397 sine
383 3370 467 3410 qua
483 3371 551 3403 res
569 3371 664 3401 esse
681 3371 766 3401 non
784 3366 977 3413 possunt.
1178 3364 1227 3402 17
1293 3362 1408 3403 Ultro
1455 3358 1665 3411 ignovisse]
1730 3357 1869 3398 Etiam
1919 3367 2004 3399 uon
