2300 3906
20 2415 40 2440 ρ
120 2393 292 2433 Siciliae.

592 225 831 267 RAPTUS
873 227 1166 270 PROSERP.
1208 230 1328 270 Lm.
1370 232 1437 271 11.

112 338 406 402 Mulciber,
431 344 483 392 et
507 343 752 409 trepidus
787 346 990 413 dejecit
1014 348 1236 401 fulmina
1263 349 1527 419 Cyclops.

108 422 325 485 Audiit,
354 430 406 475 et
432 426 479 474 si
507 442 664 491 quem
689 424 891 494 glacies
920 430 1127 499 Alpina
1143 434 1382 498 coercet,
1509 472 1514 478 «
1589 468 1591 470 v
1622 466 1627 471 ·

111 504 184 556 Et
208 507 304 572 qui
332 514 398 567 le,
423 507 599 558 Latiis
623 512 861 563 nondum
887 516 1182 580 praecincte
1198 519 1443 584 tropaeis.
1479 557 1482 560 >

108 588 299 655 Tybri,
327 594 495 650 natet,
524 592 852 661 missamque
879 595 1037 647 Pado
1059 599 1152 664 qui
1186 601 1410 667 remigat
1432 601 1632 655 alnum.

111 671 226 733 Sic,
254 687 377 722 cum
402 673 745 728 Thessaliam
770 681 1014 747 scopulis
1038 681 1254 733 inclusa
1277 686 1491 736 teneret

110 755 297 807 Peneo
324 760 606 823 stagnante
631 762 810 828 paluS,
837 769 890 815 et
913 780 1099 816 mersa
1131 770 1391 831 negarent

108 836 263 890 Arva
290 841 416 903 coli,
442 842 621 894 trifida
647 843 934 912 Neptunus
967 848 1194 915 cuspide
1218 853 1427 902 montes

110 921 346 990 Impulit
372 925 632 978 adversos
654 945 666 979 ε
707 934 824 979 tum
848 929 974 982 forti
998 930 1221 982 saucius
1246 932 1359 984 ictu

1816 769 1920 822 180

109 1069 398 1133 obstupefactus
415 1079 488 1125 est,
505 1076 655 1115 camino
673 1079 822 1117 deserto
836 1090 851 1123 ,·
878 1082 917 1117 et
935 1078 1098 1129 Cyclops
1126 1078 1286 1118 timidus
1308 1079 1463 1130 reliquit
1485 1079 1670 1128 subnina.
1723 1078 1865 1120 Audiit
1881 1081 1921 1118 d

110 1124 200 1175 ille,
220 1137 255 1163 se
287 1139 398 1188 quem
426 1130 517 1177 gelu
545 1130 705 1179 Alpium
735 1131 878 1170 retinet
896 1132 1096 1180 inclusum,
1121 1135 1159 1170 et
1177 1132 1295 1182 quite
1309 1137 1496 1184 permeat,
1520 1145 1546 1172 o
1577 1134 1742 1184 'liber-is,
1758 1134 1924 1172 nondum

112 1182 248 1218 ornate
268 1181 480 1241 triumphis
506 1181 635 1232 Italis,
652 1189 688 1223 et
719 1184 784 1234 qui
803 1184 918 1223 remis
945 1185 1033 1233 agit
1048 1184 1225 1236 cymbam
1251 1185 1459 1224 immissam
1485 1188 1527 1225 in
1561 1187 1788 1226 Eridanum.
1840 1184 1923 1229 Ita,

112 1243 199 1269 cum
226 1244 326 1282 aqua
358 1238 484 1295 cincta
512 1236 635 1285 saxis,
691 1237 817 1275 Peneo
852 1238 1086 1285 exundante,
1119 1241 1268 1286 tegeret
1296 1237 1542 1288 Thessaliam,
1575 1243 1614 1278 et
1640 1239 1730 1288 agri
1755 1235 1924 1277 immersi

111 1294 186 1322 non
201 1289 354 1334 possent
369 1299 492 1337 aran,
511 1289 719 1339 Neptunus
745 1289 914 1339 percutit
947 1289 1059 1328 hasta
1085 1290 1296 1340 tricuspide
1326 1302 1439 1340 rupes
1467 1291 1684 1342 oppositas.-
1709 1295 1790 1330 tum
1814 1301 1925 1329 cacu-

881 1405 1171 1420 OOOOO‘ONOOO

114 1482 288 1533 Lyparis
306 1483 429 1523 Voss.
447 1487 666 1523 sem—1⁷5
697 1483 885 1533 Mulciser
903 1485 1000 1522 Vat.
1021 1483 1156 1534 quint.
1174 1484 1282 1534 Reg.
1304 1486 1443 1524 Oxou.
1463 1497 1528 1536 pr.
1572 1484 1718 1525 lamina
1734 1485 1835 1524 Vat.
1866 1495 1928 1536 pr.

114 1534 265 1575 Ambr.
286 1540 389 1575 tert.
405 1536 579 1588 flumina
600 1537 790 1577 Florent.
804 1536 994 1576 chartae.
1017 1536 1304 1576 Heius—176
1329 1537 1365 1575 si
1381 1550 1493 1587 quam
1511 1537 1658 1576 Ambr.
1679 1542 1782 1577 tert.
1823 1538 1936 1586 glan-

113 1590 182 1627 des
199 1588 347 1639 Alpina
364 1590 467 1628 Vat.
486 1590 757 1641 quint.—177
787 1588 918 1628 Latiis
934 1589 1033 1630 Jun.
1060 1601 1144 1628 sec.
1172 1589 1279 1629 Cod.
1312 1589 1545 1629 Bartholin.
1562 1590 1726 1629 Tholos.
1745 1595 1791 1629 et
1808 1590 1930 1628 Voss.

115 1654 181 1693 pr.
209 1653 263 1680 ex
282 1643 543 1694 conjectura.
585 1643 719 1682 Lac-iis
748 1643 848 1684 Jun.
882 1654 944 1694 pr.
984 1641 1078 1681 latis
1095 1653 1237 1681 omnes
1263 1643 1379 1681 Vatt.
1410 1642 1501 1682 Pal.
1549 1642 1679 1681 mundi
1694 1654 1756 1694 pr.
1776 1642 1931 1693 tropoeis

114 1694 218 1756 Jun.
236 1699 453 1735 sea—178
482 1700 575 1735 nata
608 1697 768 1736 Moret.
805 1707 870 1746 pr.
914 1699 1054 1734 natant
1091 1695 1195 1734 Cod.
1218 1695 1462 1735 Bartholin.
1489 1697 1590 1734 Exc.
1619 1696 1769 1735 Petav.
1791 1700 1930 1746 quart.

116 1747 322 1787 Heinsius·
344 1750 598 1799 ascripserat
625 1750 734 1789 Stat.
754 1761 796 1788 x.
814 1747 946 1787 Theb.
965 1751 1057 1787 492.
1085 1749 1098 1770 ‘
1120 1747 1328 1800 rigidique
1347 1754 1517 1788 natator
1535 1748 1709 1788 OEbalus
1728 1745 1931 1787 Eurotae.’

117 1806 164 1841 et
183 1800 341 1840 Achill.
362 1814 433 1841 ιιι.
453 1806 546 1842 232.
568 1803 580 1824 ⁴
601 1803 813 1854 quaerisne
832 1814 946 1841 meos
971 1801 1203 1852 Spherchie
1222 1800 1419 1841 natatus!
1449 1802 1518 1840 ubi
1545 1802 1587 1840 in
1616 1801 1717 1840 Mss.
1736 1806 1803 1839 est
1829 1811 1932 1838 mea-

114 1858 192 1894 tus.
213 1855 403 1906 missaque
426 1857 535 1894 Pado
551 1869 590 1906 q.
607 1869 701 1895 rem.
721 1856 808 1894 alno
828 1855 911 1893 inc.
931 1854 1198 1893 Heins.-Var.
1218 1855 1303 1893 LL.
1324 1867 1347 1892 e
1363 1866 1490 1905 marg.
1506 1855 1649 1895 Parm.
1675 1854 1836 1903 navigat
1851 1863 1930 1902 pro

35 1942 38 1946 ,
116 1908 286 1957 remigat
304 1910 410 1949 Exc.
430 1910 584 1948 Petav.
606 1912 883 1961 quart—179
910 1909 1141 1958 scopulosam
1174 1908 1321 1946 inclusa
1351 1908 1451 1946 Vat.
1479 1919 1563 1947 sec.
1600 1907 1672 1958 qui
1703 1912 1749 1946 et
1777 1908 1933 1944 tenetur

115 1972 194 2012 pro
215 1965 508 2001 teneret—180
539 1966 699 2012 negaret
718 1974 859 2001 omnes
881 1961 1000 1999 Vait.
1024 1961 1115 1999 Pal.
1135 1960 1243 1999 Cod.
1265 1960 1502 1999 Bartholin.
1531 1964 1678 1999 vetaret
1698 1959 1847 1998 Petav.
1867 1969 1932 2008 pr.

116 2019 307 2063 negarent
327 2015 410 2055 inc.
428 2015 580 2054 Heins.
599 2015 758 2054 Moret.
777 2027 840 2066 pr.
861 2014 1000 2053 Oxou.
1034 2025 1100 2064 pr.
1130 2014 1235 2063 Reg.
1265 2026 1320 2052 m.
1351 2025 1418 2063 pr.
1440 2012 1585 2051 Ambr.
1607 2017 1709 2051 tert.
1725 2013 1829 2051 Exn.
1848 2010 1934 2048 Pe-

119 2071 208 2106 tav.
230 2072 368 2118 quart.
385 2070 489 2107 Var.
512 2070 597 2108 LL.
631 2080 655 2106 e
688 2080 819 2118 marg.
853 2067 1130 2105 parm—182
1159 2071 1219 2104 ter
1240 2065 1344 2114 sorti
1372 2066 1453 2103 inc.
1488 2065 1635 2104 Heius.
1661 2066 1766 2103 Var.
1799 2063 1883 2102 LL.
1908 2073 1933 2100 e

119 2131 252 2170 marg.
274 2120 415 2160 Parm.
453 2133 540 2159 cum
558 2121 659 2159 Vat.
688 2131 772 2159 sec.
798 2124 890 2158 tunc
917 2119 1105 2158 Florent.
1144 2130 1238 2157 cum
1268 2117 1585 2169 quatuordecim
1604 2117 1708 2156 aliis.
1749 2128 1838 2155 cum
1867 2114 1937 2152 vel

944 2226 983 2266 N
992 2224 1126 2264 OTAE

119 2327 327 2370 maxima:
357 2329 494 2369 AEolia
512 2333 653 2369 autem
674 2332 741 2368 est
766 2340 789 2367 e
822 2326 997 2378 regione
1065 2326 1196 2374 Rege,
1227 2327 1273 2363 et
1304 2323 1357 2363 ab
1382 2321 1573 2373 ejusdem
1603 2319 1691 2360 filio
1717 2319 1936 2368 Thessalo,

1064 2387 1294 2426 Thessalia.

178 2460 257 2496 176
288 2455 466 2506 Coe'rcet]
509 2454 668 2506 Populi
703 2452 891 2504 Inalpini
922 2463 1000 2503 per

120 2519 317 2571 hyemem
337 2529 421 2556 non
443 2521 667 2568 vagantur,
682 2514 755 2554 sed
776 2515 891 2554 intra
905 2525 998 2563 spe-

122 2583 272 2622 luncas
305 2593 350 2619 se
382 2586 533 2619 tenent
554 2585 701 2619 contra
721 2577 1001 2617 acerbitatem

126 2645 310 2697 frigoris.

181 2712 258 2748 177
290 2708 471 2747 Nondum
497 2704 727 2756 proecincte]
771 2703 883 2745 Quia
902 2713 1004 2741 non·

126 2771 227 2810 dum
249 2770 392 2808 stabat
426 2769 575 2815 Roma,
604 2767 751 2806 futura
778 2777 918 2805 rerum
937 2765 1006 2803 do·

29 2861 61 2886 :.
117 2824 256 2881 mina,
302 2837 349 2870 et
390 2830 616 2882 triumphis
659 2822 901 2868 clarissimis
943 2826 1005 2865 di-

130 2895 276 2935 tanda.

182 2960 263 2997 178
291 2956 456 3006 Aluum}
473 2956 524 2995 Id
541 2961 621 3005 est,
637 2954 850 3006 parvulam
868 2952 1004 2992 navim

127 3019 288 3061 factam
323 3033 374 3058 ex
405 3020 518 3069 alno,
547 3030 639 3070 quae
673 3017 726 3055 ad
763 3015 869 3055 Padi
899 3015 1016 3066 ripas·

130 3082 288 3123 crescit
305 3082 472 3122 uberius
490 3094 500 3120 :
522 3092 685 3120 sorores
700 3079 857 3130 quippe
874 3076 1010 3117 Phae·

131 3146 292 3186 thontis
312 3151 409 3197 post
429 3144 522 3196 ejus
543 3143 679 3182 fatum
700 3143 844 3181 dolore
865 3146 1011 3180 conta-

132 3210 334 3260 buerunt,
372 3214 414 3248 et
446 3209 486 3246 in
521 3207 699 3259 populos
721 3218 793 3245 seu
818 3205 933 3243 alnos
952 3202 1011 3242 ibi

133 3277 308 3311 mutatae
329 3283 422 3309 esse
442 3269 654 3309 dicuntur.

190 3337 270 3374 179
302 3331 556 3380 Thessaliam]
584 3329 800 3370 Thessalia
833 3327 1015 3369 Graeciae

137 3396 256 3448 regio
288 3396 405 3435 dicta
438 3398 505 3434 est
539 3391 734 3436 AEmonia
763 3391 817 3430 ab
842 3390 1016 3429 AEmone

1122 2452 1198 2487 180
1240 2449 1367 2487 Peneo
1394 2449 1599 2497 stagnante
1629 2442 1758 2496 palus]
1815 2445 1936 2496 Stag-

1067 2521 1186 2549 nasse
1207 2510 1305 2548 olim
1326 2508 1481 2547 dicitur
1499 2507 1730 2555 Thessalia,
1748 2506 1801 2545 ob
1822 2516 1938 2546 mon-

1069 2578 1135 2611 tes
1155 2571 1276 2610 simul
1304 2571 1579 2619 cohaerentes,
1596 2568 1670 2608 sed
1693 2573 1789 2619 post
1810 2574 1938 2607 terrm

1070 2639 1247 2682 motum,
1279 2639 1444 2671 montes
1474 2632 1542 2669 vel
1573 2643 1597 2669 a
1638 2630 1839 2681 Neptuno
1872 2628 1940 2669 vel

1072 2696 1126 2735 ab
1146 2695 1335 2735 Hercule
1362 2692 1540 2744 abrupti⁴
1553 2697 1667 2741 sunt,
1691 2696 1738 2730 et
1757 2690 1854 2729 inde
1869 2689 1940 2728 da·

1072 2763 1140 2797 tus
1165 2756 1286 2808 aquis
1306 2756 1412 2795 liber
1430 2755 1584 2795 exitus.
1612 2754 1779 2792 Peneus
1799 2757 1940 2791 autem

1072 2825 1139 2859 est
1148 2817 1305 2858 fluvius
1320 2818 1563 2867 Thessaliae,
1576 2821 1699 2868 pater
1713 2815 1914 2866 Daphnes
1927 2827 1940 2853 ε

1072 2883 1195 2924 alluit
1214 2884 1307 2922 loca
1326 2880 1603 2921 amoenissima
1619 2880 1791 2929 Tempe.

1132 2949 1207 2987 181
1241 2945 1391 2998 Trifida
1420 2942 1596 2995 cuspide]
1628 2941 1844 2981 Tridente-
1869 2951 1943 2978 seu

1074 3009 1261 3051 fuscina:
1295 3007 1457 3047 tridens
1473 3018 1546 3044 seu
1577 3005 1735 3055 triplex
1753 3002 1853 3042 data
1871 3013 1945 3052 po-

1074 3078 1224 3121 testas,
1253 3071 1308 3110 ob
1327 3077 1518 3109 naturam
1549 3065 1726 3106 fontium
1761 3065 1954 3110 dulcem,

1077 3135 1263 3187 aequoris
1290 3133 1458 3181 salsam,
1480 3137 1721 3181 stagnorum
1747 3125 1951 3174 mediam,

1077 3209 1157 3238 nec
1175 3207 1359 3236 amaram
1379 3206 1460 3233 nec
1480 3198 1604 3245 gustu
1623 3195 1800 3242 gratam.

1133 3254 1308 3310 Montes]
1351 3259 1465 3298 Saxa
1499 3261 1543 3296 et
1576 3264 1714 3304 rupes.
1755 3248 1947 3289 Claudia·

1080 3336 1186 3364 nus:
1216 3322 1365 3362 ‘Illius
1397 3326 1443 3360 et
1466 3317 1561 3358 duri
1591 3314 1747 3355 flevere
1778 3311 1946 3352 silentia

1080 3392 1248 3428 montes
1265 3388 1290 3425 :’
1317 3383 1361 3424 id
1379 3387 1460 3433 est,
1481 3386 1582 3421 saxa
1598 3382 1643 3417 et
1660 3386 1801 3428 rupes.
1875 3394 1877 3396 -
