2300 3906
294 184 405 240 924
803 199 900 237 GL.
941 193 1298 235 CLAUDIAM
1339 193 1587 233 xxxin.

299 319 542 372 Stridula
567 316 824 371 coniferis
849 312 1164 365 modulatur
1188 313 1433 365 carmina
1457 313 1643 364 ramis.

297 404 597 456 Terribiles
619 403 765 453 intus
791 398 973 460 thiasi,
999 413 1316 465 vesanaque
1340 397 1519 449 mixto

302 490 585 543 Concentu
612 486 841 538 delubra
866 487 1119 549 gemunt:
1157 483 1460 535 ululatibus
1494 482 1594 534 Ide

301 574 646 626 Bacchatur:
686 568 907 621 timidas
933 568 1199 620 inclinant
1224 567 1471 633 Gargara
1492 567 1700 635 sylvas,

374 657 679 722 Postquam
703 654 827 704 visa
854 650 1042 715 CereS‚
1069 653 1334 719 mugitum
1361 657 1625 719 tympana
1646 650 1917 714 fraenant3

302 741 636 793 Conticuere
663 739 815 791 chori
838 755 851 803 ;
880 736 1129 805 Corybas
1155 753 1263 788 non
1288 735 1509 803 impulit
1533 751 1751 800 ensem3

303 825 432 877 Non
455 826 662 887 buxuS,
688 840 800 875 non
821 839 933 874 aera
957 826 1184 875 sonant:
1224 821 1572 888 blandasque
1595 820 1788 871 leones

2022 478 2133 531 205

299 981 411 1008 sonos
428 973 562 1008 acutos
579 969 699 1007 ramis
716 967 917 1018 coniferis,
950 969 1056 1008 nulla
1086 970 1315 1018 tempestate
1348 965 1532 1005 turbante
1557 966 1720 1016 sylvam.
1776 963 1858 1003 Sub
1874 966 1975 1002 tecto
1995 957 2139 1012 Thyni

302 1028 402 1061 sunt
432 1022 650 1068 horribiles,
681 1027 718 1061 et
740 1023 881 1073 templa
908 1026 1088 1060 resonant
1106 1021 1232 1060 mixto
1250 1024 1368 1060 cantu
1377 1019 1562 1068 fanatico
1580 1033 1592 1057 :
1621 1019 1695 1057 Ida
1710 1017 1891 1056 turbatur
1901 1015 2109 1055 ululatibus
2126 1025 2142 1059 ,⁸

304 1076 511 1125 Gargar-us
541 1076 739 1114 submittit
774 1076 930 1114 arbores
959 1075 1135 1114 territas.
1191 1073 1340 1113 Statim
1354 1077 1473 1124 atque
1492 1073 1611 1112 Ceres
1623 1071 1821 1123 apparuit,
1839 1074 2024 1122 tympana
2037 1066 2141 1108 cohi-

303 1128 392 1168 bent
429 1129 623 1169 sonitum.-
652 1133 773 1168 coetus
803 1133 955 1168 tacent.-
987 1128 1227 1181 Corybantes
1264 1140 1338 1167 non
1381 1127 1536 1166 vibrant
1574 1126 1720 1166 cultros
1737 1139 1754 1173 ;
1793 1137 1869 1164 non
1907 1123 2031 1172 tibiae,
2065 1132 2141 1160 non

1074 1233 1371 1248 OOOOOOOOOOOO

304 1304 431 1344 Voss.
451 1316 515 1354 pr.
536 1305 561 1345 J
569 1316 638 1344 un.
657 1316 744 1343 sec.
786 1304 1007 1343 Fraudibus
1023 1305 1088 1343 vel
1113 1304 1299 1344 Floribus
1316 1305 1419 1344 Vat.
1440 1315 1526 1344 sec.
1544 1303 1667 1343 Voss.
1688 1303 1907 1341 see-203
1936 1296 2145 1346 corniferis

306 1357 388 1396 duo
406 1359 525 1399 Vatt.
544 1359 704 1397 Moret.
725 1370 787 1408 pr.
807 1359 932 1397 Voss.
953 1371 1016 1408 pr.
1037 1357 1105 1397 ed.
1128 1359 1271 1397 Parm.
1294 1363 1339 1397 et
1359 1357 1504 1397 Vicet.
1552 1354 1734 1405 coniferis
1750 1355 1852 1395 Jun.
1874 1365 1961 1391 sec.
2010 1352 2143 1390 modu-

306 1410 438 1449 lantur
457 1412 551 1450 cod.
573 1412 810 1450 Bartholin.
857 1413 1077 1450 modulatur
1096 1412 1204 1461 Reg.
1227 1411 1309 1449 inc.
1344 1411 1496 1450 Heins.
1529 1410 1684 1448 PetaV.
1714 1420 1780 1458 pr.
1809 1407 1970 1446 Moret.
1994 1417 2056 1454 pr.
2073 1402 2144 1444 ed.

306 1464 582 1504 Vicets—204
610 1477 823 1515 vesanaque
842 1466 962 1503 multo
991 1464 1115 1502 Voss.
1139 1467 1339 1513 ρι·.-205
1371 1464 1445 1501 Ida
1477 1475 1554 1513 pro
1577 1462 1647 1500 Ide
1668 1461 1770 1500 Vat.
1786 1459 2056 1510 quint.—206
2084 1461 2148 1497 tu-

306 1516 433 1556 midas
468 1518 658 1556 inclinant
690 1519 790 1556 Vat.
823 1517 1094 1567 quint.——2t)8
1122 1515 1255 1553 intulit
1276 1517 1401 1554 Voss.
1419 1526 1484 1567 pr.
1532 1526 1638 1562 enses
1664 1514 1767 1554 Jun.
1789 1514 2009 1551 sec.-—209
2037 1510 2144 1550 blan-

306 1571 447 1621 dosque
462 1571 584 1609 Voss.
606 1582 672 1620 pr.
720 1569 952 1619 blandasque
973 1568 1098 1608 Voss.
1117 1579 1204 1608 sec.
1224 1568 1383 1608 Moret.
1405 1580 1470 1619 pr.
1490 1568 1573 1608 inc.
1595 1567 1749 1607 Heius.
1772 1565 1881 1617 Reg.
1910 1564 2062 1604 Petav.
2079 1576 2145 1615 pr.

1146 1661 1320 1702 NOTAE

311 1747 426 1801 quod
455 1746 753 1799 frequentibus
786 1746 1008 1787 sacrificiis
1037 1748 1195 1788 luceat.

312 1812 527 1863 Pleraque
556 1813 750 1851 Deorum
772 1812 934 1862 templa
953 1823 1050 1850 suos
1070 1805 1204 1850 habe-'

313 1875 420 1915 bant
439 1876 571 1915 lucos.

367 1939 561 1989 Agitante
575 1939 746 1990 procella
766 1939 947 1990 stridula,
965 1939 1054 1991 Sym]
1092 1939 1200 1979 Vult

316 2001 447 2054 poeta
463 2002 589 2053 hujus
610 2002 696 2041 luci
729 2002 903 2041 arbores
934 2014 1013 2052 per
1046 2014 1091 2041 se
1112 2001 1199 2041 leni

316 2071 435 2105 motu
448 2066 570 2117 quasi
588 2065 794 2105 divinitus
814 2065 991 2116 impelli,
1017 2070 1062 2103 et
1082 2066 1203 2104 emit—

318 2137 412 2170 tere
428 2143 550 2170 sonos
571 2131 774 2182 quosdam
801 2135 965 2179 acutos,
991 2142 1073 2168 non
1094 2130 1204 2181 inju-

317 2193 494 2241 cundos,
524 2193 596 2244 qui
619 2193 847 2232 cantilenae
870 2192 1003 2232 videri
1024 2193 1202 2243 possint.

373 2260 452 2296 203
487 2255 685 2304 coniferis
700 2255 843 2305 ramis]
863 2255 1022 2305 Ramis,
1043 2256 1115 2307 qui
1132 2267 1207 2293 nu-

320 2330 393 2359 ces
412 2317 559 2357 ferunt
592 2316 760 2367 pineas,
792 2317 835 2355 in
865 2316 961 2355 coni
981 2328 1055 2355 seu
1087 2328 1207 2368 pyra-

320 2381 445 2421 midis
464 2379 659 2431 figuram.

375 2447 455 2484 204
487 2440 715 2491 Terribiles]
756 2442 885 2482 Forte
906 2442 960 2482 ob
975 2443 1124 2483 Gallos
1136 2443 1210 2483 Sa-

322 2507 537 2556 cerdotes,
556 2506 629 2558 qui
646 2506 796 2545 cultris
819 2518 895 2545 sua
920 2505 1094 2546 brachia
1127 2518 1210 2546 cae-

323 2570 497 2611 debant.

382 2633 536 2684 Thiasi]
601 2633 713 2673 Sunt
774 2633 944 2673 choreae
993 2635 1215 2675 Bacchan-

327 2703 435 2747 tum,
454 2709 550 2748 quae
589 2701 633 2736 et
662 2696 859 2748 Thyades
890 2696 1108 2749 dicuntur,
1138 2697 1215 2737 ἀπὸ

325 2761 396 2799 τοῦ
415 2758 533 2809 θύειν,
540 2759 697 2811 furere,
727 2759 916 2811 impetum
928 2759 1081 2811 facere,
1101 2761 1214 2814 quod

327 2828 473 2863 essent
492 2821 677 2862 foeminae
698 2821 893 2862 furentes
911 2836 923 2872 3
941 2823 1007 2862 vel
1037 2822 1113 2862 ἀπὸ
1140 2824 1213 2863 τοῦ

329 2886 498 2937 θοάζειν,
531 2887 644 2937 orgia
671 2887 888 2926 celebrare:
923 2887 998 2926 sed
1019 2892 1064 2926 et
1092 2892 1217 2928 erant

331 2949 598 3001 Corybantes
617 2949 878 2989 Sacerdotes
898 2948 1134 2991 furibundi.

390 3012 557 3062 Vesana]
585 3011 638 3050 Id
667 3017 750 3062 est,
773 3014 936 3064 templa
951 3019 1081 3054 cantu
1101 3013 1218 3055 fana-

332 3076 421 3118 tico
457 3076 727 3115 resonantia:
775 3087 861 3116 non
904 3078 1018 3130 quod
1055 3081 1220 3132 templa

332 3141 482 3181 insana
523 3140 624 3190 sint,
653 3139 728 3179 sed
756 3140 869 3192 quod
889 3141 1057 3182 insanos
1084 3145 1221 3184 conti-

334 3209 485 3254 neant,
513 3203 658 3254 sicque
692 3203 866 3254 ponitur
893 3206 1114 3247 continens
1142 3220 1222 3261 pro

335 3271 557 3315 contento,
592 3267 920 3317 Metonymicas.

391 3333 470 3370 205
506 3328 747 3379 Ululatibus]
793 3330 878 3369 Vel
906 3331 1122 3385 luporum,
1151 3333 1225 3386 qui

343 3405 442 3437 cum
482 3392 679 3436 leonibus
721 3403 893 3435 currum
937 3394 1122 3449 Cybeles
1166 3406 1227 3436 se·

1264 1754 1468 1803 quantur,
1508 1751 1576 1791 vel
1607 1748 1830 1790 Gallorum
1861 1745 2154 1798 sacerdotum,

1265 1814 1317 1853 de
1339 1813 1492 1865 quibus
1516 1814 1739 1853 Lucanus:
1769 1813 1780 1834 ‘
1803 1811 2036 1851 Ulularunt
2052 1809 2149 1850 tris-

1267 1879 1329 1918 tia
1349 1876 1510 1919 Galli!-

1322 1945 1403 1982 206
1430 1940 1675 1991 Bacchatur]
1730 1939 1908 1980 Passive
1954 1937 2151 1987 sumitur,

1268 2006 1313 2045 id
1333 2011 1416 2056 est,
1434 2005 1727 2045 Bacchantum
1758 2001 1989 2043 ululatibus
2014 1999 2151 2053 quati-

1270 2075 1357 2118 tur,
1396 2069 1616 2108 turbatur:
1666 2074 1715 2107 ut
1749 2067 1863 2119 apud
1894 2064 2150 2117 Virgilium:

1270 2133 1282 2153 ‘
1306 2132 1527 2171 Bacchata
1544 2131 1737 2170 Lacaenis
1752 2129 1978 2181 Taygete!

1329 2194 1503 2234 Timidas
1523 2194 1712 2233 inclinant
1731 2191 1879 2244 sylvas]
1906 2191 2070 2230 Tantus
2090 2194 2156 2230 est

1273 2259 1453 2307 clamor,
1472 2262 1617 2296 tantus
1638 2256 1840 2304 ululatus,
1860 2259 1907 2293 ut
1933 2254 2027 2305 ipsa
2045 2253 2155 2293 Gar-

1274 2332 1376 2372 gara
1412 2319 1588 2358 arbores
1625 2317 1879 2358 submittere
1915 2316 2157 2368 videantur,

1276 2395 1365 2435 prae
1382 2382 1513 2422 nimio
1534 2387 1713 2422 terrore.

1333 2446 1539 2498 Gargara]
1584 2446 1821 2497 Gargarus,
1856 2448 1899 2484 et
1927 2444 1969 2483 in
2003 2442 2158 2495 plurali

1278 2511 1490 2562 Gargara,
1503 2514 1567 2548 est
1584 2513 1734 2549 vertex
1744 2508 1836 2547 ldae
1853 2506 2024 2557 montis,
2039 2504 2158 2545 ferti-

1277 2575 1401 2615 litate
1420 2573 1593 2614 nobilis.
1638 2572 1828 2612 Pacatus
1854 2569 1961 2610 dicit
1993 2569 2161 2621 Garga-

1280 2651 1328 2679 ra
1346 2640 1358 2661 ⁴
1377 2642 1590 2690 proventu
1611 2637 1712 2675 laeta
1748 2634 1945 2675 triticeos

1335 2706 1415 2743 20⁷
1444 2699 1666 2752 Magitam]
1692 2699 1889 2738 Murmur
1909 2702 1955 2737 et
1974 2695 2164 2747 sonitus;

1283 2767 1422 2821 qualis
1443 2770 1510 2806 est
1524 2771 1741 2805 taurorum
1760 2773 1840 2801 vox
1855 2761 2001 2800 boans.

1335 2834 1415 2872 208
1449 2827 1643 2884 Corybas]
1685 2825 1875 2876 Corybas
1913 2820 2081 2867 Jasonis
2117 2825 2165 2862 et

1284 2894 1469 2946 Cybeles
1484 2892 1612 2943 filius,
1627 2891 1672 2930 in
1687 2889 1790 2929 Asia
1804 2888 1964 2941 primus
1978 2885 2166 2927 instituit

1284 2969 1406 2998 saera
1443 2956 1590 2996 matris
1618 2952 1792 2994 Deum:
1820 2951 1919 2990 hinc
1939 2949 1993 2988 ab
2012 2960 2064 2988 eo
2083 2948 2163 2989 Co·

1285 3022 1490 3074 rybantes
1518 3018 1624 3058 dicti
1660 3017 1752 3068 ejus
1778 3016 1888 3055 Deae
1920 3011 2166 3053 sacerdotes

1285 3083 1520 3125 furibundi.
1553 3081 1611 3120 Hi
1631 3079 1829 3119 simulato
1848 3075 1995 3116 furore
2014 3087 2167 3128 repen-

1287 3148 1377 3188 tino
1395 3144 1628 3186 currebant
1646 3142 1691 3181 ln
1710 3140 1872 3191 orbern,
1904 3145 1948 3179 et
1966 3139 2082 3179 ferro
2101 3151 2167 3180 so·

1288 3221 1395 3250 nora
1413 3219 1531 3247 arma
1549 3204 1796 3258 pulsabant,
1816 3203 1942 3242 immo
1962 3207 2008 3242 et
2021 3201 2170 3243 cultris

1291 3285 1367 3314 sua
1383 3268 1559 3312 brachia
1576 3267 1839 3308 sauciabant.

1343 3340 1425 3377 209
1452 3333 1613 3384 fluxus]
1641 3332 1695 3372 Id
1724 3337 1807 3381 est,
1838 3329 1945 3370 tibia
1964 3341 2018 3369 ex
2039 3329 2170 3380 buxo,

1294 3412 1422 3458 quam
1461 3397 1673 3441 inflabant
1708 3395 1751 3438 in
1783 3394 1915 3437 sacris
1948 3392 2168 3450 Cybeles:
