2300 3906
698 202 761 238 lN
807 201 1169 241 nurnorium
1214 201 1334 240 Lm.
1377 203 1441 242 11.
1871 192 1979 247 519

161 318 250 370 Ne
275 324 474 370 noceat
498 317 696 369 fmstra
721 333 857 368 mox
875 324 1136 386 eruptura
1163 318 1417 372 cicatrix.
1908 322 1981 373 15

159 401 253 454 Ad
276 402 463 453 vivum
490 405 779 468 penetrant
802 401 1062 464 flammae,
1092 418 1204 469 quo
1230 401 1480 455 funditus
1504 402 1699 454 humor

160 485 405 548 Defluat,
433 490 486 535 et
507 486 699 535 vacuis
723 490 980 551 corrupto
1008 487 1272 553 sanguine
1296 488 1450 539 venis

159 567 393 621 Arescat
418 570 540 621 fons
564 569 658 619 ille
683 569 833 619 mali.
908 567 1259 621 Truncantur
1284 576 1342 621 et
1364 576 1534 634 artuS,
1590 570 1594 574 ’

160 653 239 706 Ut.
261 654 427 706 liceat
450 654 675 722 reliquis
703 669 956 704 securum
982 654 1175 721 degere
1199 655 1474 707 membriS.

116 772 139 798 -,
159 735 239 795 At
263 755 366 790 vos
394 739 608 805 egregie
634 743 922 805 purgatam
947 738 1174 790 creditis
1211 739 1414 803 aulam,

161 821 486 890 Eutropium
515 824 563 874 si
586 820 797 890 Cypros
820 822 1006 885 habet,
1034 823 1394 891 vindictaque
1420 823 1614 875 mundi

161 907 395 959 Semivir
422 906 554 958 exul
580 907 704 957 erit.
781 905 924 969 Quis
949 922 1052 958 vos
1078 907 1312 959 lustrare
1336 908 1547 960 valebit

163 991 424 1043 Oceanus
446 992 469 1041 ’ἓ
510 996 725 1042 tantum
750 989 967 1042 facinus
993 1007 1120 1058 quae
1149 984 1324 1049 diluet
1349 994 1527 1046 aetas'?

1914 741 1984 792 20

159 1166 298 1207 statim
329 1179 525 1207 emersura
557 1167 766 1207 obducatur
795 1169 1005 1208 inutiliter.
1070 1169 1188 1219 Ignes
1223 1173 1314 1208 eunt
1348 1171 1399 1208 ad
1425 1169 1571 1216 vivum,
1602 1172 1646 1208 ut
1679 1169 1814 1208 humor
1839 1169 1989 1208 noxius

160 1222 295 1274 effluat
329 1220 497 1268 omnino,
530 1225 569 1259 et
607 1224 713 1261 venis
743 1222 944 1273 purgatis
964 1224 1153 1272 sanguine
1184 1223 1339 1272 vitiato,
1377 1223 1486 1272 origo
1518 1223 1588 1261 illa
1622 1223 1740 1272 pestis
1771 1224 1990 1262 emittatur.

164 1274 302 1319 Etiam
316 1275 486 1313 membra
503 1279 770 1326 amputantur,
789 1279 833 1315 ut
858 1280 992 1327 partes
1008 1276 1165 1327 reliquoe
1179 1276 1329 1327 possint
1348 1276 1476 1315 vivere
1501 1288 1643 1314 secure.
1699 1276 1777 1315 Sed
1797 1289 1860 1314 ros
1875 1280 1990 1326 puta-

160 1327 215 1366 tis
235 1327 402 1377 Regiam
424 1328 516 1367 bene
533 1333 725 1377 sanatam,
743 1329 779 1368 si
799 1331 953 1381 Cyprus
969 1333 1098 1369 teneat
1114 1330 1349 1380 Eutropium
1363 1343 1376 1369 .·
1394 1333 1431 1368 et
1448 1330 1483 1368 si
1501 1329 1723 1379 Eunuchus,
1741 1329 1838 1368 ultio
1859 1329 1992 1375 Orbis,

160 1382 306 1421 exulat.
363 1382 468 1426 Quid
487 1394 591 1421 mare
607 1384 753 1433 poterit
770 1396 942 1434 purgare
959 1381 1058 1423 vos?
1108 1383 1207 1428 Quae
1229 1384 1370 1423 soecula
1389 1384 1515 1422 eluent
1532 1387 1687 1422 tautum
1706 1381 1859 1423 scelus?
1911 1382 1992 1422 Vz'x

929 1502 1225 1517 “O“C‘OOO‘O

163 1578 399 1621 Lindenbr.
444 1581 537 1632 igne
571 1582 691 1622 Leid.
720 1595 786 1635 pr.
823 1583 947 1622 ambo
966 1583 1233 1623 Mores-qs
1265 1584 1356 1623 Neu
1389 1582 1542 1625 Petav.
1563 1594 1649 1621 sec.
1692 1586 1826 1621 noceat
1847 1592 1991 1620 omnes

162 1634 287 1673 Vatt.
303 1634 400 1674 Pal.
428 1636 556 1674 Farn.
592 1636 708 1674 Prie.
745 1638 866 1676 Rott.
885 1637 1019 1677 Oisel.
1060 1637 1169 1675 co'e'at
1195 1637 1276 1688 leg.
1300 1636 1450 1676 Heius.
1471 1648 1565 1675 cum
1603 1635 1794 1675 Barthio.
1837 1635 1991 1673 exitura

162 1687 266 1726 Vat.
288 1689 628 1739 quint.—-16,Ad
645 1691 784 1729 durum
802 1690 923 1729 Med.
942 1695 1043 1729 tert.
1089 1691 1221 1728 vinum
1244 1690 1365 1729 Leid.
1386 1701 1449 1740 pr.
1478 1690 1652 1741 flamma>
1668 1692 1874 1739 penetrant
1892 1688 1917 1728 J
1925 1699 1993 1727 un.

166 1751 231 1791 pr.
278 1745 483 1791 penetrent
505 1743 643 1782 Oxon.
659 1755 746 1782 sec.
791 1744 858 1793 qui
876 1743 977 1783 Jun.
1000 1755 1066 1794 pr.
1111 1756 1184 1793 quo
1202 1743 1294 1783 Pal.
1326 1743 1458 1781 Oisel.
1494 1743 1578 1781 duo
1595 1742 1714 1781 Med.
1735 1742 1817 1781 inc.
1838 1740 1991 1779 Heius.

165 1794 332 1833 Mazar.
367 1794 516 1834 Ambr.
547 1807 631 1834 sec.
663 1795 818 1846 Isingr.
837 1796 939 1835 Var.
971 1796 1057 1835 LL.
1087 1807 1113 1834 e
1140 1808 1273 1846 marg.
1307 1797 1446 1835 Parm.
1476 1795 1638 1853 gMed.
1656 1800 1757 1834 tert.
1787 1794 1892 1844 queis
1905 1800 1991 1832 tres

164 1846 289 1885 Vatt.
307 1846 436 1886 Farn.
450 1847 567 1886 Prie.
580 1848 701 1887 Rott.
715 1849 880 1895 Moret.
892 1861 975 1887 sec.
986 1850 1095 1887 Exc.
1110 1849 1222 1887 Laeti
1237 1854 1282 1888 et
1294 1849 1472 1888 Gevart.
1517 1848 1603 1898 quis
1623 1848 1704 1886 duo
1726 1846 1877 1886 Leidd.
1892 1847 1992 1885 Lov.

165 1898 309 1939 Oxou.
330 1911 413 1940 sec.
435 1901 548 1940 Flor.
573 1901 673 1940 Put.
692 1901 853 1940 Thuan.
872 1901 993 1940 Med.
1016 1907 1154 1952 quart.
1173 1902 1339 1940 Bonon.
1362 1903 1459 1940 Pat.
1479 1945 1499 1955 ..
1521 1901 1689 1939 Tholos.
1721 1900 1805 1938 duo
1845 1899 1995 1938 Ambr.

164 1959 252 1991 tres
273 1952 427 1993 PetaV.
448 1953 553 1992 Exc.
578 1954 757 1993 Lucens.
779 1966 846 2006 pr.
866 1954 966 1994 edd.
997 1954 1142 1993 Parin.
1161 1954 1304 1994 Vicet.
1326 1953 1450 1993 Junt.
1472 1965 1516 2004 qs
1533 1954 1637 1992 Var.
1658 1954 1744 1992 LL.
1767 1952 1835 1991 ed.
1863 1951 1997 1991 Anw.

164 2017 238 2056 quo
255 2006 325 2056 vel
343 2007 428 2057 quis
445 2007 546 2046 Vnt.
569 2019 633 2058 pr.
652 2007 760 2058 Reg.
781 2008 935 2047 Petav.
957 2019 1022 2058 pr.
1057 2014 1099 2046 et
1120 2007 1263 2046 Oxou.
1304 2008 1447 2059 defluat
1475 2007 1610 2045 humor
1632 2006 1827 2045 Funditus
1845 2003 1994 2044 Ambr.

167 2062 340 2109 ρι’.-18
368 2061 534 2100 Arescat
555 2066 642 2100 tres
661 2061 782 2101 Vatt.
813 2061 909 2101 Pal.
944 2061 1072 2100 Farn.
1104 2060 1218 2100 Prie.
1240 2061 1359 2101 Rott.
1408 2061 1591 2099 Exundet
1625 2059 1765 2098 Oxou.
1798 2070 1861 2109 pr.
1891 2059 1993 2097 Vat.

98 2111 102 2114 ’
166 2117 267 2151 tert.
289 2112 425 2155 Oisel.
458 2114 647 2154 Florent.
680 2126 735 2154 m.
757 2126 822 2165 pr.
851 2115 1013 2154 Mazar.
1033 2115 1134 2154 Vat.
1172 2113 1313 2153 Livin.
1345 2114 1454 2153 Exc.
1477 2113 1582 2153 Cod.
1615 2113 1766 2152 Rhem.
1811 2112 1998 2150 Exundet

165 2166 234 2205 vel
255 2165 421 2207 Arescat
453 2168 553 2207 Vat.
578 2180 642 2219 pr.
676 2168 779 2208 Put.
815 2169 1035 2219 Reg.-—l9
1063 2167 1224 2219 liquidis
1241 2169 1343 2207 Vat.
1363 2173 1504 2219 quart.
1527 2167 1645 2206 Prie.
1679 2167 1833 2205 Petav.
1855 2177 1919 2216 pr.
1938 2177 1995 2204 m.

167 2230 234 2270 pr.
283 2231 458 2260 securum
479 2222 586 2262 Exc.
608 2221 735 2262 Laeti.
775 2234 907 2262 secure
932 2222 1000 2261 ed.
1020 2222 1166 2261 Vicet.
1206 2233 1341 2263 securo
1361 2222 1447 2272 leg.
1467 2221 1619 2260 Heius,
1660 2220 1788 2259 vivere
1815 2224 1998 2270 quatuor

166 2273 291 2313 Vatt.
312 2273 410 2314 Pal.
430 2276 561 2314 Farn.
601 2277 740 2326 degere
754 2276 857 2317 Vat.
877 2287 941 2327 pr.
961 2276 1071 2326 Reg.
1092 2276 1253 2315 Mazar.
1272 2275 1371 2314 vat.
1402 2275 1544 2314 Livin.
1565 2273 1709 2313 Oxou.
1739 2275 1911 2323 pr.—-20
1940 2272 1998 2310 Et

166 2339 233 2365 vos
250 2327 416 2367 Thuan.
472 2329 637 2368 traditis
670 2329 790 2369 Med.
823 2332 1035 2370 tert.—2l
1068 2329 1223 2381 Cyprus
1254 2340 1399 2368 omnes
1420 2329 1542 2367 Vatt.
1582 2328 1676 2366 Pal.
1712 2327 1839 2366 Farn.
1877 2325 1999 2364 Rott.

170 2378 309 2419 Oisel.
357 2383 508 2433 Cypros
525 2382 646 2422 Med.
669 2389 770 2423 tert.
800 2384 909 2422 Exc.
943 2383 1127 2422 Lucens.
1157 2385 1355 2422 sem—22
1383 2386 1469 2421 erat
1501 2382 1610 2420 Exc.
1634 2381 1811 2420 Gevart.
1850 2378 2000 2429 quivos

171 2432 254 2472 (luo
274 2434 395 2474 Vatt.
426 2437 545 2476 Rott.
579 2436 715 2476 Oisel.
760 2436 853 2486 quid
870 2436 989 2476 Med.
1011 2447 1097 2475 sec.
1116 2448 1171 2474 m.
1204 2448 1270 2486 pr.
1297 2435 1398 2474 Pat.
1444 2447 1518 2474 non
1544 2446 1611 2472 vos
1629 2433 1714 2472 duo
1733 2433 1855 2471 Vatt.
1881 2430 2000 2470 Med.

167 2492 310 2537 quart.
357 2500 426 2526 nos
460 2488 566 2529 Put.
604 2490 727 2530 Leid.
766 2502 831 2540 pr.
871 2489 1015 2529 Oxou.
1051 2501 1137 2529 sec.
1177 2489 1285 2528 Exc.
1306 2487 1484 2527 Gevart.
1522 2486 1590 2525 ed.
1617 2486 1760 2525 Vicet.
1781 2485 1885 2523 Var.
1912 2484 1999 2523 LL.

171 2551 195 2576 e
216 2551 349 2591 marg.
370 2540 515 2581 Parm.
536 2547 581 2581 et
601 2543 671 2582 ed.
690 2543 824 2582 Antv.
855 2542 1007 2581 valebat
1027 2542 1144 2581 Leid.
1160 2553 1247 2581 sec.
1269 2553 1325 2580 m.
1345 2552 1410 2590 pr.
1431 2540 1540 2578 Exc.
1560 2539 1846 2578 Gevart.-23
1874 2537 2001 2582 diluat

170 2592 270 2632 Vat.
289 2593 424 2644 quint.
468 2594 589 2633 diluit
617 2596 704 2634 inc.
728 2596 879 2634 Heius.
927 2597 1100 2634 destruet
1119 2594 1246 2632 Farn.
1287 2594 1414 2632 deluet
1449 2592 1554 2631 Var.
1573 2593 1658 2631 LL.
1689 2591 1757 2630 ed.
1791 2590 1922 2630 Antv.
1956 2590 1999 2627 in

171 2645 290 2686 Leid.
310 2657 397 2686 sec.
427 2647 566 2697 glossa
585 2659 763 2699 sequens
783 2654 892 2699 erat,
919 2648 930 2669 ‘
951 2648 1032 2687 hoc
1053 2653 1237 2686 sumtum
1259 2652 1326 2686 est
1345 2646 1399 2686 de
1426 2645 1535 2685 libro
1550 2645 1681 2685 Statii
1709 2641 2002 2684 Achilleidos!

982 2788 1160 2829 NOTAE

172 2887 218 2923 ta
248 2881 366 2934 prius
387 2882 612 2933 tentanda,
638 2883 714 2923 sed
741 2882 1053 2923 immedicabile

172 2945 326 2984 vulnus
344 2946 458 2985 Ense
487 2946 763 2986 recidendum
783 2953 865 2998 est,
882 2958 936 2985 ne
956 2957 1053 2998 pars

175 3008 339 3048 sincera
358 3008 584 3049 trahatur!

228 3074 277 3110 15
301 3073 365 3111 Ne
382 3073 534 3123 noceat]
556 3072 643 3113 Alii
657 3074 809 3124 legunt
823 3073 948 3123 coe'at,
967 3073 995 3114 i.
1015 3085 1053 3113 e.

172 3145 226 3174 ne
240 3133 420 3174 cicatrix
431 3147 512 3175 non
527 3135 637 3176 bene
658 3137 1055 3187 sanatacoeatffier-

101 3228 108 3234 .
174 3204 332 3250 vetque
360 3198 474 3239 intus
500 3201 786 3251 putredinem,
825 3213 920 3253 quae
956 3213 1055 3241 mox

175 3273 271 3301 cum
292 3263 483 3312 pernicie
499 3264 731 3304 laborantis
750 3270 962 3317 erumpat.

229 3328 284 3364 20
310 3327 473 3378 Aulam]
500 3328 735 3379 Imperium
755 3329 966 3369 Orientis.

232 3389 284 3425 21
317 3387 574 3442 Vindictaque
608 3392 762 3444 mundi]
803 3392 1054 3446 Eutropius,

1123 2882 1177 2922 de
1196 2893 1279 2934 quo
1298 2884 1414 2920 totus
1432 2879 1563 2920 Orbis
1581 2878 1815 2919 vindictam
1832 2889 1999 2918 sumere

1122 2946 1320 2987 deberet.

1175 3012 1227 3048 23
1261 3006 1456 3058 Oceanus]
1485 3007 1525 3047 Ο
1548 3005 1695 3058 populi
1731 3004 1940 3054 Orientis,
1967 3003 2002 3043 si

1124 3077 1259 3113 totam
1294 3072 1420 3110 maris
1457 3083 1608 3123 aquam
1648 3068 1884 3118 insumatis,
1916 3078 2000 3106 non

1123 3134 1321 3187 poteritis
1358 3134 1501 3173 eluere
1538 3133 1759 3181 maculam,
1795 3141 1919 3182 quam
1956 3128 2000 3167 in

1122 3192 1310 3239 creando
1329 3198 1405 3237 tali
1426 3198 1612 3238 Consule
1628 3194 1889 3247 suscepistis.
1918 3192 2002 3231 Eu-

1121 3262 1287 3315 ripides
1306 3262 1361 3302 de
1377 3261 1574 3314 Oceano,
1591 3257 1729 3311 κλύζει
1741 3256 1871 3298 mirra
1887 3252 2002 3304 κακὰ,

1121 3328 1219 3367 eluit
1236 3325 1364 3367 omnia
1380 3326 1496 3366 naal«.
