2300 3906
594 205 657 245 ΙΝ
701 206 743 246 1.
787 207 961 247 coNs.
999 207 1270 247 S'rlmcH.
1311 209 1427 247 Lm.
1469 211 1534 248 11.
1852 205 1965 259 652

146 321 258 373 Vel
283 322 540 390 Scythico
564 322 744 374 victor
779 322 993 374 rediens
1017 322 1293 377 Gradivus
1312 326 1383 376 ab
1410 338 1536 389 axe,

143 405 415 473 Deposito
440 406 586 456 mitis
610 405 826 473 clype0‚
864 407 1226 460 candentibus
1255 407 1461 461 Urbem

145 487 449 555 Ingreditur
472 488 747 540 trabeatus
766 490 951 556 equis:
992 491 1243 558 spatiosa
1268 491 1541 555 Quirinus
1852 494 1958 548 870

144 570 342 623 Fraena
365 572 517 638 regit,
545 586 871 640 currumque
889 575 1061 640 patris
1088 573 1337 637 Bellona,
1364 581 1642 628 cruentam

140 653 368 705 Ditibus
394 655 613 706 exuviis
639 656 864 708 tendens
890 655 962 708 ad
989 657 1171 709 sidera
1194 673 1475 724 quercum,

138 735 439 789 Praecedit:
476 738 747 806 lictorque
776 739 962 791 Metus
987 756 1112 792 cum
1132 740 1298 793 fratre
1323 740 1540 795 Pavore

138 819 384 872 Barbara
407 820 924 874 ferratisinnectunt
950 823 1097 875 colla
1121 826 1351 888 catenis,

133 901 324 955 Velati
348 905 534 971 galeas
559 906 749 959 lauro:
788 909 1132 976 propiusque
1151 908 1371 976 jugales
1848 912 1958 967 375

135 1059 333 1121 potamio,
351 1062 413 1099 vel
443 1073 494 1100 ex
514 1061 667 1114 finibus
693 1064 883 1115 Scythice,
902 1067 998 1105 lenis
1023 1071 1132 1107 scuto
1158 1066 1319 1118 abjecto,
1337 1067 1472 1108 trabea
1488 1067 1662 1108 indutus
1681 1068 1806 1110 intrat
1823 1069 1956 1111 urbem

133 1124 176 1152 m
185 1114 299 1174 *equis
311 1113 422 1152 albis.
446 1115 631 1154 Romulus
644 1119 868 1157 moderatur
876 1118 1041 1158 habenas
1051 1122 1268 1169 immensas,
1281 1125 1319 1160 et
1332 1122 1498 1160 Bellona
1511 1123 1649 1160 ducens
1661 1134 1815 1162 currum
1825 1124 1957 1175 patris

134 1178 212 1214 sui,
228 1168 407 1206 attollens
424 1170 475 1206 ad
491 1172 598 1207 astra
617 1169 781 1208 hastam
802 1184 851 1209 ex
869 1184 1021 1221 quercu,
1039 1174 1371 1223 sanguinolentam
1387 1174 1520 1224 spoliis
1538 1175 1800 1225 locupletibus,
1814 1177 1954 1226 proeit:

133 1223 172 1258 et
191 1220 324 1259 Metus
356 1221 470 1260 lictor
487 1234 574 1261 cam
592 1221 728 1268 fratre
747 1223 900 1262 Pavore
918 1225 1119 1276 implicant
1150 1227 1247 1265 colla
1272 1226 1367 1273 fera
1399 1238 1602 1278 equorum
1634 1227 1773 1266 vinclis
1790 1227 1954 1278 fem-eie,

132 1272 257 1313 ambo
287 1273 492 1314 habentes
528 1274 716 1315 cassidem
750 1288 868 1316 suam
889 1282 1031 1317 tectam
1064 1280 1197 1320 lauro.-
1227 1284 1266 1319 et
1305 1279 1487 1319 Formido
1514 1291 1632 1331 prope
1663 1292 1775 1331 equos
1803 1285 1956 1321 armata

897 1407 1190 1422 eeeeeeeeeeee

129 1497 213 1526 sec.
241 1487 368 1526 tenuit
388 1487 471 1528 inc.
488 1487 636 1528 Heius.
654 1487 799 1528 Ambr.
821 1500 908 1528 sec.
939 1490 1087 1529 Austro
1107 1491 1255 1530 Ambr.
1275 1503 1359 1531 sec.
1380 1491 1462 1532 inc.
1480 1491 1765 1531 Heius—368
1792 1490 1954 1544 Scythia

126 1541 228 1580 Var.
249 1540 332 1579 LL.
353 1539 421 1579 ed.
443 1539 575 1580 Antv.
615 1544 747 1581 ridens
787 1543 905 1581 Leid.
928 1555 1011 1582 sec.
1053 1544 1204 1590 rediens
1222 1544 1346 1583 victor
1364 1545 1463 1583 Vat.
1486 1546 1758 1596 quint.—369
1781 1548 1954 1595 gauden-

130 1592 233 1632 tibus
247 1594 350 1632 Var.
371 1594 453 1632 LL.
474 1595 540 1633 ed.
561 1593 691 1634 Antv.
734 1595 862 1634 orbem
879 1595 997 1635 Leid.
1019 1608 1083 1646 pr.
1099 1602 1143 1635 et
1164 1608 1245 1637 sec.
1266 1610 1321 1636 m.
1344 1610 1408 1648 pr.
1428 1599 1530 1637 Vat.
1552 1604 1650 1637 tert.
1674 1611 1728 1636 m.
1751 1610 1813 1649 pr.
1834 1598 1952 1639 Med.

131 1653 232 1686 tert.
254 1646 339 1685 inc.
362 1646 513 1686 Heius.
533 1648 656 1686 Voss.
675 1653 719 1687 et
749 1649 854 1687 Low
888 1661 944 1688 m.
979 1660 1043 1698 pr.
1078 1649 1232 1688 Petav.
1254 1662 1339 1690 sec.
1360 1650 1509 1688 Ambr.
1531 1655 1753 1690 sem—370
1779 1651 1954 1701 spatiata

128 1699 250 1739 Med.
266 1702 501 1738 tera—3⁷1
530 1704 729 1739 cruentum
759 1701 873 1741 Prie.
906 1703 1006 1740 [ιον.
1025 1702 1144 1740 Voss.
1167 1703 1327 1742 Moret.
1345 1715 1434 1742 sec.
1454 1704 1536 1742 inc.
1559 1704 1707 1744 Heius.
1727 1703 1811 1742 duo
1831 1703 1950 1743 Med.

127 1751 229 1792 Ald.
249 1753 356 1792 Exc.
374 1752 553 1792 Gevart.
569 1760 614 1793 et
633 1754 816 1793 Lucens.
837 1766 924 1793 sec.
972 1759 1146 1794 cruentat
1166 1756 1260 1795 Vat.
1276 1768 1340 1807 pr.
1360 1761 1404 1794 et
1424 1762 1525 1796 tert.
1556 1757 1649 1796 Pal.
1671 1758 1791 1795 Rott.
1812 1756 1950 1797 Oisel.

126 1805 212 1844 duo
234 1805 353 1844 Med.
375 1806 566 1845 Florent.
587 1806 753 1846 Thuan.
771 1807 867 1846 Vat.
887 1807 1024 1846 Livin.
1046 1809 1111 1847 ed.
1128 1808 1268 1847 Parm.
1288 1817 1334 1847 et
1348 1809 1486 1848 Vicet.
1514 1813 1713 1848 cruentum
1731 1809 1799 1847 vel
1812 1821 1949 1849 cruen-

124 1861 187 1897 tat
202 1858 310 1908 Reg.
327 1858 470 1898 Oxon.
485 1862 688 1908 pr.-—-372
709 1859 869 1898 essuviis
884 1861 981 1899 Vat.
999 1872 1082 1899 sec.
1111 1862 1248 1900 tollens
1261 1863 1360 1900 Vat.
1378 1874 1463 1900 sec.
1494 1864 1714 1900 tendentem
1727 1861 1951 1903 ed.Vicet.

71 1914 75 1917 '
125 1911 284 1950 tendens
305 1911 456 1961 viginti
477 1913 560 1950 dno
580 1911 716 1951 codd.
738 1911 835 1951 Ald.
858 1913 962 1951 Exc.
985 1913 1163 1951 Gevart.
1195 1915 1377 1953 Lucens.
1398 1927 1460 1964 pr.
1482 1920 1527 1953 et
1544 1915 1647 1952 Var.
1670 1915 1754 1953 LL.
1772 1926 1796 1952 e
1815 1925 1949 1966 marg.

125 1964 404 2004 Para—373
436 1964 592 2003 Pudore
620 1965 703 2002 dno
734 1965 882 2004 Leidd.
903 1972 947 2003 et
969 1965 1166 2004 undecim
1198 1967 1285 2015 alii,
1309 1967 1411 2005 item
1445 1968 1550 2005 Exc.
1572 1966 1752 2005 Gevart.
1798 1966 1953 2007 Pavore

125 2017 236 2069 Reg.
248 2016 409 2058 Thuan.
424 2017 583 2057 Mazar.
597 2017 680 2056 duo
695 2017 852 2056 Petav.
869 2019 973 2057 Lov.
995 2020 1033 2055 in
1051 2031 1134 2068 quo
1155 2020 1242 2057 haec
1260 2020 1423 2069 scripta
1442 2025 1582 2058 erant.
1600 2023 1611 2040 ‘
1632 2019 1798 2057 Pavore.
1813 2023 1949 2059 recte.

123 2082 253 2121 supra
271 2070 297 2109 l.
317 2081 346 2109 1.
369 2070 410 2109 in
426 2070 566 2110 Rufin.
586 2073 679 2110 343.
702 2071 875 2109 Homer.
896 2071 949 2109 ΙΙ.
970 2075 1016 2109 0.
1035 2083 1094 2109 vs.
1111 2074 1201 2110 119.
1223 2071 1398 2110 Hesiod.
1415 2072 1533 2110 Scut.
1557 2071 1687 2110 Herc.
1707 2083 1768 2110 VS.
1787 2071 1953 2110 46³?-

123 2126 203 2163 374
221 2122 418 2171 fraternis
445 2124 547 2165 Jun.
585 2136 648 2174 pr.
670 2123 847 2172 frenatis
883 2125 993 2163 Prie.
1029 2124 1226 2163 innectant
1260 2125 1379 2163 Rott.
1399 2125 1592 2163 Florent.
1623 2124 1809 2172 injectant
1827 2123 1950 2165 Med.

123 2188 209 2217 sec.
228 2178 329 2217 Vat.
351 2182 450 2217 tert.
469 2178 594 2216 vincla
614 2178 714 2218 Lov.
747 2180 862 2227 terga
891 2176 974 2215 dno
992 2177 1111 2217 Vatt.
1133 2178 1259 2216 Farn.
1293 2177 1411 2216 Med.
1443 2185 1582 2229 quart.
1604 2176 1689 2216 inc.
1714 2176 1861 2215 Heius.
1881 2176 1952 2218 ed.

122 2229 265 2270 Vicet-
297 2232 396 2270 colla
424 2230 545 2270 Leid.
575 2242 641 2281 pr.
679 2230 823 2270 Oxou.
854 2242 919 2281 pr.
940 2231 1041 2269 Vat.
1075 2242 1142 2280 pr.
1172 2231 1265 2271 Pal.
1297 2231 1485 2270 Florent.
1518 2230 1683 2269 Mazar.
1714 2234 1803 2270 vet.
1839 2229 1949 2281 Gyr.

122 2283 225 2323 Vat.
247 2283 387 2325 Livin.
416 2284 501 2323 duo
522 2283 669 2323 Ambr.
690 2289 775 2323 tres
793 2283 942 2323 Medd.
963 2284 1068 2323 Exc.
1087 2284 1268 2322 Lucem.
1289 2296 1372 2323 sec.
1391 2284 1486 2322 colla
1507 2284 1573 2321 vel
1602 2287 1716 2333 terga
1734 2283 1834 2322 Vat.
1863 2294 1951 2324 sec.

123 2336 277 2377 Petav.
299 2340 535 2378 tera—3⁷5
564 2349 659 2376 auro
678 2337 779 2376 Vat.
807 2337 942 2389 quint.
972 2337 1080 2376 Exc.
1101 2336 1208 2376 Cod.
1243 2337 1392 2376 Rhem.
1425 2336 1650 2386 pinctusque
1685 2334 1805 2374 Med.
1844 2339 1947 2375 tert.

953 2461 1128 2502 NOTAE

174 2568 254 2604 370
285 2562 493 2613 Quirinus]
541 2563 760 2609 Romulus,
780 2561 921 2600 dictus
954 2561 998 2598 in
1065 2559 1144 2599 bus
1180 2558 1403 2598 intestinas
1451 2557 1612 2605 clades,
1660 2554 1946 2607 ardoremque

122 2629 238 2668 Coelo
260 2628 482 2676 Quirinus,
501 2625 615 2665 filius
633 2625 788 2665 Martis
808 2636 862 2663 ex
882 2624 1000 2662 Rhea
1065 2622 1341 2662 conserendae
1361 2622 1508 2660 manus
1528 2632 1551 2658 a
1571 2618 1689 2658 civili
1717 2630 1870 2659 cruore
1890 2619 1946 2660 nd

120 2691 292 2742 Sylvia:
323 2690 397 2730 sed
432 2696 475 2730 et
508 2689 661 2730 Martis
699 2687 835 2728 aedem
862 2688 873 2708 ‘
897 2685 999 2727 Qui.
1065 2685 1236 2725 hostiles
1255 2696 1416 2736 pugnas
1447 2678 1695 2732 avocarent,
1722 2686 1856 2733 utque
1876 2682 1948 2722 do·

119 2752 203 2792 rini
221 2751 652 2804 cognomento‚quasi
673 2750 810 2789 sedati
829 2754 873 2788 et
886 2753 999 2788 tran·
1065 2751 1121 2789 mi
1154 2750 1247 2802 jugi
1286 2749 1514 2789 concordia
1550 2749 1695 2801 quiete
1738 2747 1949 2799 viverent,

121 2815 257 2867 quilli,
283 2816 395 2855 intra
414 2815 666 2866 pomoerium
700 2811 845 2862 fuisse,
876 2810 999 2850 multi
1066 2812 1160 2851 illos
1181 2812 1314 2851 veluti
1346 2810 1535 2850 fomenta
1568 2809 1807 2862 praeliorum
1827 2808 1945 2850 intra

120 2879 430 2918 meminerunt.’
494 2877 744 2928 Alexander
782 2875 835 2914 ab
870 2874 998 2914 Alex.
1066 2876 1210 2914 urbem
1232 2886 1324 2914 esse
1344 2873 1547 2913 noluere:
1595 2871 1721 2911 Alex.
1743 2871 1796 2910 ab
1814 2870 1943 2911 Alex.

121 2955 170 2985 11.
187 2948 229 2986 4.
1064 2949 1117 2977 11.
1137 2941 1177 2976 4.

171 3011 250 3048 371
281 3009 463 3060 Bellona]
490 3006 734 3059 Aliquando
763 3016 892 3054 soror,
922 3004 995 3044 ali·
1115 3003 1194 3040 372
1240 2998 1452 3049 Quercum]
1507 2998 1690 3038 Hastam
1729 3004 1944 3046 magnam,

120 3072 289 3123 quando
309 3071 395 3111 filia
427 3070 584 3110 Martis
605 3070 777 3117 dicitur,
803 3069 930 3107 immo
950 3073 996 3107 et
1062 3074 1241 3114 quercus
1261 3062 1409 3101 instar·

121 3139 271 3187 mater,
290 3136 357 3174 vel
377 3135 552 3185 auriga:
583 3133 688 3172 adeo
711 3132 827 3170 inter
846 3143 890 3170 se
911 3131 994 3170 dis·
1114 3133 1192 3168 373
1224 3129 1358 3168 Metus
1389 3139 1475 3167 cum
1501 3125 1637 3174 fratre
1675 3122 1846 3174 Pavore]
1878 3121 1940 3162 Hi

117 3205 341 3238 senserunt
354 3198 610 3238 Fabularum
626 3195 879 3247 scriptores:
898 3194 992 3233 ‘AE-
1058 3192 1235 3232 lictores
1267 3191 1438 3239 Martis,
1455 3190 1546 3228 aliis
1573 3194 1673 3227 sunt
1700 3185 1826 3239 equi:
1855 3184 1939 3223 Va-

120 3257 217 3297 dem
235 3259 426 3300 Bellonae
445 3265 490 3299 et
521 3258 676 3298 Martis
706 3262 830 3296 extra
858 3257 993 3308 Cape·
1059 3256 1184 3294 lerius
1204 3255 1400 3303 Flaccus,
1419 3254 1431 3275 ‘
1450 3253 1694 3302 Terrorque
1713 3249 1941 3297 Pavorque

118 3331 232 3370 nam,
262 3328 413 3372 quarto
437 3323 494 3363 ab
532 3321 636 3361 urbe
669 3320 880 3371 milliario,
895 3332 994 3359 con·
1058 3317 1215 3358 Martis
1234 3313 1364 3370 equi!

121 3386 328 3422 structam
358 3384 517 3434 ferunt,
534 3389 583 3423 ut
612 3395 638 3423 a
663 3381 820 3423 civium
839 3381 992 3422 menti-
