2300 3906
711 236 791 275 nn
831 235 1029 274 nunno
1068 234 1292 274 Gnrrco
1335 235 1456 274 mn.
1883 224 1989 276 771

176 348 287 400 Sed
304 349 488 417 justos
513 349 766 414 praebent
789 350 1038 401 stimulos
1062 353 1412 401 monumenta
1437 346 1661 401 doloriS.
1878 340 1986 400 615

175 431 454 484 Asseritur
477 431 626 492 ferro·
644 432 921 498 captivum
943 434 1156 499 vulguS,
1181 440 1235 485 et
1261 449 1461 484 omnes·

178 515 426 567 Diversae
454 515 609 565 vocis
634 516 847 582 populi,
875 533 1016 582 quos
1042 520 1284 567 traxerat
1307 516 1480 567 hostis

174 598 428 659 Servitia,
455 598 671 649 tandem
697 599 1030 652 dominorum
1055 604 1235 665 strage
1260 600 1491 665 recepti,

175 680 391 733 Blanda
416 683 713 733 cruentatis
738 684 962 749 affigunt
986 684 1182 735 oscula
1207 682 1439 744 dextriS,

174 764 548 831 Desertosque
574 765 741 818 Lares
767 774 824 818 et
848 769 1079 835 pignora
1100 768 1235 818 laeta
1257 768 1521 818 revisunt.
1878 761 1986 814 620

175 846 409 899 Miratur
433 864 536 898 sua
560 866 830 918 quemque
856 851 1069 914 domus,
1095 851 1387 917 cladesque
1411 851 1687 900 renarrant

175 930 401 994 Ordine,
430 937 540 983 tum
567 935 703 997 grati
728 935 962 987 referunt
983 935 1248 987 miracula
1272 933 1425 985 belli.

177 1015 324 1079 Quis
349 1016 447 1067 tibi
473 1032 636 1077 nune,
659 1015 896 1080 Alarice,
923 1019 1091 1081 dolor,
1120 1035 1242 1070 cum
1265 1016 1443 1068 Marte
1470 1017 1705 1084 perirent

177 1097 426 1160 Divitiae,
456 1099 761 1166 spoliisque
789 1100 883 1150 diu
907 1102 1148 1168 quaesita
1171 1100 1441 1168 supellex,
1589 1164 1593 1165 ⁷

174 1179 531 1249 Pulsaretque
555 1187 680 1235 tuas
701 1184 945 1236 ululatus
970 1185 1221 1252 conjugis
1242 1185 1441 1236 aures?
1884 1180 1991 1233 625

168 1311 305 1361 proedu
315 1309 479 1359 funesta
496 1313 672 1351 retardat
687 1312 794 1363 illos,
807 1316 872 1353 sed
888 1315 979 1355 haec
998 1316 1208 1366 specimina
1226 1315 1450 1367 afflictionis
1465 1315 1558 1353 dant
1579 1313 1727 1353 aculeos
1742 1324 1883 1362 aequos.
1914 1311 1994 1349 Po·

168 1364 284 1414 putus
300 1371 399 1404 ante
428 1369 563 1415 captus
591 1365 777 1406 liberatur
795 1368 929 1418 armis,
960 1372 998 1407 et
1013 1381 1140 1407 omnes
1154 1373 1292 1418 gentes
1312 1369 1434 1407 variae
1462 1367 1622 1416 lingue,
1654 1378 1749 1416 quas
1776 1365 1896 1403 hostis
1925 1363 1991 1401 ab·

170 1418 335 1455 duxerat
355 1418 396 1455 in
414 1418 658 1468 servitutem,
674 1421 858 1458 redemtoe
876 1423 1032 1460 tandem
1050 1423 1157 1461 clade
1169 1422 1408 1461 dominorum
1427 1431 1613 1468 snorum,
1640 1418 1870 1467 imprimunt
1888 1427 1993 1454 oscu-

171 1470 209 1508 la
224 1471 350 1509 dulcia
366 1471 540 1509 manibus
556 1473 782 1519 sanguineis
798 1485 839 1512 se
857 1474 1122 1522 liberantibus,
1150 1488 1196 1514 uc
1226 1478 1406 1525 repetunt
1427 1474 1558 1511 domos
1588 1483 1682 1510 suas
1715 1470 1933 1515 derelictas,
1952 1472 1992 1506 et

170 1523 310 1562 liberos
326 1535 424 1561 suos
438 1526 666 1572 gaudentes.
722 1525 807 1564 Sua
824 1525 985 1573 familia
1004 1528 1165 1578 suspicit
1184 1538 1510 1576 unumquemque,·
1537 1529 1575 1563 et
1592 1529 1684 1563 tunc
1712 1523 1772 1561 illi
1798 1525 1992 1560 recensent

169 1576 308 1614 seriem
325 1576 489 1625 stragis,
515 1580 555 1614 et
582 1581 796 1616 memorant
810 1580 993 1628 prodigia
1019 1580 1108 1618 belli
1128 1580 1305 1628 jucundi.
1365 1579 1467 1622 Quis
1483 1578 1557 1616 tibi
1575 1582 1666 1616 tunc
1685 1587 1822 1614 moeror
1841 1574 1938 1621 fuit,
1966 1586 1991 1612 o

172 1628 345 1680 Alarice,
362 1641 447 1668 cum
461 1641 548 1679 opes
568 1634 653 1668 tuae
684 1630 778 1669 bello
809 1631 1113 1683 absumerentur,
1142 1638 1180 1671 et
1205 1633 1377 1683 supellex
1396 1638 1470 1670 tua
1484 1634 1601 1682 parta
1621 1634 1684 1669 tot
1704 1627 1871 1678 exuviis,
1886 1630 1923 1667 et
1941 1627 1994 1664 la·

946 1722 1065 1737 “⁴6“
1069 1721 1188 1737 ‘N‘O
1192 1722 1212 1736 θ
1216 1722 1238 1737 θ

172 1761 292 1801 Med.
313 1773 397 1802 sec.
417 1761 571 1810 furoris
602 1775 678 1814 pro
698 1764 840 1802 doloris
866 1764 966 1804 Vat.
1001 1776 1086 1804 sec.
1114 1765 1238 1803 dolori
1267 1764 1569 1803 Tholos.—616
1597 1764 1733 1801 vulnus
1761 1761 1901 1800 Oxou.
1924 1771 1990 1810 pr.

172 1814 292 1853 Leid.
313 1827 400 1854 sec.
421 1816 540 1855 Med.
562 1827 646 1855 sec.
666 1818 834 1856 Tholos.
868 1817 950 1858 inc.
979 1817 1131 1856 Heins0
1160 1819 1261 1857 Lov.
1293 1818 1394 1856 Var.
1416 1817 1500 1856 LL.
1516 1816 1583 1855 ed.
1605 1814 1737 1854 Antv.
1768 1815 1904 1852 vulnus
1924 1812 1992 1851 vel

172 1868 309 1916 vulgus
326 1869 434 1918 Reg.
462 1880 594 1907 amens
614 1881 689 1919 pro
707 1882 835 1908 omnes
862 1871 963 1910 Vat.
999 1882 1063 1921 ρι’.
1094 1871 1348 1910 Fara—617
1377 1882 1484 1908 voces
1512 1870 1613 1907 Put.
1637 1868 1804 1906 Tholos.
1832 1866 1992 1905 Moret.

173 1931 239 1970 pr.
256 1919 397 1959 Oxon.
423 1933 486 1970 pr.
517 1933 622 1959 voces
645 1923 797 1972 populis
819 1921 917 1962 Ald.
944 1923 1105 1974 propria
1126 1935 1200 1974 pro
1217 1924 1350 1973 populi
1370 1922 1520 1961 Ambr.
1540 1924 1778 1960 tert.--618
1808 1919 1994 1958 Scrutato

173 1973 330 2013 tandem
350 1973 490 2012 Oxon.
512 1985 575 2023 pr.
603 1976 748 2024 recepti
766 1975 868 2015 Jun.
890 1988 952 2026 pr.
969 1976 1110 2016 Oxou.
1131 1988 1216 2016 sec.
1244 1976 1406 2015 redemti
1427 1976 1614 2013 aL-ow
1647 1974 1796 2021 Magna
1816 1972 1911 2010 Pal.
1932 1969 1995 2018 as-

160 2025 331 2077 flt'gunt.
351 2027 475 2065 Farn.
509 2027 650 2066 Oxon.
684 2039 746 2077 pr.
774 2029 951 2080 affigunt.
986 2029 1088 2070 Jun.
1110 2041 1177 2079 pr.
1204 2029 1328 2067 Voss.
1350 2027 1468 2066 Leid.
1489 2029 1707 2065 see—620
1740 2025 1995 2072 Misertosque

172 2079 301 2119 Farn.
330 2080 585 2130 Deserto-sque
618 2080 690 2118 vel.
717 2082 979 2131 Desuetosque
1003 2082 1104 2120 Exe.
1124 2081 1382 2120 [επὶ-621
1415 2079 1618 2118 Mirantur
1648 2077 1714 2117 ed.
1735 2077 1878 2115 Parm.
1910 2075 1993 2113 Mi-

171 2135 286 2171 ratur
304 2133 405 2172 Var.
424 2133 508 2172 LL.
529 2145 552 2172 e
572 2145 701 2183 marg.
719 2133 862 2173 Parni.
890 2146 1047 2184 quaeque
1066 2133 1172 2184 Reg.
1202 2136 1384 2172 renarrat
1406 2133 1494 2172 Pal.
1515 2130 1635 2170 Med.
1653 2133 1874 2169 see-022
1903 2131 1994 2166 tunc

169 2185 284 2234 grati
302 2185 463 2225 Mazar.
492 2190 584 2225 tunc
602 2190 722 2235 grata
741 2186 860 2224 Med.
883 2194 1021 2237 quart.
1051 2191 1132 2229 tum
1150 2186 1260 2235 grati
1281 2186 1403 2225 Leid.
1422 2197 1487 2235 pr.
1508 2184 1650 2223 Oxou.
1669 2195 1753 2222 sec.
1767 2183 1850 2220 duo
1870 2182 1994 2220 Vatt.

173 2237 295 2277 Med.
327 2250 392 2288 pr.
426 2243 514 2278 vet.
550 2239 656 2290 Gyr.
676 2239 843 2278 Thuan.
873 2238 1020 2279 Ambr.
1047 2251 1134 2278 sec.
1157 2241 1261 2279 Exc.
1290 2240 1472 2278 Lucens.
1491 2249 1576 2276 see.
1597 2235 1747 2275 Sched.
1768 2235 1879 2274 Gud.
1907 2246 1994 2272 cum

169 2292 281 2340 gurti
299 2290 417 2330 Med.
438 2304 523 2332 sec.
550 2293 730 2341 congrati
746 2292 866 2332 Leid.
884 2305 970 2331 sec.
993 2293 1181 2332 Florent.
1199 2293 1282 2332 inc.
1309 2292 1458 2330 Heius.
1489 2291 1590 2329 Put.
1620 2290 1767 2327 Petav.
1788 2299 1877 2325 sec.
1905 2299 1995 2334 cog·-

174 2344 260 2383 nati
277 2343 377 2384 vat.
398 2357 464 2395 pr.
500 2346 626 2384 Farn.
645 2345 843 2394 congressi
863 2346 982 2383 Rott.
1021 2345 1127 2394 Reg.
1162 2345 1305 2384 Oxon.
1338 2356 1402 2394 pr.
1431 2355 1514 2381 cum
1532 2342 1642 2391 grati
1676 2341 1873 2379 undecim
1905 2339 1994 2385 alii,

174 2397 280 2436 Exc.
300 2397 477 2436 Gevart.
504 2403 550 2436 et
565 2399 666 2436 Var.
691 2397 777 2436 LL.
799 2397 865 2436 ed.
887 2397 1017 2436 Antv.
1049 2397 1227 2445 congrati
1245 2397 1312 2436 vel
1330 2396 1507 2444 cognatis
1525 2394 1659 2432 Oisel.
1689 2397 1771 2430 tum
1794 2392 1904 2441 grati
1926 2392 1993 2429 vel

172 2449 349 2498 cognatis
370 2451 474 2489 Exc.
493 2451 616 2489 Laeti.
645 2450 834 2489 miracula
864 2451 936 2488 leti
968 2451 1061 2488 vat.
1091 2452 1368 2500 quart.—-—623
1398 2460 1498 2485 nunc
1519 2447 1660 2485 Oxou.
1681 2457 1766 2483 sec.
1798 2449 1888 2481 tnnc
1910 2448 1993 2482 vet.

175 2501 282 2552 Gyr.
303 2513 398 2549 cum
420 2502 566 2551 viginti
587 2503 771 2553 quinque
792 2502 898 2552 aliis,
918 2503 1023 2541 Exc.
1043 2502 1223 2541 Gevart.
1243 2501 1352 2540 Laeti
1368 2506 1413 2539 et
1426 2501 1604 2539 Lucens.
1625 2509 1689 2547 pr.
1708 2497 1861 2535 selred.
1879 2496 1993 2536 Gud.

172 2555 276 2594 color
292 2553 410 2593 Med.
431 2558 704 2604 quarn-624
732 2556 843 2594 deum
864 2567 938 2605 pro
964 2555 1033 2593 diu
1052 2555 1146 2593 Pal.
1186 2553 1260 2592 tibi
1277 2554 1419 2592 munda
1438 2564 1514 2603 pro
1533 2551 1698 2602 quaesita
1725 2551 1888 2589 Moret.
1905 2559 1993 2587 sec.

174 2611 306 2647 —625
339 2608 590 2657 Pulsavitque
626 2607 719 2647 Pal.
771 2608 889 2647 Med.
919 2620 984 2659 pr.
1049 2607 1233 2656 Conjugis
1274 2607 1356 2645 duo
1403 2606 1526 2645 Vatt.
1563 2604 1679 2643 Prie.
1731 2602 1883 2654 flebilis
1915 2612 1994 2654 pro

177 2767 275 2820 ῐίιιε,
290 2780 365 2807 rex
383 2769 474 2819 ipse
491 2781 544 2808 ex
559 2768 753 2808 manibus
773 2766 952 2819 effugite
982 2767 1051 2807 Ci-
1171 2770 1251 2807 619
1300 2764 1462 2815 Oscula]
1536 2764 1797 2803 Osculantur
1848 2770 1996 2798 manns

177 2842 294 2871 cero.
1118 2830 1370 2880 sanguineas
1420 2828 1701 2867 Romanorum
1741 2836 1786 2863 se
1814 2823 1995 2862 liberan-

227 2897 304 2932 616
334 2895 469 2933 Justos
485 2893 678 2944 stimulos]
701 2892 771 2933 Ad
791 2892 1052 2944 supplicium
1122 2894 1241 2932 tium.
1964 2885 1970 2889 ⁴

177 2955 231 2996 de
251 2957 468 2996 sceleratis
488 2958 753 2996 sumendum.
1173 2958 1249 2995 621
1283 2953 1478 3003 Miratur]
1506 2951 1732 2994 Quomodo
1764 2948 1856 3001 quis
1889 2945 1997 2986 libe·-

252 3020 503 3059 Monumenta
548 3020 710 3070 doloris]
773 3019 861 3058 Tot
916 3017 1053 3068 spolia
1121 3019 1204 3058 rari
1227 3017 1413 3069 potuerit
1449 3029 1500 3056 ex
1517 3027 1643 3054 manu
1663 3014 1844 3053 hostium
1866 3014 1997 3050 teter-

176 3087 301 3122 erant
327 3088 601 3121 monumenta
624 3080 782 3119 doloris
803 3080 1053 3119 Graecarum
1122 3082 1334 3120 rimorum.
1964 3073 1966 3075 ’

177 3145 360 3194 urbium,
380 3158 475 3197 quae
495 3146 689 3195 spoliatae
706 3143 892 3183 fuerant.
1173 3147 1252 3183 622
1284 3142 1478 3181 Miracula
1497 3139 1604 3189 belli]
1651 3137 1856 3187 Prodigia
1875 3147 1900 3173 a
1913 3132 1995 3173 Sti-

229 3212 310 3248 616
339 3209 548 3260 Captivum
566 3207 723 3258 vulgus]
755 3207 957 3246 Mulieres
979 3219 1051 3257 ριι-
1119 3209 1289 3247 lichone
1311 3212 1647 3257 patrata,eaque
1665 3198 1922 3240 admiranda.

178 3266 341 3323 eriq'ue,
360 3273 471 3324 quia
492 3273 644 3313 Gothis
663 3272 779 3322 capti
805 3270 976 3310 fuerant
998 3270 1052 3308 ad
1175 3274 1254 3310 624
1281 3268 1428 3321 Spoliis
1461 3260 1645 3319 quaesita]
1702 3265 1835 3303 Parta
1867 3265 1996 3311 atque

176 3332 409 3384 Timavum,
435 3335 509 3375 ubi
531 3335 800 3387 deploratum
816 3333 963 3373 vulnus
984 3344 1053 3372 ac·
1124 3337 1250 3372 aucta
1270 3330 1411 3383 spoliis
1433 3330 1640 3369 victarum
1658 3324 1859 3378 gentium.

180 3398 356 3447 ceptum
371 3400 452 3436 est.
