2300 3906
346 194 456 255 918
867 213 962 252 οι.
1003 207 1358 249 anumAM
1400 207 1645 247 xxxin.

346 329 597 400 Opponit
620 336 816 383 natura
838 327 1007 379 mari:
1047 329 1214 393 caput
1238 325 1367 378 inde
1394 325 1642 396 Pachyni

345 416 586 483 Respuit
610 415 800 466 Ionias
827 413 1110 479 praetentis
1135 412 1371 478 rupibus
1397 413 1537 477 iras;

343 500 495 552 Hinc
522 501 680 549 latrat
707 497 929 549 Gaetula
954 496 1170 559 Thetis,
1199 494 1564 565 Lilybaeaque
1589 497 1783 564 pulsat

334 578 584 635 'Brachia
606 595 966 647 consurgens3
1004 582 1127 632 hinc
1153 580 1446 647 dedignata
1470 580 1639 632 teneri

342 664 600 717 Concutit
624 667 898 733 objectum
926 667 1107 717 rabies
1134 665 1418 733 Tyrrhena
1444 664 1725 718 Pelorum.

341 749 410 801 In
435 750 622 802 medio
646 751 986 818 scopulis-se
1013 750 1242 818 porrigit
1268 749 1438 800 AEtna
1463 750 1702 816 perustis
1725 766 1738 802 ε

340 834 512 886 AEtna
540 834 842 902 Giganteos
866 852 1147 902 nunquam
1173 835 1404 885 tacitura
1428 834 1758 901 triumphOS‚

2068 663 2175 716 150

342 997 465 1037 simul
514 999 759 1038 consociata:
801 998 894 1039 inde
917 999 1224 1051 promontorium
1261 1000 1434 1052 Pachyni
1469 1001 1679 1040 contemnit
1701 1000 1862 1050 furores
1895 999 2002 1040 Ionii
2036 996 2180 1050 maris,

339 1051 448 1089 saxis
480 1052 821 1102 procurrentibus.-
867 1066 918 1092 ex
952 1056 1112 1093 adverso
1147 1066 1255 1093 mare
1303 1054 1492 1106 Libycum
1527 1060 1653 1106 sonat,
1704 1060 1743 1095 et
1787 1056 2046 1095 intumescens
2071 1051 2176 1101 ferit

339 1103 495 1143 brachia
514 1106 709 1157 Lilyboei:
755 1119 807 1145 ex
837 1106 917 1146 alia
932 1112 1049 1159 parte
1083 1107 1205 1156 furor
1224 1106 1415 1147 Hetrusci
1446 1109 1573 1148 maris
1608 1121 1789 1148 recusans
1816 1108 1994 1154 retineri,
2021 1109 2178 1157 quassat

343 1158 522 1197 Pelorum
542 1162 769 1211 oppositum.
828 1161 878 1199 In
914 1161 1041 1201 media
1073 1162 1211 1200 insula
1242 1163 1366 1200 AEtna
1393 1175 1512 1201 mons
1547 1163 1724 1202 extendit
1755 1175 1810 1209 se,
1837 1163 1947 1201 saxis
1977 1160 2175 1206 incensi-33

338 1211 477 1262 AEtna,
496 1225 591 1264 quae
626 1226 819 1264 nunquam
849 1214 980 1254 silebit
998 1214 1185 1254 victorias
1206 1216 1365 1255 relatas
1384 1218 1432 1255 de
1447 1216 1680 1266 gigantibus
1692 1228 1708 1263 ,·
1749 1228 1844 1269 quae
1865 1220 1932 1255 est
1962 1215 2177 1264 sepulcrum

1104 1333 1401 1349 eeeeeeeeeeee

336 1414 477 1454 Oxon.
497 1427 582 1454 sec.
612 1415 721 1454 illam
734 1416 877 1455 sociam
895 1421 1052 1468 ruptam
1071 1421 1103 1457 t.
1120 1418 1286 1457 trisulca
1301 1417 1386 1457 duo
1413 1417 1441 1458 J
1446 1429 1516 1457 un.
1543 1417 1652 1456 illam
1669 1416 1813 1455 sociam
1830 1419 1946 1466 rapta
1964 1418 1996 1453 t.
2014 1412 2176 1453 trisulca

335 1468 522 1508 chartac.
544 1469 694 1508 Heius.
734 1470 837 1508 socia
867 1472 989 1510 Voss.
1026 1483 1090 1520 pr.
1134 1472 1240 1509 sacia
1259 1472 1364 1510 Exc.
1393 1470 1549 1509 Petav.
1584 1473 1723 1520 quart.
1765 1469 1909 1507 sociam
1942 1469 2042 1507 Put.
2062 1468 2171 1518 Reg.

332 1521 475 1560 sociam
493 1526 609 1572 rupta
628 1523 731 1561 Vat.
753 1523 888 1571 quint.
917 1524 1073 1562 PetaV.
1108 1535 1172 1573 pr.
1203 1524 1326 1564 Voss.
1361 1534 1449 1561 sec.
1482 1520 1632 1561 Ambr.
1667 1526 1769 1560 tert.
1801 1520 1907 1560 Cod.
1933 1519 2174 1559 Bartholin.

330 1574 473 1612 sociam
493 1579 608 1623 rapta
627 1575 713 1612 inc.
737 1574 887 1615 Heins.
908 1576 974 1614 ed.
995 1576 1139 1614 Parm-
1159 1581 1203 1614 et
1228 1575 1371 1614 Vicet.
1399 1579 1516 1626 rupta
1534 1576 1602 1614 vel
1619 1579 1735 1626 rapta
1752 1573 1877 1613 Voss.
1898 1585 1983 1612 sec.
2011 1572 2176 1612 trisulca

334 1626 419 1665 duo
439 1627 557 1665 Vatt.
577 1626 683 1666 cod.
705 1627 943 1668 Bartholin.
989 1628 1191 1667 trisulcam
1222 1630 1347 1668 Voss.
1364 1632 1430 1679 pr.
1450 1630 1555 1668 Exc.
1578 1628 1730 1668 Petav.
1759 1633 1898 1679 quart.
1926 1627 2088 1666 trisulca
2107 1625 2175 1665 vel

330 1679 528 1718 trisulcam
548 1681 645 1718 Vat.
665 1680 940 1731 (μήπω-146
972 1682 1162 1733 Opposuit
1183 1682 1285 1722 vat.
1322 1694 1411 1721 sec.
1448 1682 1532 1721 duo
1559 1682 1684 1722 Voss.
1717 1682 1899 1720 Obtinuit
1923 1681 2021 1720 Vat.
2051 1691 2175 1731 pr.—

336 1736 411 1772 147
444 1733 622 1784 Respicit
640 1735 742 1773 Vat.
764 1735 899 1785 quint.
929 1735 1098 1786 Respuit
1115 1737 1234 1775 Voss.
1268 1747 1331 1787 pr.
1367 1736 1469 1777 Jun.
1502 1747 1587 1776 sec.
1621 1734 1774 1775 Ambr.
1805 1740 1907 1774 tert.
1939 1734 2042 1773 Put.
2065 1734 2172 1784 Reg.

332 1787 483 1826 Petav.
518 1800 584 1838 pr.
619 1788 703 1826 inc.
736 1788 890 1828 Heius.
928 1789 1033 1829 Exc.
1067 1789 1220 1829 Petav.
1244 1796 1387 1842 quart.
1405 1791 1509 1830 Var.
1529 1790 1620 1829 LL.
1640 1801 1812 1841 emarg.
1835 1790 1976 1828 Parni.
2007 1788 2176 1838 Respuit

330 1841 399 1879 vel
422 1841 608 1892 Reppulit
628 1842 729 1881 Vat.
748 1847 792 1882 et
812 1843 939 1882 Voss.
959 1855 1043 1883 sec.
1068 1844 1265 1894 protentis
1285 1843 1390 1883 Cod.
1410 1843 1647 1883 Bartholin.
1673 1844 1878 1895 praetentis
1906 1843 1988 1881 inc.
2021 1841 2173 1881 Heius.

330 1894 433 1933 Put.
453 1895 560 1946 Reg.
580 1896 733 1935 Petav.
756 1908 820 1946 pr.
851 1898 1011 1936 Moret.
1047 1909 1112 1948 pr.
1145 1897 1228 1936 duo
1247 1898 1373 1937 Voss.
1398 1898 1503 1937 Exc.
1524 1897 1674 1937 Petav.
1694 1902 1837 1949 quart.
1853 1896 1954 1935 item
1982 1894 2083 1937 Jun.
2105 1906 2173 1946 pr.

326 1949 533 1998 praetentis
552 1948 702 1987 viribus
727 1950 828 1990 Jun.
849 1961 933 1990 sec.
959 1949 1161 1990 Heinsius
1193 1951 1456 2002 ascripserat
1475 1951 1571 1990 Lib.
1593 1963 1625 1990 1.
1646 1950 1688 1989 iu
1720 1949 1821 1990 Ruf.
1839 1963 1899 1989 vs.
1922 1952 2011 1988 124.
2043 1954 2088 1988 et
2118 1948 2172 1988 B.

330 2000 446 2040 Gild.
468 2005 699 2042 315.—-148
732 2003 813 2042 Hic
831 2004 932 2043 Vat.
951 2015 1016 2054 pr.
1042 2006 1176 2055 pulsat
1192 2006 1263 2044 vel
1278 2008 1431 2055 pressat
1444 2005 1571 2044 Voss.
1589 2003 1811 2045 sem—149
1837 2004 2051 2053 dedignata
2067 2001 2174 2043 Cod.

328 2054 566 2096 Bartholin.
608 2056 819 2106 indignata
840 2056 925 2097 duo
943 2058 1167 2098 Vatt.inc.
1193 2058 1346 2098 Heius.
1380 2058 1482 2100 Put.
1516 2058 1628 2110 Reg.
1660 2058 1817 2098 Petav.
1849 2069 1916 2109 pr.
1953 2055 2052 2096 Jun.
2081 2066 2170 2095 sec.

1162 2176 1339 2219 NOTAE

329 2269 415 2311 dio.
477 2268 626 2308 Sicilia
655 2274 799 2309 autem
836 2269 995 2309 dicitur
1032 2270 1213 2310 Trisulca
1270 2270 1363 2310 ’sed
1383 2282 1498 2321 saepe
1520 2270 1695 2322 ponitur
1712 2282 1792 2321 pro
1812 2269 1941 2308 mari:
1982 2269 2173 2322 Gaetula,

327 2332 381 2370 ob
404 2331 486 2371 tria
517 2332 823 2383 promontoria,
850 2344 946 2384 quae
982 2332 1099 2372 velut
1127 2334 1214 2372 tria
1285 2331 1330 2371 id
1350 2337 1431 2383 est,
1458 2332 1623 2384 Libyca
1653 2344 1728 2374 seu
1759 2330 1932 2380 Africa3
1973 2331 2169 2374 Africam

326 2395 525 2434 acumina
543 2400 779 2435 excurrunt
805 2396 847 2434 in
882 2407 998 2435 mare
1030 2396 1212 2448 Ionium,

325 2469 444 2497 mare
466 2458 689 2510 Libycum,
708 2464 752 2498 et
771 2471 887 2498 marc
918 2459 1186 2500 Hetruscnm
1204 2475 1214 2501 2

325 2521 439 2561 unde
477 2521 592 2572 apud
612 2521 866 2562 Strabonem
885 2523 1060 2574 dicitur,
1076 2522 1217 2577 τρίγω-

325 2598 403 2636 νος,
423 2584 466 2623 id
487 2591 567 2633 est,
588 2585 818 2638 triangula,
838 2587 892 2627 ob
914 2591 1001 2627 tres
1022 2589 1216 2641 angulos,

326 2660 399 2688 seu
414 2651 494 2688 tria
511 2651 830 2701 promontoria3
860 2663 1008 2692 versus
1030 2653 1213 2704 lonium,

324 2712 572 2765 Pachynum,
592 2715 734 2765 vulgo,
757 2714 862 2754 Cabo
884 2714 1052 2754 Passaro
1065 2730 1083 2764 ;
1120 2727 1213 2755 ver-

326 2788 397 2815 sus
429 2775 640 2828 Africam,
669 2778 903 2830 Lilyboeum,
941 2780 1070 2831 vulgo
1107 2779 1213 2819 Cabo

325 2839 433 2879 Boe'o
444 2853 460 2887 ;
500 2848 544 2880 et
564 2853 710 2881 versus
731 2841 997 2895 Hetruriam,
1018 2843 1214 2895 Pelorum,

324 2901 466 2954 hodie,
485 2904 590 2943 Fare
606 2905 654 2943 de
674 2904 864 2945 Messine.

380 2968 458 3005 147
487 2967 673 3019 Respuit]
715 2968 805 3008 Alii
838 2969 1005 3020 legunt,
1024 2970 1186 3022 respicit
1196 2983 1213 3017 ,-

325 3028 397 3068 alii
429 3030 622 3079 despit-in
657 3030 702 3069 id
735 3037 818 3082 est,
855 3034 1093 3073 contemnit
1126 3034 1211 3074 iras

324 3091 456 3131 maris
473 3091 581 3131 Ionii
603 3106 612 3131 :
645 3093 759 3144 qnod
774 3094 836 3134 sic
855 3097 1119 3147 appellatum
1141 3103 1207 3138 est

324 3155 381 3196 ab
400 3156 462 3207 Io,
491 3156 639 3197 Inachi
669 3155 772 3204 filia,
798 3170 891 3209 quae
921 3164 1050 3199 oestro
1074 3160 1207 3202 Juno-

322 3218 396 3259 nio
416 3219 600 3271 percita,
620 3219 724 3258 illud
743 3231 862 3259 mare
883 3222 1085 3263 tranavit.

380 3285 458 3323 148
486 3283 632 3322 Latrat
663 3282 823 3323 Goetula
856 3285 1008 3336 Thetis]
1052 3289 1207 3327 Latrat

324 3355 377 3384 ex
395 3345 606 3385 undarum
627 3344 832 3387 conflictu
851 3352 896 3387 et
910 3349 1041 3389 rabie.
1094 3350 1205 3389 The-

326 3408 383 3449 tis
402 3414 469 3451 est
487 3410 691 3463 Nympha
704 3409 847 3463 mariS,
859 3415 1000 3452 mater
1011 3410 1208 3464 Achillis,

1283 2396 1397 2435 enim
1435 2396 1488 2436 ab
1521 2395 1646 2436 initio
1681 2394 1870 2435 habuere
1908 2395 2068 2435 Gaetuli
2094 2409 2173 2448 po·-

1283 2460 1388 2511 puli.
1729 2484 1734 2496 -.
2079 2490 2082 2494 Α

1337 2523 1515 2576 Lilyboea
1557 2523 1736 2575 brachia]
1791 2522 2026 2576 Lilybaeum
2073 2536 2172 2576 pro·

1283 2587 1542 2627 montorium
1573 2586 1765 2627 Africam
1800 2587 1972 2639 aspicit,
1991 2592 2038 2628 et
2054 2586 2168 2630 flexo

1282 2653 1430 2694 littore
1453 2653 1628 2693 brachia
1652 2656 1952 2703 repraesentat.

1336 2720 1415 2756 150
1447 2716 1591 2756 Rabies
1630 2715 1853 2768 Tyrrhena]
1899 2715 1950 2755 Id
1985 2720 2066 2766 est,
2102 2728 2167 2759 ra·

1280 2778 1372 2818 bies
1392 2779 1520 2818 maris
1544 2778 1749 2818 Hetrusci
1765 2769 1792 2828 ;’
1818 2779 2000 2819 sumitur
2026 2783 2167 2819 trans-

1278 2842 1382 2882 latio
1414 2854 1437 2880 a
1473 2841 1664 2892 canibus,
1686 2842 1872 2893 quicum
1905 2842 2163 2892 irascuntur,

1276 2896 1465 2955 latrant;
1506 2916 1600 2945 cum
1622 2904 1738 2945 rabie
1775 2909 2013 2955 tentantur,
2039 2905 2165 2945 sanvi-

1277 2974 1356 3008 unt
1375 2969 1573 3008 maxime.

1333 3036 1411 3072 152
1442 3033 1566 3072 AEtna
1601 3030 1836 3082 Giganteos]
1871 3029 2002 3070 AEtna
2037 3043 2161 3072 mons

1273 3095 1448 3147 insignis
1462 3094 1519 3134 ob
1531 3093 1691 3145 ejectas
1706 3091 1911 3143 flammas,
1926 3107 2166 3148 exesasque

1272 3159 1469 3200 incendio
1503 3169 1644 3208 rupes,
1683 3164 1894 3209 perpetuo
1931 3160 2172 3218 testabitur,

1272 3221 1496 3264 victoriam
1520 3225 1783 3271 reportatam
1805 3221 1857 3259 de
1885 3221 2164 3276 Giganthus‚

1274 3288 1346 3340 qui
1364 3298 1459 3326 cum
1482 3286 1637 3324 bellum
1658 3287 1826 3337 superis
1847 3286 2161 3339 indixissent,a

1274 3352 1385 3393 Jove
1405 3348 1660 3388 fulminante
1680 3349 1722 3387 in
1756 3348 1926 3389 AEtnam
1962 3351 2161 3403 praecipi·

1273 3418 1340 3454 tes
1357 3412 1445 3453 acti
1468 3416 1585 3464 sunt,
1602 3415 1649 3452 et
1682 3411 1795 3452 inter
1829 3413 1934 3454 alios
1964 3414 2161 3457 immanis
