2300 3906
614 219 903 260 nm‘rnAn.
946 220 1212 260 PALLAD.
1256 222 1330 260 Εἰ·
1371 222 1591 262 CELER.
1896 212 2005 267 877

957 514 1238 577 XXXI.

755 725 892 788 CL.
942 726 1442 790 CLAUDIANI

194 825 898 892 EPITHALAMIUM
927 832 1350 894 PALLADII
1378 835 1493 895 ET
1507 834 2004 900 CELERINAE.

823 1037 1385 1085 ARGUMENTUM.

246 1141 429 1181 Vnus-:m
457 1140 501 1180 in
535 1145 660 1181 antro
690 1140 917 1183 dormienti
945 1145 1212 1186 renuntiatur
1230 1147 1471 1198 conjugium
1497 1148 1682 1190 Pauadii
1714 1155 1759 1191 et
1787 1150 2010 1193 Celerina.

194 1207 283 1247 Per
301 1206 480 1248 Amores
501 1208 684 1247 accersit
717 1208 1008 1261 Hymenaeum,
1040 1216 1085 1250 et
1118 1212 1366 1263 interrogat.
1422 1215 1506 1254 Hie
1539 1216 1768 1267 respondet
1799 1217 2010 1258 laudando

192 1272 464 1312 nobilitatem
501 1273 720 1325 utriusque
754 1275 963 1326 conjugis.
1020 1275 1135 1315 Hine
1170 1278 1317 1317 Venus
1350 1279 1440 1319 adit
1476 1281 1645 1333 nuptias
1673 1294 1769 1323 cum
1788 1288 2013 1336 npparatu,

192 1339 472 1392 hortaturque
487 1350 663 1391 sponsos
682 1339 736 1378 ad
756 1351 942 1379 amorem
962 1346 1005 1380 et
1024 1343 1306 1383 concordiam.

195 1540 264 1612 F
266 1569 428 1609 OR'I'E
453 1556 646 1611 Venus
670 1561 870 1613 blando
896 1564 1192 1629 quaesitum
1217 1565 1414 1631 frigore
1441 1580 1691 1617 somnum

197 1638 420 1694 vitibus
445 1642 639 1694 intexti
666 1645 871 1709 gremio
901 1651 1223 1713 susceperat
1247 1649 1403 1710 antri,

200 1722 496 1793 Densaque
522 1726 768 1787 sidereos
794 1745 890 1796 per
914 1730 1161 1797 gramina
1186 1731 1397 1782 fuderat
1418 1735 1586 1794 artuS‚

198 1806 450 1861 Acclinis
474 1810 670 1862 florum
698 1814 914 1865 cumulo
936 1830 949 1865 :
989 1815 1258 1882 crispatur
1282 1831 1464 1882 opaca

200 1890 528 1961 Pampinus,
554 1901 608 1947 et
634 1889 791 1947 mites
817 1895 1060 1949 undatim
1082 1898 1307 1950 ventilat
1331 1913 1492 1951 uvas,
1982 1900 2017 1950 5

254 2033 436 2073 Fortuita
461 2035 587 2075 Venus
616 2036 659 2075 in
689 2036 779 2077 sinu
808 2049 981 2077 cavernoe
1007 2042 1215 2089 proetextae
1232 2040 1367 2090 vineis,
1386 2038 1611 2089 indulgebat
1630 2038 1756 2090 sopori
1775 2038 1879 2079 dulei
1896 2037 2020 2078 conci-

198 2084 296 2125 liaeo
327 2099 405 2138 per
436 2100 580 2127 auram
613 2088 927 2139 refrigerantem,
959 2094 997 2130 et
1026 2096 1257 2141 porrexerat
1276 2105 1411 2142 corpus
1427 2094 1573 2131 coeleste
1595 2105 1668 2142 per
1686 2091 1821 2130 herbas
1838 2091 2019 2141 copiosas,

198 2138 292 2191 ipsa
322 2139 463 2192 effulta
489 2153 623 2182 acervo
644 2141 815 2194 florum.-
835 2142 941 2192 solia
974 2144 1072 2182 vitis
1105 2143 1294 2183 umbrosae
1313 2146 1535 2195 agitantur,
1555 2148 1593 2183 et
1611 2148 1761 2184 movent
1782 2143 2020 2195 fluctuantes

969 2261 1266 2277 OOOOOOOOOOO

255 2329 277 2365 l
309 2324 428 2365 Forte
445 2330 557 2366 tenus
576 2326 674 2367 Vat.
696 2339 760 2377 pr.
787 2327 964 2379 quaesivit
986 2327 1080 2367 Pal.
1098 2328 1181 2367 duo
1206 2328 1322 2367 Med.
1355 2329 1563 2379 quaesitans
1581 2328 1687 2368 Exc.
1715 2329 1811 2369 Pat.
1831 2339 1919 2368 rec.
1937 2327 2022 2376 fri-

197 2390 297 2428 gora
315 2379 411 2417 Vat.
430 2391 493 2429 pr.
531 2391 703 2419 somnum
721 2380 844 2419 deest
863 2381 963 2419 Vat.
985 2385 1129 2431 pr.—-2
1158 2381 1322 2420 intextis
1338 2382 1436 2420 Vat.
1460 2394 1520 2431 pr.
1542 2381 1677 2420 Oisel.
1694 2380 1842 2421 Ambr.
1860 2393 1922 2431 pr.
1960 2381 2022 2420 in-

202 2435 353 2470 textum
370 2431 471 2471 Vat.
492 2438 592 2471 tert.
614 2433 800 2472 Florent.
823 2432 940 2472 Med.
962 2445 1026 2483 pr.
1071 2433 1240 2482 geminis
1260 2445 1333 2484 pro
1358 2435 1506 2483 gremio
1526 2435 1630 2473 Exc.
1651 2434 1749 2472 Pat.
1773 2445 1859 2472 rec.
1902 2445 2021 2472 seces-

197 2489 304 2523 serat
326 2484 444 2523 Rott.
467 2484 551 2523 duo
571 2484 720 2524 Medd.
754 2485 856 2525 Put.
901 2490 1130 2524 successerat
1164 2486 1302 2525 Oxon.
1333 2489 1498 2525 see—:3
1526 2491 1660 2536 aptum
1688 2498 1766 2537 pro
1793 2490 1901 2525 artus
1918 2485 2021 2526 vat.

201 2548 268 2588 pr.
295 2540 427 2587 aptum
446 2538 513 2577 vel
528 2542 637 2577 artus
653 2538 868 2577 OiseL-d
897 2537 1067 2577 Aeclivis
1089 2539 1270 2578 Florem.
1291 2539 1407 2577 Med.
1429 2546 1563 2589 quart.
1586 2539 1666 2577 inc.
1687 2539 1836 2578 Heius.
1860 2537 2021 2578 Buslid.

201 2589 303 2629 Ald.
323 2595 368 2628 et
384 2589 451 2630 ed.
472 2592 615 2630 Parm.
643 2591 816 2630 Acclinis
835 2590 920 2629 duo
940 2590 1056 2630 Med.
1079 2591 1181 2631 Cod.
1200 2591 1337 2630 Ursin.
1356 2592 1459 2630 Put.
1475 2591 1558 2630 duo
1579 2591 1732 2631 Pe·av.
1757 2592 1917 2630 Bonon.
1937 2590 2022 2630 duo

203 2641 352 2682 Ambr.
373 2643 477 2682 Cod.
500 2644 646 2694 Epign
673 2643 822 2683 Ambr.
841 2644 947 2682 Exc.
969 2643 1065 2683 Pat.
1087 2655 1173 2684 rec.
1195 2649 1239 2682 et
1263 2645 1441 2683 Lucens.
1464 2657 1526 2694 pr.
1579 2643 1919 2691 Aecline‘sforibus.
1937 2647 2024 2684 vet.

204 2695 313 2747 Gyr.
347 2694 514 2746 floribus
534 2697 639 2735 Exc.
663 2698 843 2736 Lucens.
865 2707 930 2748 pr.
975 2698 1120 2735 tumulo
1142 2708 1218 2747 pro
1246 2699 1396 2736 cumulo
1424 2697 1507 2735 duo
1534 2697 1651 2735 Med.
1698 2697 1888 2746 crispatus
1907 2694 2025 2736 Med.

203 2753 340 2799 quart.
367 2748 587 2800 crispantur
606 2749 688 2789 ed.·
711 2750 931 2789 Parn1.-—5
960 2750 1082 2788 multa
1100 2751 1302 2788 sudantem
1319 2749 1482 2788 uentilat
1499 2760 1574 2788 uua
1595 2750 1693 2788 Vat.
1714 2749 1852 2788 Lirin.
1896 2746 2026 2787 miteis

200 2801 358 2840 sudanti
374 2814 410 2841 v.
432 2815 507 2842 uva
525 2808 609 2842 vet.
631 2802 738 2853 Gyr.
778 2803 891 2841 mites
907 2803 1064 2841 sudanti
1082 2803 1246 2841 ventilat
1268 2813 1362 2841 uvas
1386 2803 1486 2841 Exc.
1501 2802 1679 2842 Lucens.
1701 2805 1764 2851 pf.
1804 2802 1944 2840 multos
1958 2810 2026 2839 u-

201 2853 437 2907 dantEVat.
457 2877 524 2917 pr.
569 2864 686 2904 vitem
702 2865 905 2904 sudantem
923 2871 1010 2905 tres
1026 2865 1146 2903 Vatt.
1177 2864 1273 2904 Pal.
1291 2864 1411 2904 Rott.
1437 2875 1533 2903 uvas
1547 2862 1696 2903 deerat
1713 2863 1815 2903 Vat.
1836 2875 1899 2914 pr.
1925 2872 2022 2901 unus

1027 2978 1206 3019 NOTAE

257 3069 284 3107 2
317 3064 491 3116 Vitibus]
523 3065 611 3104 Cur
643 3064 801 3104 dormit
829 3065 973 3113 Venus
1007 3064 1084 3103 sub
1151 3064 1230 3105 mio
1246 3067 1477 3104 successerat
1494 3062 1616 3103 ant-ri.
1672 3062 1729 3102 Et
1749 3063 2028 3110 bene‚sucees-

203 3127 361 3170 vitibus
378 3129 394 3168 ?
422 3129 521 3181 quia
545 3140 700 3179 nempe
718 3127 839 3175 vites,
858 3127 980 3166 ulmis
1001 3139 1086 3166 ma·
1149 3130 1255 3166 serat
1271 3127 1474 3178 quaesitum
1490 3136 1654 3174 somnes,
1678 3124 1720 3164 id
1739 3129 1822 3173 est,
1843 3124 1895 3162 ad
1913 3134 2027 3175 quae-

205 3192 363 3243 ritatae,
394 3196 494 3231 sunt
512 3192 749 3243 symbolum
767 3182 914 3229 'felicis
943 3190 1088 3230 matri·
1153 3189 1308 3228 rendos
1323 3201 1504 3228 somnos.

206 3255 350 3295 monii.
1206 3256 1230 3290 5
1262 3252 1387 3290 Mites
1400 3251 1576 3291 undatim
1588 3250 1751 3290 ventilat
1762 3246 1873 3298 uvas]
1895 3244 2027 3285 Hein-

261 3315 508 3368 Stnceperat]
551 3317 753 3357 Heinsius
789 3317 920 3368 legit:
950 3316 1090 3368 quoesi-
1155 3313 1241 3354 sius
1259 3314 1427 3353 mallet:
1456 3317 1496 3353 et
1512 3315 1635 3352 musto
1651 3312 1852 3350 mantem
1865 3306 2028 3347 mutuae

208 3375 455 3429 tumfrigore
470 3390 634 3433 somnos,
657 3377 812 3420 Vicibus
838 3378 986 3420 intexti
999 3389 1091 3431 gre·
1156 3373 1336 3430 (agitat)
1352 3387 1491 3417 uvam.-
1517 3373 1561 3415 id
1582 3378 1650 3415 est
1669 3381 1809 3422 uvam,
1829 3367 1941 3411 unde
1959 3378 2026 3408 su-
