2300 3906
650 197 891 238 RAP'rus
930 198 1225 243 PROSERP.
1263 200 1383 243 1213.
1422 201 1462 240 1.

147 298 186 351 J
190 300 384 364 amtor,
415 304 470 352 et
493 316 688 367 presso
713 301 1072 369 lacrymarum
1097 305 1244 357 sonte
1266 306 1473 358 resedit

147 381 412 449 CocytOS,
434 382 721 449 tacitisque
748 382 996 438 Acheron
1021 389 1294 441 obmutuit
1318 374 1498 453 undis,

146 462 219 515 Et
244 463 683 527 Phlegethonteae
711 469 1014 533 requierunt
1037 486 1306 534 murmura
1328 471 1500 538 ripae:

212 543 456 596 Atlantis
482 547 715 613 Tegeaee
740 567 932 618 ηεροδ,
960 568 1241 604 commune
1277 554 1564 621 profundis

147 627 219 680 Et
242 627 467 694 Superis
493 646 708 695 numen,
728 636 820 700 qui
847 634 931 684 fas
960 650 1058 702 per
1084 635 1250 686 limen
1275 642 1561 703 utrumque

146 710 311 762 Solus
336 712 521 775 habeS,
546 716 868 783 geminoque
894 717 1034 769 facis
1059 719 1388 770 commercia
1410 718 1631 781 mund0‚

142 792 191 856 I,
218 793 422 844 celeres
449 799 741 861 proscinde
769 800 976 863 Notos,
1002 806 1056 852 et
1073 789 1238 867 jussa·
1263 803 1500 868 superbo

137 875 336 930 Redde
360 876 397 928 J
401 880 522 930 ovi:
561 880 865 934 Tantumne
888 885 1003 944 tibi,
1025 883 1334 935 saevissime
1366 883 1615 948 fratrum,

137 972 308 1011 retinens
327 970 481 1031 fontem
498 974 751 1025 lacrymarum
770 977 915 1027 quievit
931 991 944 1016 .·
975 977 1152 1017 Acheron
1170 979 1307 1017 sedans
1322 991 1440 1030 aquas
1455 981 1591 1029 tacuit,
1609 983 1647 1019 et
1663 991 1838 1019 murmur
1853 980 1952 1032 ripoe

138 1023 432 1086 IffhkgetMntts
447 1038 700 1087 compressum
728 1033 814 1068 est:
873 1030 912 1070 Ο
938 1031 1131 1080 Mercuri,
1148 1031 1326 1070 Atlantis
1342 1045 1471 1083 nepos,
1499 1033 1569 1084 qui
1590 1033 1699 1072 Deus
1715 1045 1760 1072 es
1787 1045 1951 1073 commu·

134 1088 197 1116 ms
214 1077 311 1116 Dus
327 1089 475 1128 superas
489 1083 526 1116 et
547 1080 640 1118 D1is
660 1081 810 1129 inferis,
827 1083 893 1132 qui
906 1083 1008 1121 solus
1026 1083 1140 1122 habes
1156 1083 1226 1131 jus
1242 1087 1279 1123 et
1296 1088 1524 1135 potestatem
1543 1086 1716 1124 intrandi
1745 1086 1786 1124 in
1808 1085 1952 1125 Coelnm

134 1129 360 1191 effiInseros,
393 1134 439 1169 et
477 1132 546 1182 qui
570 1132 683 1179 foves
707 1136 930 1173 societatem
963 1135 1079 1174 inter
1113 1137 1329 1187 principes
1356 1138 1551 1188 utriusque
1582 1139 1707 1187 reg-ni,
1727 1139 1742 1176 i
1761 1138 1951 1188 celeriter,

134 1193 264 1221 aerem
281 1187 517 1243 intersecans
538 1185 702 1234 pennis,
722 1190 759 1224 et
777 1188 841 1225 dic
859 1188 952 1225 Jovi
971 1188 1129 1238 superbo
1148 1199 1199 1226 ea
1217 1201 1308 1238 quae
1325 1201 1436 1227 nunc
1445 1190 1576 1238 jubeo,
1591 1191 1734 1240 sicque
1755 1192 1948 1240 loquere:

136 1234 176 1274 Ο
195 1236 455 1275 erudelwszme
472 1235 665 1287 fratrum,
678 1251 728 1277 on
747 1239 886 1278 credis
906 1245 948 1278 te
963 1240 1120 1278 habere
1139 1244 1293 1280 tontum
1305 1241 1512 1291 potestatis
1528 1242 1570 1280 in
1584 1241 1675 1282 me?
1731 1241 1797 1281 An
1814 1241 1950 1290 satum

900 1317 1191 1332 OOmOOOOOOO

133 1365 199 1401 tus
215 1361 389 1413 em'plices
422 1363 526 1404 Jun.
567 1375 650 1402 sec.
680 1369 724 1402 et
763 1364 913 1403 Heius.
952 1365 1328 1404 chartaceum—86
1350 1365 1540 1404 Cerberus
1571 1378 1648 1414 pro
1679 1366 1839 1404 Janitor
1867 1365 1950 1407 inc.

138 1414 288 1455 Heins.
317 1414 473 1456 Petav.
507 1422 608 1456 tert.
650 1417 834 1467 impresso
856 1429 932 1468 pro
965 1421 1003 1455 et
1025 1429 1158 1468 presso
1186 1416 1324 1456 Oxou.
1352 1429 1416 1467 pr.
1457 1418 1600 1456 resedit
1626 1419 1784 1456 Bonon.
1806 1417 1950 1458 Ambr.

136 1471 345 1507 tert—87
378 1471 548 1520 Cocytus
565 1469 648 1508 dno
678 1470 798 1508 Vatt.
843 1470 1024 1508 Cochitos
1055 1471 1197 1509 Oxon.
1231 1482 1295 1520 pr.
1339 1471 1508 1522 Cocyton
1530 1471 1626 1510 Vat.
1659 1483 1719 1519 pr.
1750 1470 1850 1510 Jun.
1884 1482 1950 1520 pr.

135 1521 301 1571 Cocytos
318 1521 424 1561 Cod.
458 1521 697 1560 Bartholin.
723 1522 808 1560 duo
841 1522 959 1561 Med.
979 1522 1131 1561 Heins.
1162 1522 1218 1561 H.
1240 1522 1338 1561 Pnt.
1359 1523 1466 1572 Reg.
1486 1524 1570 1560 duo
1605 1523 1754 1561 Petav.
1789 1523 1949 1563 Bonan.

131 1571 301 1612 Tholos.
320 1573 422 1613 Jun.
445 1586 530 1613 sec.
567 1572 717 1613 Ambr.
739 1579 838 1614 tert.
874 1575 977 1614 Exc.
1010 1574 1163 1613 Petav.
1191 1580 1330 1625 quart.
1374 1575 1535 1614 tumidis
1552 1574 1694 1613 Oxon.
1715 1586 1776 1622 pr.
1817 1575 1951 1614 tacitis

130 1623 238 1663 Cod.
272 1626 508 1666 Bartholin.
541 1627 676 1666 chart.
706 1626 856 1666 Heins.
897 1628 998 1668 Jun.
1037 1638 1122 1666 sec.
1159 1626 1308 1664 Ambr.
1347 1631 1448 1666 tert.
1486 1628 1590 1665 Exc.
1634 1628 1776 1664 Potav.
1808 1632 1949 1676 quart.

129 1677 227 1717 edd.
260 1677 406 1719 Parm.
435 1680 576 1720 Vicet.
607 1677 706 1718 Ald.
744 1680 879 1719 Colin.
911 1686 956 1719 et
988 1680 1041 1719 al.
1081 1680 1309 1728 compescuit
1345 1691 1422 1729 pro
1450 1679 1637 1717 obmutuit
1676 1679 1824 1717 Petav.
1856 1690 1946 1719 sec.

127 1741 182 1770 m.
202 1735 373 1781 pr.--88
388 1733 564 1785 flumina
583 1733 649 1770 vel
685 1744 883 1772 murmura
903 1733 1003 1771 Vat.
1031 1733 1166 1783 quint.
1187 1732 1311 1771 deest
1340 1738 1479 1770 autem
1508 1731 1576 1770 hic
1599 1743 1736 1769 versus
1762 1731 1945 1771 Floreat.

127 1786 235 1822 —90
272 1785 402 1824 lumen
437 1798 515 1837 pro
569 1785 687 1824 limen
732 1786 854 1824 Voss.
897 1787 1086 1824 sec—91
1131 1784 1240 1823 vehis
1284 1784 1507 1823 commercia
1541 1784 1748 1823 Pnt.-92
1776 1784 1875 1822 celer
1906 1787 1945 1822 et

129 1835 236 1875 eod.
271 1837 508 1878 Bartholin.
531 1843 576 1877 et
613 1838 905 1878 novemdecim
942 1837 1076 1877 Codd.
1098 1838 1165 1876 ed.
1189 1837 1332 1875 Parm.
1354 1843 1399 1876 et
1416 1837 1557 1876 Vicet.
1613 1837 1638 1874 1
1661 1838 1770 1883 cem,
1802 1836 1818 1873 i
1845 1846 1944 1874 con-

118 1888 292 1939 ,iecerat
312 1889 463 1930 Heius.
511 1891 711 1941 perscinde
730 1891 824 1929 Pal.
846 1891 927 1929 inc.
954 1890 1103 1929 Heius.
1148 1890 1362 1940 praescinde
1393 1889 1503 1938 Reg.
1525 1890 1683 1928 Moret.
1701 1900 1762 1938 pr.
1802 1887 1943 1927 Oxou.

121 1952 184 1992 pr.
251 1954 298 1981 ac
337 1942 449 1991 jussu
481 1944 588 1984 Cod.
627 1944 862 1982 Bartholin.
908 1955 1068 1994 superno
1103 1954 1179 1992 pro
1218 1942 1378 1993 superbo
1412 1942 1509 1981 Vat.
1566 1942 1698 1979 Livin.
1742 1940 1944 1979 Heinsius

127 1993 388 2045 ascripserat
424 1998 531 2036 Stat.
551 1996 643 2035 Lib.
675 2007 777 2035 vm.
799 2008 860 2035 vs.
875 1999 940 2036 42.
981 1996 994 2017 ‘
1012 1996 1250 2034 tumidusne
1270 2006 1386 2033 meas
1419 1999 1619 2043 regnator
1654 1993 1830 2043 Olympi
1857 1991 1943 2031 Ex-

125 2046 542 2100 ploratlviresl—-93
570 2052 724 2087 tantum
756 2048 830 2087 tibi
861 2049 1046 2087 neVoss.
1067 2059 1130 2097 pr.
1164 2047 1339 2093 fratrum
1372 2047 1477 2085 Exc.
1501 2047 1651 2085 Petav.
1679 2052 1815 2096 quart.
1852 2043 1944 2091 fra-

950 2113 1124 2152 NOTAE

125 2178 289 2219 enormi
321 2190 518 2231 corpore,
537 2184 584 2219 et
603 2179 674 2231 qui
700 2179 888 2218 ‘latratu
910 2189 1001 2229 reg·
1070 2175 1400 2216 confunduntur.

124 2252 181 2283 na
206 2241 379 2282 trifauci
399 2242 640 2282 Personat!
694 2242 912 2293 Virgilius.
1123 2241 1176 2277 89
1202 2238 1378 2278 Atlantis
1405 2238 1560 2287 Tegeoee
1577 2236 1706 2287 nepos]
1746 2231 1943 2276 Quatuor

175 2309 229 2345 86
262 2306 398 2345 Presso
415 2308 673 2357 lacrymarum
682 2304 816 2354 fonte]
838 2303 1002 2345 Alludit

124 2367 180 2407 nd
209 2369 512 2420 etymologiam
540 2368 704 2418 Cocyti,
737 2367 806 2418 qui
826 2365 999 2415 dicitnr,

125 2430 203 2471 ἀπὸ
220 2433 290 2471 τοῦ
307 2431 481 2482 κωκύειν,
489 2432 606 2483 flere,
625 2431 742 2483 quasi
760 2431 832 2469 ille
853 2431 907 2468 sit
923 2427 998 2467 flu-

125 2495 217 2534 vius
237 2496 519 2546 lacrymarum
537 2509 545 2533 :
567 2494 692 2533 Plato
706 2494 748 2531 in
768 2492 1001 2541 Phaedone,

124 2558 304 2598 Κωκυτὸς
333 2557 428 2610 ὕδωρ
473 2555 777 2608 ἀτερπέστατον,
835 2555 1001 2604 Cocytus

124 2633 225 2673 aqua
256 2621 471 2660 illaetabilis
487 2633 502 2666 ,·
544 2619 615 2658 alii
648 2619 794 2657 dicunt
815 2627 906 2654 esse
928 2626 999 2665 pa-

60 2679 62 2682 *
123 2682 269 2726 ludem
307 2695 333 2721 a
360 2683 495 2734 Styge
527 2686 786 2727 manantem,
807 2679 848 2717 in
878 2677 998 2727 cujus

125 2745 232 2796 ripis
266 2745 495 2785 audiuntur
525 2744 738 2784 bubonum
769 2741 1001 2780 aliarumve

129 2806 393 2847 sinistrarum
413 2806 553 2845 avium
574 2805 710 2844 tristes
729 2803 926 2842 ululatus.

178 2873 230 2910 87
263 2869 455 2919 Acheron]
498 2869 665 2908 Nomen
686 2871 753 2905 est
773 2864 998 2903 multorum

124 2930 365 2981 fluviorum,
397 2931 469 2983 qui
499 2930 634 2969 varias
669 2929 866 2979 regiones
896 2926 998 2964 allu-

125 3000 229 3043 unt3
259 2994 335 3033 sed
352 2993 535 3032 omnium
557 2990 913 3031 celebratissimus
934 2993 999 3027 est

125 3056 342 3105 Acheron,
374 3054 527 3094 fluvius
561 3052 808 3101 inferorum,
838 3051 906 3101 qui
941 3049 999 3086 sic

125 3118 282 3160 dicitur
307 3118 384 3158 ἀπὸ
415 3118 485 3156 τοῦ
516 3116 609 3167 ῥεῖν,
626 3115 770 3166 fluere,
805 3119 849 3151 et
886 3109 998 3160 ἆχὸς,

30 3195 35 3209 ¹
96 3183 100 3188 ’
125 3179 259 3231 ὄχέος,
279 3182 388 3233 quod
411 3187 475 3219 est
495 3180 600 3217 dolor
619 3184 663 3216 et
682 3176 854 3221 toedium,
880 3173 998 3225 quasi

123 3245 195 3285 ine
221 3247 278 3286 sit
311 3245 462 3284 fluvius
496 3244 650 3284 doloris
684 3256 732 3282 ac
755 3242 896 3281 taedii:
925 3239 998 3278 sed

125 3311 172 3348 et
189 3307 404 3358 Acheron,
433 3308 558 3358 Styx,
589 3307 791 3356 Cocytus,
809 3311 854 3344 et
872 3304 999 3343 Phle-

126 3371 298 3423 gethon,
328 3369 383 3411 de
418 3369 572 3423 quibus
614 3380 759 3421 supra,
799 3379 825 3406 a
854 3364 999 3406 multis

1068 2298 1197 2338 fuisse
1215 2299 1453 2339 Mercurios
1468 2299 1707 2348 accepimus
1723 2310 1734 2345 ;
1763 2297 1836 2335 sed
1854 2307 1941 2336 om-

1068 2373 1143 2399 nes
1163 2360 1408 2399 referuntur
1428 2360 1481 2398 ad
1513 2359 1785 2406 Mercurium,
1814 2358 1939 2398 Jovis

1068 2429 1112 2462 et
1142 2423 1271 2461 Maiae
1303 2422 1450 2470 filium,
1470 2433 1564 2472 quae
1602 2420 1714 2458 Maia
1741 2424 1834 2458 erat
1853 2418 1940 2458 filis

1067 2486 1269 2535 Atlantis,
1287 2490 1332 2523 et
1366 2484 1460 2522 ideo
1490 2482 1727 2521 Mercurius
1759 2480 1847 2530 ejus
1867 2491 1938 2519 ne-

1067 2559 1158 2598 pos.

1123 2610 1296 2660 Tegeaee]
1339 2610 1483 2660 Tegea
1502 2613 1566 2648 est
1596 2608 1694 2646 urbs
1722 2606 1938 2657 Arcadiae,

1067 2674 1179 2714 unde
1204 2674 1402 2722 Tegeaeus,
1419 2676 1464 2711 et
1486 2669 1726 2719 Tegeaticus,
1746 2670 1824 2707 hoc
1855 2671 1939 2718 est,

1064 2742 1191 2775 natus
1219 2736 1261 2773 in
1298 2733 1403 2773 urbe
1436 2734 1590 2782 Tegea,
1621 2737 1694 2769 aut
1727 2730 1858 2769 etiam
1892 2729 1936 2769 in

1068 2797 1269 2846 Arcadia,
1302 2808 1396 2837 cum
1429 2794 1594 2834 scilicet
1631 2791 1801 2843 ponitur
1838 2801 1935 2842 pars

1065 2872 1144 2912 pro
1167 2865 1271 2898 toto.

1121 2924 1328 2962 Commune
1337 2919 1539 2972 profundis
1552 2922 1590 2957 et
1608 2917 1768 2968 Superis
1780 2915 1939 2967 numen]

1065 2988 1307 3028 Mercurius
1346 2997 1521 3037 namque
1559 2989 1624 3022 est
1665 2989 1938 3030 utrorumque

1065 3051 1254 3097 nuntius,
1291 3048 1400 3087 unde
1443 3047 1535 3098 ipse
1574 3046 1616 3082 in
1653 3044 1839 3082 Luciano
1872 3041 1934 3080 sic

1068 3113 1259 3163 queritur
1284 3109 1396 3162 apud
1426 3109 1628 3154 Matrem,
1660 3103 1743 3143 ἔστι
1773 3101 1851 3154 γάρ
1865 3115 1938 3152 τις,

1065 3174 1093 3213 ὦ
1109 3176 1243 3224 μῆτερ,
1255 3173 1297 3212 ἐν
1309 3172 1454 3224 οὐρανῷ
1472 3169 1555 3210 θεὸς
1574 3166 1799 3217 ἀθλιώτερος
1817 3163 1933 3211 ἑμοῦ;

1069 3238 1167 3284 Quis
1185 3238 1285 3277 enim
1311 3240 1384 3286 est,
1403 3235 1556 3287 inquit,
1574 3246 1596 3272 o
1614 3234 1751 3278 mater,
1767 3227 1811 3266 in
1841 3224 1932 3265 ooelo

1066 3301 1177 3340 Deus
1193 3298 1370 3339 miserior
1385 3310 1446 3337 me
1458 3296 1477 3338 :1
1491 3299 1556 3346 ὅτ.
1912 3340 1929 3357 ᾖ·

1118 3366 1170 3402 93
1202 3355 1588 3408 Tantumne...juris]
1604 3355 1792 3394 Tantane
1805 3347 1932 3390 animi
