2300 3906
316 193 427 245 614
581 204 676 246 οι.
705 205 936 246 chaun.
961 204 1104 244 xxi.
1136 204 1202 243 m
1232 205 1272 242 1.
1302 201 1478 241 cons,
1506 200 1778 242 sumen.
1810 203 1931 242 mn.
1963 203 2001 240 1.

317 322 487 375 Vinci
513 341 674 392 paene
702 322 822 375 fuit.
902 320 1236 373 Discrimine
1265 318 1451 372 Roma
1476 336 1728 388 supremo

317 409 471 462 Inter
494 409 832 478 supplicium
855 406 1043 474 populi
1073 404 1320 457 deforme
1347 404 1648 472 pependit;

317 492 389 546 Et
412 498 565 546 tanto
592 494 825 561 Libyam
850 490 1032 543 fructu
1058 489 1268 557 majore
1294 490 1525 557 recepit,

321 576 504 641 Quam
527 578 758 645 peperit,
786 580 994 643 quanto
1020 575 1325 641 graviorem
1352 573 1560 624 amissa
1585 572 1847 633 dolorem,

321 660 505 725 Quam
529 678 627 713 nec
656 661 785 712 dum
810 661 1073 728 quaesita,
1101 661 1342 710 movent.
1420 655 1564 720 Quis
1587 656 1807 708 Punica
1832 657 2004 723 gesta,
2043 652 2152 706 380

320 744 468 809 Quis
497 763 616 809 VOS,
645 745 948 812 Scipiadae,
974 745 1101 811 quis
1127 748 1182 794 te
1202 743 1344 811 jam,
1373 742 1607 809 Regule,
1631 742 1854 793 nosset't

319 829 466 893 Quis
491 830 699 882 lentum
726 834 944 881 caneret
971 828 1226 890 Fabium,
1255 830 1303 880 si
1321 830 1448 898 jure
1477 832 1721 895 peremto

319 913 620 966 Insultaret
646 918 805 964 atrox
830 913 1039 963 famula
1065 911 1395 977 Carthagine
1421 900 1696 960 Maurus?

318 997 466 1050 Haec
495 1013 685 1048 omnes
711 1000 954 1047 veterum
975 994 1265 1045 revocavit
1289 993 1495 1044 adorea
1517 993 1716 1044 lauros.

318 1081 589 1133 Restituit
615 1079 884 1132 Stilichon
911 1083 1142 1131 cunctos
1171 1078 1292 1142 tibi,
1320 1077 1523 1141 Roma,
1548 1077 1877 1145 triumphos.
2044 1078 2155 1132 385

314 1219 505 1271 superari.
563 1219 689 1258 Roma
712 1218 754 1257 in
773 1217 968 1268 angustiis
985 1217 1102 1256 hisce
1121 1217 1272 1256 ultimis
1290 1216 1409 1255 dubia
1440 1217 1629 1256 remansit
1654 1217 1760 1255 inter
1786 1229 1940 1268 poenam
1959 1215 2157 1257 miserabi-

315 1275 388 1313 lem
403 1274 554 1324 populi,
574 1277 611 1311 et
628 1273 808 1311 resumsit
826 1271 991 1323 Libyam
1012 1284 1053 1309 eo
1072 1271 1258 1321 ampliore
1276 1270 1463 1319 utilitate,
1481 1283 1594 1321 quam
1614 1270 1695 1309 sibi
1713 1275 2004 1321 comparaverat
2022 1270 2155 1321 illam,

314 1332 354 1366 et
372 1331 513 1377 quanto
532 1339 583 1365 ea
601 1339 687 1376 quae
700 1327 859 1376 perdita
874 1331 972 1364 sunt
991 1325 1165 1363 excitant
1183 1324 1431 1377 afflictionem
1450 1324 1647 1375 majorem,
1664 1337 1779 1375 quam
1799 1337 1848 1363 ea
1868 1337 1962 1376 quae
1983 1324 2154 1363 nondum

309 1385 430 1432 parta
458 1386 568 1419 sunt.
631 1380 772 1430 Ecquis
800 1383 1042 1427 cognosceret
1061 1377 1178 1426 facta
1203 1378 1603 1427 Carthaginiensium,
1630 1378 1758 1428 ecquis
1787 1390 1867 1425 voS,
1896 1391 1920 1417 o
1940 1378 2155 1428 Scipiones,

314 1435 441 1485 ecquis
462 1438 514 1482 te,
534 1446 557 1472 o
578 1432 761 1481 Regale?
818 1434 963 1483 Ecquis
992 1433 1226 1482 praedicaret
1245 1431 1413 1470 Fabium
1432 1435 1721 1478 cunctatorem5
1748 1432 1797 1478 si,
1830 1431 1981 1481 legibus
2000 1432 2154 1471 Roma-

315 1499 465 1526 norum
484 1487 684 1536 extinctis,
708 1487 843 1525 Mauri
861 1486 1033 1525 crudeles
1051 1486 1286 1525 insultarent
1303 1484 1426 1524 nobis
1447 1485 1690 1535 Carthagine
1708 1485 1886 1524 redacta
1915 1485 1958 1524 in
1987 1483 2156 1524 servitu-

314 1539 425 1581 tem?
481 1541 582 1579 Haec
595 1542 727 1591 palma
742 1539 942 1578 renovavit
958 1551 1086 1578 omnes
1098 1540 1251 1590 palmas
1269 1538 1539 1590 antiquorum.-
1568 1544 1614 1578 at
1630 1539 1771 1589 Roma,
1789 1549 1814 1577 o
1833 1537 2015 1589 Stilicho,
2032 1537 2156 1586 refert

314 1597 491 1645 acceptas
508 1594 584 1632 tibi
601 1593 787 1633 victorias
804 1604 947 1634 omnes·

1067 1692 1337 1707 ΟΙΙΙΙΙΙΙΙΟΙ
1345 1693 1364 1708 Ι·

312 1774 439 1814 Laeti.
483 1786 602 1813 mora>
631 1774 751 1814 Med.
773 1778 876 1814 tert.
896 1774 1017 1814 Voss.
1052 1785 1107 1814 m.
1141 1785 1207 1825 pr.
1242 1773 1398 1814 Petav.
1429 1785 1514 1814 sec.
1535 1772 1604 1813 ed.
1624 1773 1764 1814 Vicet.
1811 1776 1911 1813 tutoe
1929 1785 2048 1813 moroe
2067 1772 2152 1813 duo

312 1827 463 1867 Leidd.
484 1828 585 1868 Vat.
607 1839 695 1867 sec.
714 1829 818 1867 Low
840 1827 988 1867 Ambr.
1011 1832 1113 1867 tert.
1134 1827 1238 1867 Var.
1259 1828 1346 1868 LL.
1381 1828 1450 1868 ed.
1484 1826 1618 1867 Antv.
1664 1828 1728 1868 liic
1755 1828 1911 1867 vincere
1940 1828 2043 1867 Var.
2066 1827 2155 1867 LL.

312 1882 378 1921 ed.
400 1880 531 1922 Anw.
577 1882 667 1921 hinc
685 1881 805 1921 Med.
841 1895 908 1932 pr.
941 1882 1101 1922 Moret.
1122 1893 1209 1921 sec.
1235 1881 1406 1920 Tholos.
1452 1893 1554 1920 nunc
1573 1879 1724 1920 Ambr.
1746 1886 1847 1920 tert.
1893 1881 1956 1919 liic
1976 1881 2045 1921 vel
2065 1882 2156 1920 hinc

310 1936 471 1974 Moret.
492 1939 695 1985 piu—376
730 1935 890 1974 Vincere
905 1947 1005 1986 pena
1025 1934 1145 1974 Med.
1165 1939 1266 1973 tert.
1290 1934 1410 1974 Voss.
1430 1947 1485 1974 m.
1514 1946 1577 1985 pr.
1622 1946 1756 1985 nempe
1778 1933 1924 1973 Ambr.
1947 1946 2011 1985 pr.
2051 1947 2154 1985 pena

310 1988 411 2027 Pat.
438 1989 575 2038 supino
594 1988 746 2027 Ambr.
762 2000 846 2028 sec.
872 2000 1019 2027 summo
1038 1987 1264 2027 discrimine
1286 1988 1411 2027 Roma
1431 1987 1592 2027 Moret.
1615 1990 1838 2027 sem—378
1857 1991 1968 2026 tanto
1987 1988 2155 2039 Libyam

311 2041 412 2080 Pat.
458 2045 593 2079 tantus
625 2042 721 2080 Pal.
768 2042 924 2080 tandem
956 2041 1076 2080 Med.
1111 2046 1211 2080 tert.
1255 2045 1410 2080 tantum
1429 2046 1611 2093 quatuor
1642 2041 1764 2082 Vatt.
1811 2045 1998 2092 quantum
2031 2041 2152 2082 Pric-

314 2094 451 2134 Oisel.
497 2098 652 2133 tantum
685 2095 753 2134 vel
783 2098 971 2146 quantum
1001 2094 1117 2134 Prie.
1163 2094 1321 2133 meliore
1355 2095 1610 2134 Rom—3⁷9
1642 2095 1732 2140 Qua
1748 2096 1900 2146 peperit
1921 2094 2040 2135 Med.
2062 2106 2153 2135 sec.

313 2148 397 2193 Qui
416 2149 499 2188 inc.
534 2147 681 2187 Heins.
725 2151 867 2199 quanto
899 2147 1000 2187 Pat.
1048 2151 1235 2199 quantum
1270 2159 1415 2187 omnes
1435 2149 1558 2187 Vatt.
1590 2148 1717 2187 Fam.
1749 2149 1868 2188 Prie.
1889 2149 2148 2189 Rom—380

309 2203 479 2241 nondum
501 2201 620 2241 Med.
643 2213 703 2252 pr.
731 2202 897 2240 Thuan.
929 2202 1091 2241 Mox-et.
1123 2212 1189 2252 pr.
1223 2199 1376 2240 Ambr.
1409 2206 1509 2241 tert.
1558 2206 1712 2242 monent
1742 2201 1864 2241 Med.
1895 2214 1981 2243 sec.
2025 2205 2155 2242 monet

311 2255 474 2294 Mazar.
518 2259 635 2305 gesta
655 2259 839 2307 quatuor
869 2256 993 2294 Vatt.
1028 2255 1124 2294 Pal.
1158 2254 1296 2295 Oisel.
1334 2253 1451 2304 facta
1481 2255 1585 2294 Vat.
1622 2259 1846 2297 sem—381
1881 2256 1984 2300 Quis
2001 2259 2040 2295 te
2057 2256 2152 2298 Pal.

312 2308 433 2348 Med.
455 2321 519 2359 pr.
540 2309 700 2348 Thnan.
749 2308 931 2359 quisjam
948 2311 988 2348 te
1007 2308 1108 2349 Jun.
1132 2320 1198 2359 pr.
1220 2308 1361 2348 Oxon.
1385 2321 1471 2349 sec.
1515 2320 1582 2347 vos
1590 2308 1679 2357 jam
1697 2309 1816 2349 Med.
1836 2315 1975 2361 quart.
1995 2309 2153 2350 Petav-

263 2373 265 2376 ’
308 2365 535 2402 sem—382
564 2366 720 2401 caneret
756 2361 926 2401 Fabium
957 2363 1105 2400 lentum
1143 2362 1260 2402 Pric.
1307 2362 1484 2402 Marium
1502 2362 1601 2402 Pat.
1646 2366 1799 2414 reperto
1835 2363 1955 2404 Med.
1991 2368 2150 2403 tert.—

309 2418 388 2453 383
418 2414 672 2463 Karthagine
687 2416 787 2454 Vat.
809 2418 1046 2455 tert.-384
1075 2415 1158 2453 Hic
1176 2415 1279 2454 Var.
1300 2416 1386 2454 LL.
1407 2417 1475 2456 ed.
1496 2415 1625 2456 AntV.
1646 2428 1702 2455 m.
1724 2428 1811 2456 sec.
1842 2416 1930 2455 Hos
1948 2417 2046 2456 Vat.
2065 2428 2151 2456 sec.

309 2472 458 2507 veteres
490 2469 655 2507 Μαῖαν.
698 2470 858 2507 adortea
887 2470 1040 2507 laurum
1075 2468 1178 2507 Var.
1197 2469 1283 2508 LL.
1310 2469 1378 2509 ed.
1397 2468 1529 2509 Antv.
1549 2481 1603 2509 m.
1630 2481 1692 2519 pr.
1738 2471 1790 2508 ad
1808 2469 1948 2509 horrea
1966 2475 2152 2521 quatuor

309 2521 433 2561 Vatt.
455 2522 552 2560 Pal.
581 2522 722 2560 adorea
741 2521 810 2561 vel
828 2522 879 2560 ad
893 2521 1033 2560 horrea
1051 2521 1152 2560 Vat.
1172 2533 1234 2572 pr.
1280 2522 1414 2561 laurus
1442 2522 1558 2562 Prie.
1592 2534 1649 2561 m.
1683 2534 1770 2562 sec.
1804 2523 1925 2562 Med.
1947 2527 2046 2562 tert.
2065 2523 2150 2563 duo

309 2573 463 2614 Ambr.
501 2575 629 2614 lauros
648 2574 770 2614 Leid.
793 2587 856 2626 pr.
877 2586 974 2614 cum
995 2574 1321 2627 quatuordecim
1341 2575 1450 2627 aliis,
1482 2576 1591 2615 Exc.
1608 2575 1779 2616 Schotti
1799 2581 1844 2616 et
1863 2577 2046 2619 Lucens.
2065 2587 2153 2618 sec.

314 2631 448 2667 —385
482 2632 637 2667 cunctos
655 2627 799 2668 Stilico
819 2627 938 2668 Pric.
966 2627 1159 2679 trophoeos
1174 2629 1279 2668 Lov.

1142 2761 1328 2802 NOTAE

365 2860 445 2898 377
492 2856 707 2909 Pependit]
752 2858 889 2897 Roma
908 2855 1040 2897 dubia
1071 2855 1198 2897 haesit
1264 2868 1394 2897 canus
1413 2856 1564 2908 major,
1577 2862 1621 2896 ct
1637 2854 1868 2897 Africanus
1884 2858 2044 2908 minor;
2073 2857 2150 2898 sed

312 2919 427 2959 inter
441 2920 712 2972 supplicium,
725 2920 768 2960 id
781 2925 866 2971 est,
876 2932 1024 2972 parum
1040 2918 1197 2971 abfuit,
1265 2927 1311 2960 et
1329 2919 1449 2959 fuere
1470 2920 1541 2960 alii
1570 2920 1792 2972 Scipiones
1824 2921 2030 2972 illustres,
2061 2921 2149 2962 Sci-

311 2983 412 3035 quin
428 2983 611 3034 populus
626 2983 839 3036 supplicio
850 2983 1101 3035 miserabili,
1115 2983 1196 3024 hoc
1211 3009 1233 3022 φ
1265 2984 1335 3037 pio
1355 2985 1526 3034 Nasica,
1543 2984 1688 3036 Scipio
1706 2983 1938 3037 Asiaticus,
1956 2988 2040 3027 &c-

313 3051 396 3096 est,
410 3045 523 3087 fame
543 3047 720 3100 periret.
1145 3096 1152 3102 ·
1318 3047 1490 3099 Regale]
1523 3048 1590 3088 De
1608 3047 1689 3088 hoc
1707 3047 1823 3089 alibi.

367 3113 444 3151 381
474 3109 688 3164 Scipiadae]
717 3112 820 3152 Duo
838 3108 1060 3164 Scipiones
1078 3110 1196 3153 Afri-
