2300 3906
297 187 406 241 ’742
851 203 946 265 ‚⁰¹⁴-
986 200 1339 241 cLAu-mANi
1380 199 1566 241 xxvr.

297 319 483 374 Parva
505 338 691 389 puppe
714 323 895 373 lacum
918 321 1288 387 praetervolat.
1363 320 1555 389 Ocyus
1581 320 1708 373 inde

296 402 525 456 Scandit
549 406 864 456 inaccessos
890 404 1120 455 brumali
1146 404 1326 455 sidere
1353 411 1581 468 monteS,

295 485 397 538 Nil
420 488 628 555 hyemis
655 489 851 541 coelive
874 504 1096 539 memor.
1172 488 1264 539 Sic
1290 488 1405 551 ille,
1431 490 1744 558 relinquens

292 569 330 622 J
334 557 532 637 ejunos
559 577 713 624 antro
741 575 967 635 catuIOS,
995 574 1278 624 immanior
1302 574 1418 625 exit

294 653 561 721 Hyberna
587 657 690 707 sub
715 662 881 709 nocte
907 658 1015 720 leo,
1042 658 1352 723 tacitusque
1377 672 1475 723 per
1502 656 1643 708 altas
2003 651 2112 706 325

293 737 510 791 Incedit
532 739 722 792 furiale
746 742 901 793 nives
923 758 934 793 :
977 745 1121 792 stant
1147 741 1290 791 colla
1315 740 1530 807 pruinis

291 818 541 889 Aspera:
580 826 846 877 flaventes
873 827 1120 892 astringit
1145 826 1301 877 stiria
1325 831 1500 876 setaS.

288 903 413 956 'Nec
436 908 681 959 meminit
704 909 820 970 leti,
848 910 1174 976 nimbosque
1202 914 1302 960 aut
1326 908 1530 974 frigora
1555 912 1725 970 curat,

288 987 436 1039 Dum
464 990 608 1040 natis
631 990 890 1042 alimenta
910 997 1085 1058 paret.
1162 992 1429 1043 Sublimis
1456 993 1515 1043 in
1540 991 1752 1044 Arcton

287 1073 572 1139 Prominet
600 1074 898 1142 Hercyniae
924 1078 1158 1128 confinis
1186 1076 1410 1129 Rhaetia
1435 1078 1606 1146 sylvae
1627 1094 1638 1128 :
2000 1072 2110 1126 330

289 1155 433 1219 Quae
460 1175 519 1210 se
547 1159 792 1210 Danubii
809 1159 994 1227 jactat
1019 1160 1308 1228 Rhenique
1334 1165 1636 1229 parentem,

286 1242 532 1311 Utraque
559 1244 833 1296 Romuleo
860 1245 1208 1312 praetendens
1234 1246 1461 1297 flumina
1487 1262 1673 1312 regno,

285 1327 476 1380 Primo
502 1328 650 1380 sonte
676 1330 892 1393 breveS,
919 1331 1028 1382 alto
1054 1347 1185 1381 mox
1210 1331 1418 1398 gurgite
1445 1333 1683 1395 regnant,

313 1427 331 1449 0
1120 1440 1133 1452 ο

282 1461 407 1500 lacum
421 1473 517 1500 nave
533 1462 691 1510 exigua.
749 1462 858 1501 Hinc
885 1462 1002 1501 citius
1027 1467 1185 1513 superat
1221 1467 1367 1502 montes
1399 1461 1620 1511 impervios,
1640 1460 1806 1511 hyberno
1823 1463 2009 1511 tempore,
2029 1471 2105 1499 non

281 1526 420 1560 curans
433 1514 605 1564 hyemem
624 1520 661 1553 et·
681 1515 854 1566 injurias
873 1517 984 1556 Coeli.
1041 1516 1107 1554 Ita
1125 1517 1190 1554 ille
1207 1516 1277 1564 leo,
1295 1517 1472 1554 deserens
1488 1516 1633 1552 catulos
1639 1513 1846 1560 famelicos
1864 1513 1907 1551 in
1926 1525 2106 1563 caverna,

280 1567 480 1615 egreditur
498 1568 712 1606 terribilior
723 1567 791 1605 sub
806 1572 915 1606 nocte
933 1568 1116 1618 hyemali,
1145 1572 1183 1606 et
1200 1569 1418 1606 taciturnus
1435 1568 1544 1605 vadit
1561 1565 1715 1604 horride
1733 1577 1801 1615 per
1818 1565 1926 1604 nives
1945 1565 2106 1615 profun-

279 1620 362 1657 das.
421 1620 566 1657 Cervix
601 1620 692 1670 ejus
724 1620 856 1668 rigida
891 1620 1088 1658 attollitur
1105 1621 1223 1669 gelu.-
1249 1621 1364 1658 stiria
1390 1619 1623 1667 constringit
1637 1618 1756 1666 jubas
1762 1619 1908 1670 flavas.
1966 1618 2106 1668 Neque

278 1672 503 1709 recordatur
530 1673 676 1717 mortis,
694 1685 813 1722 neque
829 1677 977 1723 spectat
991 1673 1144 1724 pluvias
1158 1674 1217 1711 vel
1230 1672 1413 1721 glaciem,
1441 1673 1534 1711 dum
1559 1671 1707 1718 referat
1735 1683 1838 1710 escas
1859 1683 1935 1722 pro
1952 1671 2107 1711 catulis.

284 1723 442 1762 Rhaetia
458 1725 540 1762 alta
546 1724 728 1776 finitima
745 1727 863 1776 sylvoe
888 1726 1099 1777 Hercynia:
1112 1727 1311 1764 attollitur
1328 1737 1458 1764 versus
1469 1725 1792 1775 Septemtrionem
1803 1738 1816 1764 .·
1835 1738 1920 1775 quoe
1942 1724 2106 1764 Rhaetia

273 1776 466 1827 praedicat
483 1790 524 1815 se
542 1782 706 1816 matrem
733 1778 910 1817 Danubii
943 1783 981 1818 et
1012 1779 1153 1829 Rheni,
1186 1791 1376 1830 opponens
1391 1778 1539 1829 fluvios
1565 1778 1675 1817 ambo
1709 1778 1877 1829 Imperio
1914 1778 2103 1817 Romano.

280 1829 341 1868 Hi
377 1828 495 1869 fluvii
530 1835 663 1870 tenues
691 1838 791 1871 sunt
817 1844 842 1871 a
875 1832 1005 1882 prima
1036 1832 1203 1884 origine,
1232 1832 1306 1872 sed
1324 1833 1461 1872 statim
1478 1832 1726 1871 dominantur
1757 1832 1874 1871 alveis
1886 1831 2106 1883 profundis,

1045 1924 1335 1939 eeeeeeeeeeee

276 1979 342 2014 tur
360 1976 520 2016 Thuan.
554 1977 676 2027 fluxu
710 1978 812 2017 Vat.
841 1990 905 2029 pr.
938 1978 1058 2018 Med.
1078 1990 1164 2016 sec.
1184 1990 1239 2016 m.
1262 1990 1325 2028 pr.
1346 1977 1498 2017 deerat
1529 1979 1596 2018 hic
1618 1990 1764 2017 versus
1785 1977 2019 2017 Fun—321
2051 1978 2105 2016 lo-

275 2041 361 2067 cum
377 2030 501 2068 Farn.
542 2032 805 2079 praetervolat.
839 2043 935 2070 cum
964 2032 1126 2083 στιγμῇ,
1164 2031 1315 2071 Petav.
1335 2043 1398 2083 pr.
1414 2030 1562 2072 Ambr.
1597 2044 1682 2071 sec.
1701 2031 1823 2070 ambo
1842 2031 2004 2070 Moret.
2026 2030 2128 2086 sed,

276 2082 376 2121 Vat.
396 2094 461 2133 pr,
482 2088 527 2121 et
548 2084 638 2124 Pal.
660 2090 755 2134 post
785 2097 901 2135 ocyus
926 2085 1383 2135 interpungnnt.--322
1413 2083 1579 2124 Scandis
1595 2086 1695 2125 Vat.
1713 2085 1845 2137 quint.
1887 2084 2114 2123 inaccensos.

275 2135 391 2174 Rott.
407 2136 526 2174 Med.
547 2149 628 2176 sec.
649 2138 750 2177 Var.
769 2138 853 2177 LL.
876 2150 899 2177 e
917 2150 1051 2188 marg.
1072 2138 1350 2176 Parm.—-323
1378 2139 1534 2187 coelique
1551 2139 1668 2177 Med.
1688 2142 1826 2189 quart.
1844 2137 1927 2176 inc.
1949 2137 2101 2177 Heins.

275 2187 344 2227 ed.
377 2189 517 2228 Vicet.
562 2191 720 2241 coelique
758 2191 823 2229 vel
850 2192 982 2230 caelive
1009 2192 1115 2230 Exc.
1140 2190 1396 2230 Laeti.-—325
1423 2203 1494 2241 per
1512 2195 1616 2230 astas
1633 2190 1738 2230 Jun.
1763 2193 1963 2240 [ηπ-«326
1990 2189 2102 2238 nefas

273 2253 352 2292 pro
368 2243 477 2281 nives
494 2243 522 2283 J
528 2256 595 2284 un.
619 2256 680 2294 pr.
703 2244 844 2283 Oxon.
878 2257 961 2284 sec.
992 2257 1047 2283 m.
1082 2255 1147 2294 pr.
1192 2244 1319 2282 ruinis
1345 2243 1373 2284 J
1379 2255 1445 2283 nn.
1467 2247 1666 2295 piu—32⁷
1684 2242 1939 2294 flammantes
1957 2242 2100 2283 Oxon.

270 2306 358 2334 sec.
397 2307 449 2334 m.
489 2308 552 2345 pr.
597 2298 850 2346 adstringunt
898 2297 1016 2338 Med.
1052 2301 1191 2349 quart.
1237 2296 1450 2346 obstringit
1489 2297 1585 2336 Pal.
1632 2296 1754 2348 Syria
1796 2296 1913 2336 Med.
1955 2307 2100 2335 sec.—

271 2350 351 2386 328
378 2348 447 2386 leti
466 2349 642 2388 meminit
657 2350 806 2389 Ambr.
837 2363 900 2400 pr.
943 2349 1092 2389 nimbos
1110 2354 1178 2389 aut
1199 2349 1323 2389 Farn.
1363 2350 1582 2401 nimbosque
1614 2350 1733 2389 Med.
1766 2353 1906 2400 quart.
1952 2348 2100 2387 nimbo-

269 2413 359 2439 save
378 2401 552 2452 conjicit
580 2402 867 2442 Heins.—-329
892 2408 1008 2453 parat
1035 2403 1135 2443 Jun.
1155 2414 1221 2454 pr.
1259 2403 1400 2442 Oxon.
1422 2415 1507 2442 sec.
1555 2407 1675 2442 Arcto
1695 2402 1790 2441 Pal.
1811 2402 1896 2441 duo
1921 2401 2099 2441 Med.—

270 2456 348 2492 330
363 2454 566 2493 Hernitioe
575 2455 670 2495 Vat.
689 2457 824 2508 quint.
846 2456 1046 2496 Hircinioe
1060 2457 1161 2496 Lov.
1179 2456 1345 2495 Herinae
1364 2456 1618 2496 Rott.—-333
1638 2456 1776 2495 Prima
1782 2454 1924 2503 fronte
1938 2455 2098 2495 Moret.

1103 2549 1278 2591 NOTAE

321 2645 397 2682 321
433 2642 582 2694 Ocyus]
612 2642 699 2682 Alii
734 2644 927 2684 scribunt
947 2656 1064 2696 ocyus
1092 2644 1146 2683 ab
1213 2642 1442 2694 Virgilius:
1463 2643 1474 2665 ‘
1495 2642 1671 2682 Saucius
1690 2642 1762 2681 ille
1782 2642 1866 2693 leo,
1885 2641 1978 2682 &c.'

266 2705 363 2746 ὠκὺς
382 2707 518 2746 velox.-
550 2707 621 2745 alii
654 2707 759 2746 ocius
791 2720 816 2746 a
854 2708 1146 2758 comparativo
1232 2708 1235 2711 ’
1265 2709 1345 2745 326
1370 2705 1508 2756 Stant]
1554 2706 1677 2746 Colla
1696 2705 1853 2757 rigent,
1874 2709 1919 2744 et
1939 2705 2096 2745 altiora

266 2769 387 2811 ὦκίων
404 2770 582 2820 velocior,
602 2770 717 2809 ocior.
1212 2769 1414 2809 videntur
1443 2769 1497 2809 ob
1526 2770 1645 2809 nives
1675 2775 1720 2809 et
1747 2769 1926 2820 glaciem
1955 2768 2094 2821 rigen-

319 2837 398 2873 322
431 2833 608 2873 Brumali
633 2830 779 2883 sidere]
824 2834 1039 2884 Tempore
1072 2833 1147 2884 hy·
1216 2838 1318 2872 tem.

265 2897 416 2948 berno,
430 2898 541 2948 quod
562 2896 723 2948 pendet
740 2896 793 2935 ab
813 2897 954 2936 astris.
1267 2899 1346 2935 330
1364 2896 1596 2948 Hercynioe]
1611 2896 1739 2946 Sylva
1749 2896 1968 2947 Hercynia
1978 2906 2091 2946 mag-

319 2963 397 2999 323
431 2959 504 2998 Nil
522 2959 684 3009 memor]
722 2960 882 2998 Tantus
902 2964 997 2998 erat
1013 2959 1145 2999 virtu·
1213 2971 1310 2998 nam
1334 2959 1433 2998 olim
1454 2959 1696 2998 Germaniae
1718 2963 1881 3009 partem
1907 2969 2091 3008 occupa-

263 3021 322 3062 tis
351 3022 490 3071 ardor,
523 3030 568 3060 et
587 3022 823 3072 eripiendae
847 3023 1038 3062 cladibus
1059 3023 1145 3062 lta·
1213 3021 1322 3071 bat3
1358 3028 1404 3062 et
1446 3022 1681 3073 praesertim
1727 3031 1873 3059 versus
1920 3026 2089 3061 montes

260 3085 345 3124 liae.
401 3084 569 3134 Nempe
605 3085 928 3134 magnanimitas
955 3092 1000 3125 et
1033 3087 1143 3126 desi·
1210 3086 1492 3125 Boiohaemos.

262 3147 426 3187 derium
447 3146 598 3197 patriae
619 3146 848 3186 liberandae
870 3147 1076 3200 efficiunt,
1094 3157 1142 3189 ut
1262 3151 1341 3187 332
1371 3145 1641 3196 Praetendens]
1673 3144 1897 3184 Danubius
1917 3150 1961 3185 et
1977 3146 2086 3186 Rhe-

261 3222 346 3251 non
389 3210 517 3249 etiam
549 3209 729 3248 Stilicho
765 3211 1007 3252 meminerit
1044 3214 1142 3265 hye-
1207 3223 1286 3250 nus
1303 3214 1425 3250 erant
1445 3201 1687 3249 veluti'duo
1707 3208 1882 3259 Imperii
1902 3208 2087 3250 Romani

259 3283 453 3323 memque
481 3272 682 3323 nivesque
716 3273 1004 3314 acerbissimas
1033 3287 1138 3316 esse.
1208 3275 1317 3315 muri
1335 3274 1485 3329 liquidi
1502 3273 1694 3315 hostibus
1725 3273 2090 3327 praetenti,oppo-
2121 3267 2132 3274 ²

343 3334 415 3374 Ille
450 3333 525 3384 leo]
577 3333 665 3372 Per
709 3334 954 3386 emphasim
999 3338 1142 3377 excel-
1207 3339 1295 3381 siti.
2079 3344 2085 3350 “

260 3398 350 3440 lens
371 3396 539 3452 aliquis,
576 3396 754 3438 aliorum
788 3398 1055 3452 praecipuus:
1078 3398 1139 3440 sic
