2300 3906
583 204 649 242 IN
691 204 732 244 1.
773 203 947 243 coNs.
988 203 1256 244 sumen.
1299 203 1418 244 1213.
1460 205 1527 245 11.
1861 196 1970 251 623

142 333 263 385 Ceu
279 335 537 403 juvenem
561 333 782 396 doceaS,
819 335 994 386 moles
1020 335 1153 403 quid
1178 337 1663 404 publicavposcat3
1896 342 1968 392 70

140 417 259 469 Ceu
286 423 530 469 sanctum
558 433 809 467 venerere
835 433 1042 482 senem,
1083 421 1386 488 patriisque
1412 422 1681 487 gubernes

140 501 442 568 Imperium
467 500 687 550 monitis
708 517 722 564 ;
763 501 1044 554 dominum
1065 504 1378 556 submissus
1401 505 1620 566 adores,

139 584 440 652 Obsequiis
465 583 748 635 moderere
775 586 989 650 ducem,
1026 588 1229 655 pietate
1251 591 1557 654 parentem.

139 669 292 720 Hinc
314 669 433 730 fuit,
454 672 518 720 ut
534 669 741 737 primos
767 670 825 720 in
849 670 1079 738 conjuge
1103 670 1345 722 disceret
1369 671 1525 736 ignes
1546 689 1559 723 ε

135 751 427 820 Ordirique
451 754 648 816 virum,
687 769 800 804 non
822 754 1136 805 luxuriante
1152 754 1401 820 juventa,
1896 758 1967 810 75

136 835 247 888 Sed
273 852 399 887 cum
421 837 543 903 lege
569 839 692 901 tori,
733 842 888 890 casto
914 854 1039 890 cum
1064 837 1293 901 foedere,
1331 839 1516 891 vellet.

135 919 390 987 Principe
415 926 476 971 tu
492 921 626 972 felix
653 938 877 987 genero:
917 921 1130 973 felicior
1154 922 1248 974 ille

133 1002 216 1055 Te
242 1019 457 1056 socero.
535 1004 783 1056 Fratrem
809 1006 984 1057 levior
1009 1022 1111 1058 nec
1138 1022 1265 1058 cura
1291 1011 1487 1069 tuetur,

127 1175 249 1227 Resp.
261 1176 433 1226 postulat
446 1188 461 1221 ;
476 1179 513 1214 et
532 1176 633 1214 colas
646 1177 808 1214 eundem
827 1176 933 1215 velut
950 1188 1078 1215 senem
1096 1178 1354 1216 venerandum
1370 1189 1384 1222 ‚·
1412 1181 1450 1215 et
1468 1189 1584 1227 regas
1606 1179 1815 1229 Imperium
1832 1182 1963 1220 admo·

128 1228 341 1268 ‚titionibus
356 1228 551 1279 paternis,
566 1234 612 1268 et
630 1229 788 1268 humilis
801 1229 904 1268 colas
923 1231 1039 1268 velut
1059 1229 1340 1280 Imperatorem
1358 1242 1372 1275 ;
1398 1231 1522 1283 qfficio
1541 1243 1639 1280 agas
1656 1233 1867 1281 ductorem,
1895 1247 1965 1284 pa-

128 1285 228 1322 trem
242 1282 392 1334 pietate
411 1296 427 1330 ;
452 1282 544 1321 inde
569 1281 727 1331 factum
763 1286 837 1332 est,
863 1286 908 1321 ut
926 1283 1092 1322 disceret
1107 1283 1255 1334 primos
1273 1295 1424 1322 amores
1442 1285 1484 1322 in
1502 1285 1661 1335 marito,
1680 1289 1719 1324 et
1737 1286 1850 1324 vellet
1865 1286 1963 1325 inci-

122 1347 218 1387 pere
249 1348 399 1375 munus
427 1336 540 1375 virile
572 1348 648 1375 non
675 1336 933 1376 adolescentia
968 1336 1205 1385 lasciviente,
1232 1338 1301 1375 sed
1328 1349 1414 1375 cum
1435 1337 1587 1385 legibus
1617 1337 1805 1387 conjugii,
1825 1342 1963 1378 etcum

116 1387 269 1437 foedere
279 1389 433 1442 pudico.
490 1389 548 1429 Tu
557 1388 788 1438 fortunatus
801 1401 841 1429 es
860 1389 1102 1441 Imperatore
1117 1401 1278 1441 genero,
1310 1392 1378 1429 sed
1397 1390 1462 1430 ille
1477 1393 1536 1429 est
1545 1391 1792 1440 fortunatior
1806 1395 1845 1431 te
1862 1403 1963 1431 soce-

897 1519 1190 1535 OOOOOOOOOOOO

125 1603 225 1642 Vat.
243 1614 328 1642 sec.
347 1601 431 1642 duo
449 1602 570 1643 Med.
591 1603 754 1642 Moret.
770 1615 855 1642 sec.
874 1602 980 1642 Exc.
996 1602 1177 1641 Gevart.
1205 1606 1330 1642 sectus
1343 1604 1445 1643 Var.
1465 1605 1550 1643 LL.
1569 1604 1635 1643 ed.
1652 1603 1785 1644 Antv.
1816 1609 1961 1645 secreto

49 1665 52 1668 ’
126 1656 227 1695 Vat.
267 1668 331 1707 pr.
370 1661 415 1695 et
451 1662 591 1707 quart.
626 1656 743 1696 Prie.
772 1656 892 1695 Med.
921 1667 1006 1695 sec.
1034 1656 1142 1707 Reg.
1162 1656 1325 1696 Thuan.
1345 1658 1696 1696 Bonon.'rholos.
1716 1658 1873 1697 Moret.
1893 1670 1960 1708 pr.

126 1709 211 1748 duo
234 1706 382 1748 Ambr.
409 1713 577 1748 secretus
595 1709 717 1749 Leid.
738 1721 803 1760 pr.
825 1721 920 1748 cum
941 1708 1184 1760 quindecim
1219 1709 1327 1759 aliis,
1360 1711 1466 1748 Exc.
1503 1710 1609 1750 Cod.
1638 1711 1790 1750 Rhem.
1812 1716 1857 1749 et
1878 1712 1961 1749 Lu-

125 1773 240 1802 cens.
263 1774 330 1812 pr.
344 1761 446 1801 Ald.
467 1762 533 1801 ed.
554 1762 699 1801 Parm.
721 1768 764 1801 et
783 1763 929 1802 Vicet.
955 1767 1099 1801 secreto
1128 1763 1196 1801 vel
1215 1768 1382 1801 secretus
1398 1764 1500 1802 Vat.
1522 1769 1622 1802 tert.
1650 1764 1815 1802 secernis
1834 1769 1878 1802 et
1901 1775 1959 1802 m.

124 1826 211 1854 sec.
239 1817 411 1854 secertus
428 1815 553 1853 Voss.
575 1815 784 1854 incertum
806 1828 858 1854 an
878 1827 931 1853 ex
951 1816 1105 1865 glossa,
1125 1827 1223 1854 nam
1241 1816 1409 1854 secernis
1429 1822 1523 1855 erat
1540 1817 1852 1856 deletum—70
1880 1817 1961 1856 Seu

124 1868 243 1908 Med.
273 1874 319 1906 et
353 1868 504 1907 Petav.
541 1873 641 1907 tert.
690 1867 766 1906 Seu
782 1869 850 1906 vel
874 1869 954 1907 Ceu
970 1869 1037 1906 vel
1059 1869 1157 1907 Cum
1174 1869 1280 1919 Reg.
1301 1869 1441 1908 Oxon.
1458 1881 1522 1918 pr.
1550 1872 1684 1908 doceat
1703 1870 1802 1909 Vat.
1823 1870 1959 1920 quint.

123 1922 222 1972 quod
246 1920 361 1960 Med.
382 1933 468 1960 sec.
484 1934 539 1960 m.
557 1933 622 1971 pr.
648 1926 783 1972 poscat
796 1921 898 1960 Vat.
922 1934 989 1972 pr.
1008 1933 1064 1960 m.
1085 1933 1150 1972 pr.
1168 1921 1286 1960 Prie.
1312 1922 1437 1971 poscit
1449 1923 1550 1960 Vat.
1570 1935 1634 1971 pr.
1648 1935 1704 1960 ιιι.
1725 1934 1808 1961 see.
1830 1924 1958 1962 Farn.

125 1974 261 2014 Oisel.
282 1975 388 2025 Reg.
413 1975 603 2014 Florent.
624 1987 681 2014 m.
702 1987 768 2025 pr.
788 1975 907 2014 Med.
937 1986 1024 2013 sec.
1045 1986 1099 2014 m.
1121 1985 1191 2024 pr.
1214 1975 1340 2025 possit
1362 1975 1457 2013 Pal.
1482 1975 1602 2014 Med.
1623 1987 1688 2026 pr.
1717 1976 1834 2013 sentit
1854 1975 1959 2014 Vat-

123 2032 225 2067 tert.
247 2040 301 2067 m.
323 2031 494 2079 pr.——-⁷l
526 2027 604 2067 Seu
623 2028 724 2067 Vat.
755 2033 895 2078 quart.
917 2028 1073 2067 Petav.
1095 2032 1196 2066 tert.
1228 2028 1329 2066 Cum
1348 2028 1457 2077 Reg.
1482 2027 1625 2067 Oxou.
1653 2040 1718 2079 pr.
1738 2027 1861 2068 deest
1887 2028 1960 2067 hic

126 2092 273 2121 versus
294 2081 336 2120 in
361 2082 479 2120 Med.
502 2087 604 2121 tert.
631 2093 814 2120 venerare
833 2081 919 2119 duo
936 2082 1059 2120 Vatt.
1082 2080 1178 2118 Pal.
1199 2080 1368 2119 Tholos.
1397 2092 1572 2120 reverere
1587 2081 1706 2119 voss.
1723 2079 1869 2119 Ambr.
1892 2093 1958 2130 pr.

117 2135 319 2186 patrisque
338 2135 443 2185 Reg.
467 2135 623 2174 Petav.
645 2140 750 2174 tert.
777 2134 994 2186 patriisque
1004 2134 1111 2173 Lov.
1129 2134 1156 2174 J
1162 2145 1230 2173 un.
1247 2145 1312 2184 ρι’.
1331 2134 1414 2171 duo
1435 2133 1586 2173 Leidd.
1604 2134 1846 2185 propriisque
1866 2135 1961 2173 Flo-

123 2194 233 2229 rent.
253 2201 309 2227 m.
332 2200 395 2238 pr.
421 2189 615 2238 gubernas
635 2188 737 2227 Vat.
759 2200 822 2238 pr.
853 2189 979 2227 Farn.
1006 2187 1285 2226 Tholos.--72
1314 2191 1462 2226 montes
1482 2199 1559 2238 pro
1579 2188 1739 2226 monitis
1754 2189 1879 2227 Voss
1902 2200 1958 2226 m.

122 2252 187 2292 pr.
216 2243 405 2281 domitum
443 2242 535 2281 Vat.
555 2248 696 2294 quart.
732 2242 928 2280 dominum
964 2241 1033 2279 vel
1064 2240 1260 2280 domitum
1296 2240 1486 2280 Floreat.
1524 2240 1712 2280 subnixus
1733 2241 1850 2279 Leid.
1873 2253 1959 2280 sec.

124 2299 213 2334 tres
232 2296 353 2334 Vatt.
379 2295 498 2335 Rott.
514 2300 602 2334 tres
628 2295 744 2334 Med.
765 2295 851 2334 duo
870 2295 1022 2334 Petav.
1043 2294 1149 2333 Lov.
1178 2294 1285 2334 Exc.
1314 2293 1493 2333 Gevart.
1513 2295 1614 2333 Var.
1632 2294 1720 2334 LL.
1738 2293 1807 2333 ed.
1826 2293 1960 2334 Antv.

121 2347 331 2388 submissus
350 2349 418 2386 vel
436 2349 624 2388 subnixus
642 2349 745 2390 Jun.
769 2351 942 2399 ρι·.-73
974 2347 1165 2397 Obsequio
1185 2347 1312 2385 Fam.
1338 2347 1442 2385 Lov.
1461 2347 1528 2386 ed.
1548 2348 1691 2386 Vicet.
1724 2347 1958 2397 Obsequium

122 2400 278 2442 Petav.
298 2414 386 2441 sec.
418 2402 622 2453 Obsequiis
654 2402 776 2442 Leid.
813 2413 879 2452 pr.
912 2412 1008 2440 cum
1036 2399 1349 2450 septemdecim
1377 2399 1468 2438 aliis
1489 2405 1533 2438 et
1564 2399 1670 2438 Exc.
1693 2400 1872 2437 Lucens.
1890 2409 1957 2449 pr.

121 2465 302 2494 venerare
319 2455 420 2495 Jun.
438 2467 502 2504 pr.
530 2457 728 2494 moderare
748 2454 870 2493 Leid.
889 2465 955 2504 pr.
975 2458 1021 2492 et
1049 2453 1174 2491 multi
1194 2452 1279 2491 alii.
1305 2456 1490 2502 parentes
1510 2453 1697 2502 Reg.—-7
1701 2455 1727 2491 4
1749 2451 1832 2491 Hic
1847 2452 1956 2502 Reg.

123 2506 196 2546 Sic
215 2507 314 2546 Vat.
334 2519 400 2557 pr.
418 2507 537 2546 Prie.
559 2508 642 2546 duo
659 2507 962 2547 Medsrholos.
982 2505 1138 2544 Petav.
1158 2516 1245 2543 sec.
1266 2503 1413 2543 Ambr.
1429 2510 1530 2544 tert.
1549 2517 1636 2544 cum
1654 2505 1815 2553 conjugo
1833 2504 1956 2544 Med.

122 2571 188 2611 pr.
216 2564 262 2599 ut
281 2560 444 2610 conjuge
464 2562 585 2599 Rott.
611 2560 718 2608 ignis
736 2559 1020 2598 Tholos.—76
1046 2557 1156 2596 chori
1175 2556 1293 2596 Med.
1311 2562 1414 2597 tert.
1443 2562 1526 2597 tum
1549 2558 1674 2597 Farn.
1703 2559 1817 2596 velles
1834 2557 1956 2597 Med.

122 2617 368 2665 quart.-77
394 2626 538 2664 genero
557 2612 666 2661 felix
694 2612 778 2652 duo
796 2612 919 2652 Vatt.
939 2611 1094 2651 Petav.
1122 2622 1188 2661 ρι·.
1205 2609 1356 2650 Ambr.
1377 2614 1572 2653 sem—78
1599 2623 1674 2651 non
1694 2611 1856 2651 Mor-et.
1890 2623 1955 2662 pr.

945 2730 1123 2772 NOTAE

52 2875 55 2877 ,
123 2852 206 2880 non
224 2839 448 2893 frangatur
473 2853 523 2881 ac
543 2840 787 2892 dejiciatur,
807 2844 855 2879 ut
876 2839 1005 2891 dejici
1070 2838 1140 2877 liae
1161 2837 1380 2877 imminere
1398 2850 1408 2876 ε
1442 2837 1485 2876 id
1503 2837 1615 2890 quod
1637 2837 1810 2877 accidit.

0 2897 2 2906 ¹
121 2905 260 2944 solent
286 2905 456 2944 servilia
486 2904 659 2955 ingenia
688 2903 816 2942 nimio
851 2902 1004 2942 timore
1124 2903 1176 2940 '73
1223 2900 1450 2952 Obsequiis]
1522 2901 1751 2952 obsequiis
1789 2904 1834 2940 et
1868 2898 1957 2939 offi-

124 2968 356 3008 constricta
375 2973 504 3020 atque
523 2967 746 3019 impedita.
1071 2963 1145 3002 ciis
1179 2975 1301 3015 geras
1332 2969 1376 3002 te
1414 2968 1463 3002 ut
1506 2963 1681 3003 ducem:
1730 2961 1873 3002 studio
1910 2966 1957 3002 et

174 3033 228 3079 ⁷1
268 3029 456 3070 Sanctum
482 3028 630 3080 senem]
687 3027 776 3068 Alii
795 3027 849 3068 ad
868 3028 1005 3067 Theo·
1073 3027 1241 3078 pietate
1268 3032 1316 3066 ut
1337 3031 1570 3078 parentem.

123 3091 286 3133 dosium
306 3094 434 3132 alludi
452 3098 621 3144 putant,
650 3092 722 3131 alii
738 3091 791 3130 ad
808 3095 1004 3130 sanctum
1126 3093 1178 3129 74
1208 3089 1365 3129 Primos
1382 3088 1511 3140 ignes]
1566 3089 1654 3128 Per
1679 3087 1957 3129 Stilichonem

123 3153 406 3206 Ambrosium,
450 3169 577 3208 quem
618 3156 796 3196 Stilicho
841 3160 890 3194 ut
934 3167 1003 3205 pa·
1072 3151 1231 3193 factum
1251 3160 1334 3202 est,
1362 3157 1411 3192 ut
1431 3152 1645 3193 Honorius
1665 3152 1824 3203 primos
1845 3162 1958 3189 amo-

125 3222 236 3258 trem
267 3220 455 3266 ,co-lebat,
489 3226 533 3258 et
559 3219 682 3270 cujus
701 3217 886 3258 consiliis
914 3223 1004 3256 ute-
1072 3229 1140 3257 res
1162 3217 1364 3268 disceret,
1390 3229 1475 3256 non
1495 3215 1745 3256 libidinibus
1760 3214 1892 3265 vagis,
1907 3218 1956 3253 ut

34 3260 40 3344 ᾖ
124 3279 249 3319 batur
283 3282 328 3320 in
364 3282 554 3333 regendo
593 3282 803 3332 Honorio,
838 3288 882 3321 et
921 3292 1004 3333 quo
1073 3281 1212 3320 solent
1238 3279 1439 3331 juvenes,
1464 3280 1533 3319 sed
1562 3278 1747 3328 cumlege
1766 3276 1860 3328 tori,
1877 3286 1951 3315 seu

36 3347 41 3378 l
124 3346 294 3381 mortuo
313 3343 470 3384 dixisse
502 3344 656 3398 fertur,
685 3351 806 3385 tanto
835 3345 1006 3384 virore·
1073 3343 1266 3397 legitimo
1281 3342 1492 3395 conjugio.

36 3385 43 3484 ἰ
125 3404 309 3445 cedente
343 3404 398 3445 de
430 3417 626 3460 corpore,
657 3407 882 3448 interitum
916 3406 1005 3447 Ita-
