2300 3906
343 179 452 235 898
883 195 978 233 οι..
1017 190 1391 232 υιΑυυιΑΝις
1416 190 1668 232 xxxm.

346 310 602 374 Sedibus,
628 315 683 363 et
709 311 912 362 claram
938 307 1252 374 dispergere
1279 308 1517 359 eulmina
1541 309 1743 370 lucem,

343 391 656 446 Adventum
682 397 880 445 testata
907 391 1034 443 Dei.
1108 390 1144 442 J
1150 407 1235 442 am
1261 408 1494 458 magnus
1521 395 1589 444 ab
1616 393 1743 444 imis

344 475 584 529 Auditur
609 479 852 528 fremitus
877 476 1056 537 terriS‚
1081 475 1455 543 templumque
1478 476 1709 542 remugit

349 559 697 628 Cecropium,
725 566 1063 628 sanctasque
1089 559 1243 611 faces
1269 560 1490 611 extollit
1514 559 1759 611 Eleusin.

347 641 570 710 Angues
587 644 914 711 Triptolemi
939 645 1188 708 stridunt,
1216 649 1270 695 et
1295 660 1562 711 squamea
1587 644 1774 696 curvis

2101 474 2172 526 10

346 770 614 817 trementibus,
643 773 681 807 et
709 781 855 808 eorum
873 768 1048 820 fastigia
1074 770 1243 817 sundere
1277 770 1403 809 lumen
1421 770 1604 819 nitidum,
1633 768 1675 807 in
1706 768 1966 808 testimonium
1994 766 2074 807 D’ei
2103 768 2172 807 ad-

347 823 557 863 venientis:
574 823 661 870 jam
694 822 807 861 audio
836 822 976 871 ingens
1001 836 1175 863 murmur
1211 823 1346 862 exiens
1379 835 1429 861 ex
1455 821 1661 873 profundis
1694 822 1888 860 cavernis
1910 826 2053 860 terrae:
2081 824 2177 859 tem-

333 878 456 928 *plum
474 875 769 914 Atheniensium
786 879 952 925 resonat,
978 880 1018 915 et
1051 876 1151 915 urbs
1190 876 1345 916 Eleusis
1376 876 1534 914 extollit
1567 876 1689 914 toedas
1720 874 1867 914 Cereri
1889 886 2031 913 sacras.
2086 872 2178 913 Ser-

346 932 486 980 pentes
520 928 694 978 sibilant,
722 933 759 967 et
798 929 981 968 attollunt
1012 930 1106 969 colla
1139 934 1258 968 tecta
1292 928 1477 980 squamis,
1505 927 1648 967 attrita
1662 928 1775 978 jugis
1801 929 1971 967 curvatis
1981 940 1996 973 ;
2022 940 2067 966 ac
2103 927 2182 966 leni

1115 1033 1140 1048 θ
1145 1033 1413 1049 OOOOOOOOOOO

355 1099 571 1138 Pectore!
599 1105 644 1139 et
665 1100 815 1139 Ouzel.
838 1100 880 1139 in
896 1101 1060 1141 Minue.
1078 1114 1120 1153 p.
1140 1106 1289 1142 50.-——8
1317 1103 1485 1142 culmina
1505 1100 1655 1140 Heius.
1677 1100 1747 1153 qui
1765 1100 1964 1151 ascripsit
1982 1100 2094 1140 Stat.
2110 1110 2180 1139 111.

352 1151 484 1191 Theb.
505 1155 572 1192 37.
603 1156 614 1175 ‘
638 1160 739 1193 tunc
763 1154 853 1192 visa
871 1154 1003 1193 levari
1025 1154 1247 1195 Culmina.'
1276 1156 1413 1194 limina
1429 1155 1530 1194 Vat.
1550 1166 1614 1204 pr.
1640 1153 1742 1194 Jun.
1777 1166 1861 1194 sec.
1893 1154 2047 1192 Petav.
2080 1157 2183 1193 tert.

353 1205 519 1245 Bonon.
539 1206 640 1245 Vat.
664 1206 966 1246 Livin.lumina
1000 1207 1106 1247 Cod.
1139 1208 1379 1247 Bartholin.
1405 1219 1501 1246 cum
1532 1207 1681 1257 viginti
1714 1207 1823 1255 aliis,
1857 1206 1925 1245 ed.
1960 1206 2106 1244 Parm.
2138 1210 2185 1245 et

351 1258 493 1298 Vicet.
515 1259 619 1297 Exc.
641 1259 797 1299 Petav.
818 1265 958 1310 quart.
978 1260 1120 1299 lumine
1142 1260 1236 1300 Ald.
1265 1262 1416 1300 lumina
1436 1262 1501 1298 vel
1521 1260 1656 1299 limina
1676 1260 1781 1310 Reg.
1802 1264 1847 1298 et
1872 1260 2003 1298 chart.
2035 1258 2184 1298 Heius.

352 1315 433 1350 —9
461 1311 665 1350 Adventus
684 1312 778 1350 Pal.
799 1312 883 1352 duo
911 1313 1027 1352 Med.
1049 1313 1200 1353 Heius.
1229 1314 1285 1354 H.
1304 1315 1376 1365 qui
1396 1326 1510 1365 seqq.
1542 1313 1612 1351 hic
1650 1317 1900 1351 notaverat:
1931 1314 1942 1334 ‘
1964 1313 2186 1350 Adventum

351 1367 499 1403 testata
521 1364 622 1414 Dei]
650 1365 837 1416 loquitur
869 1365 921 1404 de
946 1366 1117 1406 Cerere.
1147 1378 1277 1417 quare
1301 1367 1397 1406 Deoe
1428 1365 1671 1416 legendum.
1699 1377 1751 1403 an
1772 1366 1883 1404 Deus
1906 1364 2037 1403 Ceres
2066 1363 2185 1403 dicta

353 1416 398 1455 in
418 1417 547 1456 sacris
567 1418 806 1466 Eleusiniis,
826 1418 1035 1469 quomodo
1054 1418 1127 1466 τὴν
1146 1418 1244 1458 Θεὸν
1264 1418 1444 1458 Athenis
1464 1419 1701 1456 Minervam
1721 1417 1962 1456 vocabant?
1990 1416 2185 1456 similiter

352 1468 451 1510 Lib.
475 1469 528 1508 de
548 1481 608 1510 lv.
630 1471 756 1510 Cous.
787 1471 950 1510 Honor.
982 1475 1075 1511 574.
1117 1473 1349 1511 ‘Testatus
1382 1471 1536 1510 sudore
1558 1469 1730 1509 Deum.²
1766 1470 1826 1508 sic
1859 1475 2110 1509 constanter
2138 1469 2185 1508 li-

353 1521 420 1563 bri
442 1522 606 1572 scripti,
622 1535 713 1561 cum
736 1523 789 1561 de
810 1523 928 1562 Iside
947 1523 1158 1574 loquatur.
1186 1524 1285 1561 vide
1304 1523 1486 1562 Casaub.
1509 1522 1562 1560 ad
1584 1522 1698 1561 Hist.
1721 1521 1830 1572 Aug.
1848 1534 1890 1572 p.
1912 1525 2007 1560 143.
2034 1522 2120 1562 vid.
2138 1527 2185 1562 et

354 1573 409 1613 de
429 1575 540 1612 Luno
557 1575 646 1613 Dea
663 1575 839 1614 Salmas.
863 1587 905 1625 p.
925 1578 1018 1614 164.
1038 1579 1131 1614 280.
1143 1579 1237 1615 370.
1269 1581 1314 1614 et
1331 1574 1511 1614 Casaub.
1532 1587 1574 1624 p.
1591 1577 1695 1613 1323
1739 1586 1829 1612 nam
1848 1586 2011 1623 magnus
2038 1574 2187 1615 Ambr.

354 1630 567 1666 tert.—10
584 1627 771 1677 strepitus
783 1626 883 1667 Vat.
904 1639 969 1678 pr.
983 1628 1149 1667 Bonon.
1169 1627 1327 1667 Moret.
1344 1639 1410 1679 pr.
1431 1627 1577 1678 campis
1596 1627 1676 1667 inc.
1693 1626 1846 1666 Heius.
1862 1629 2051 1677 strepitus
2069 1627 2189 1667 terris

356 1678 458 1719 Jun.
486 1691 552 1729 pr.
578 1682 696 1718 terris
713 1680 900 1730 strepitus
912 1680 1016 1720 Jun.
1039 1691 1125 1720 sec.
1147 1681 1351 1732 coelumque
1370 1681 1472 1720 Vat.
1496 1692 1582 1719 sec.
1610 1681 1814 1730 coelumque
1839 1681 1906 1718 vel
1932 1682 2188 1732 templumque

355 1731 681 1771 Voss.sec.—ll
708 1734 960 1784 Cecropidum
969 1734 1069 1774 Vat.
1083 1746 1147 1784 pr.
1160 1734 1266 1774 Cod.
1277 1734 1512 1773 Bartholin.
1526 1733 1595 1772 ed.
1609 1734 1750 1772 Vicet.
1769 1733 1965 1784 Ciclopum
1978 1734 2073 1774 Pal.
2085 1734 2187 1774 Put.

360 1784 588 1835 Cecropium
602 1785 683 1824 duo
693 1786 815 1826 Vatt.
831 1786 1019 1826 Florent.
1032 1786 1116 1826 duo
1132 1786 1248 1826 Med.
1264 1788 1368 1837 Reg.
1382 1800 1437 1826 m.
1455 1798 1518 1837 pr.
1533 1787 1691 1826 Moret.
1707 1798 1772 1837 pr.
1783 1786 1924 1826 Oxon.
1935 1799 2019 1826 sec.
2033 1787 2187 1826 Heius.

355 1836 413 1876 H.
436 1843 481 1876 et
502 1838 583 1877 inc.
601 1838 737 1889 ejusd.
760 1839 842 1878 duo
862 1840 963 1880 Jun.
989 1845 1073 1879 tres
1095 1841 1247 1879 Petav.
1272 1841 1378 1880 Exc.
1400 1841 1549 1878 Petav.
1579 1844 1720 1895 quart.
1743 1840 1993 1890 Cecropidum
2013 1841 2081 1878 vel
2115 1841 2189 1879 Ce-

355 1890 529 1940 cropium
548 1890 649 1930 Vat.
671 1904 753 1931 sec.
773 1893 930 1932 extollit
949 1905 1096 1932 omnes
1115 1894 1236 1933 Vatt.
1267 1894 1355 1932 Pal.
1391 1894 1500 1943 Reg.
1528 1893 1682 1933 Petav.
1715 1904 1779 1942 pr.
1812 1893 1917 1931 Cod.
1947 1892 2188 1932 Bartholin.

357 1944 503 1982 attollit
523 1944 715 1984 Florent.
736 1945 835 1986 Jun.
871 1958 935 1997 pr.
966 1946 1067 1985 Put.
1087 1947 1184 1987 Nic.
1201 1946 1354 1985 Heius.
1385 1946 1517 1986 Gesn.
1547 1950 1592 1984 et
1622 1945 1691 1985 ed.
1721 1946 1898 1996 Bipont.
1917 1945 1977 1985 sic
1996 1945 2188 2001 Epithal.

357 1997 523 2036 Pallad.
544 2010 603 2037 vs.
623 2001 687 2037 33.
715 1998 727 2019 ‘
746 2010 825 2037 nec
845 1998 1002 2049 primas
1026 1997 1090 2038 fas
1111 2005 1179 2039 est
1199 2000 1397 2039 attollere
1420 1997 1585 2040 taedas!
1616 2003 1660 2037 et
1687 2000 1698 2019 ‘
1716 2000 1914 2038 attollere
1935 1998 2067 2049 signa'
2089 2011 2120 2039 1.
2143 1998 2188 2038 in

361 2048 502 2089 Rufin.
522 2053 587 2090 86.
617 2051 699 2089 vid.
728 2052 941 2090 Wouwer.
971 2057 1061 2091 not.
1090 2053 1133 2091 in
1162 2053 1327 2092 Minue.
1349 2065 1389 2104 p.
1424 2055 1490 2091 26.
1539 2051 1699 2092 Ele-usin
1726 2053 1828 2091 Vat.
1862 2057 1962 2091 tert.
1990 2051 2188 2091 Pa1.·duo

358 2101 479 2141 Med.
500 2102 653 2141 Heins.
675 2104 733 2142 H.
754 2105 906 2143 Eleusis
929 2111 1112 2156 quatuor
1139 2107 1257 2145 Vatt.
1287 2105 1391 2145 Cod.
1427 2104 1617 2143 Barthol.
1651 2104 1798 2144 Heius.
1819 2109 2046 2143 notaverat
2063 2117 2186 2157 seqq.

357 2154 371 2175 ‘
394 2154 579 2204 Eleusin]
601 2156 653 2194 ab
679 2157 853 2205 Eleusin,
873 2158 1095 2197 Eleusinus.
1114 2158 1211 2198 Vid.
1231 2158 1407 2197 Salmas.
1431 2157 1484 2195 ad
1520 2157 1636 2196 Hist.
1656 2156 1767 2206 Aug.
1786 2170 1826 2207 p.
1847 2161 1915 2206 32,
1935 2160 2004 2206 33,
2018 2161 2085 2197 34.
2113 2158 2188 2197 ubi

360 2207 495 2246 multa
514 2207 567 2246 de
586 2209 717 2248 sacris
737 2210 962 2250 Eleusinis.
980 2223 1022 2261 p.
1037 2215 1103 2250 55.
1125 2214 1191 2250 56.
1212 2214 1279 2249 98.
1297 2214 1389 2250 202.
1412 2209 1591 2250 Casaub.
1613 2223 1651 2259 p.
1673 2209 1862 2249 78.’-12
1891 2210 2065 2250 stridunt
2085 2211 2188 2251 Put.

360 2259 518 2300 Petav.
547 2273 610 2311 pr.
633 2268 760 2313 atque
790 2263 852 2301 ita
880 2263 1032 2302 Heius.
1059 2263 1127 2315 qui
1159 2263 1361 2314 ascripsit
1398 2263 1546 2301 Avien.
1572 2275 1614 2312 p.
1642 2265 1707 2301 85.
1737 2262 1806 2301 ed.
1838 2263 1964 2302 Grot.
1994 2268 2040 2302 et
2056 2275 2099 2315 p.
2119 2267 2187 2304 99.

361 2312 474 2352 Stat.
494 2324 576 2353 vu.
597 2315 729 2354 Theb.
763 2318 857 2354 770.
892 2321 935 2354 et
969 2316 1165 2357 Juvenal.
1198 2316 1286 2355 Sat.
1306 2327 1349 2354 x.
1380 2318 1448 2353 61.
1480 2327 1534 2352 ex
1566 2315 1670 2354 Mss.
1701 2315 1868 2354 strident
1891 2316 2081 2355 Florent.
2104 2316 2188 2356 duo

361 2365 480 2405 Med.
501 2367 605 2416 Reg.
628 2368 769 2407 Oxou.
791 2380 856 2419 pr.
878 2368 1031 2408 Petav.
1052 2380 1138 2408 sec.
1161 2370 1323 2408 Bonon.
1351 2368 1521 2406 Tholos.
1556 2365 1706 2406 Ambr.
1737 2373 1836 2408 tert.
1872 2368 2023 2408 Heius.
2052 2369 2112 2408 H.
2144 2375 2190 2409 et

362 2417 445 2459 inc.
466 2419 603 2471 ejusd.
623 2425 668 2460 et
686 2422 795 2461 alter
810 2421 1043 2462 membran.
1074 2423 1232 2462 Moret.
1251 2434 1315 2474 pr.
1347 2422 1448 2463 Jun.
1488 2432 1571 2461 sec.
1586 2419 1688 2460 Ald.
1718 2420 1787 2462 ed.
1819 2421 1964 2462 Parm.
1983 2427 2029 2462 et
2046 2422 2187 2463 Vicet.

1186 2530 1367 2572 NOTAE

417 2610 444 2646 9
469 2606 692 2648 Adventum
709 2612 854 2649 testata
869 2611 965 2661 Dei,
983 2611 1072 2663 ξω]
1098 2612 1241 2651 Terrae

363 2670 674 2721 templorumve
690 2677 844 2723 motus,
861 2685 1067 2723 murmur,
1083 2674 1244 2725 lumen,

364 2731 498 2783 faces,
515 2732 631 2784 signa
647 2739 771 2774 erant
789 2736 981 2776 Deorum
1007 2735 1244 2776 adventan-

364 2796 486 2836 tium.

420 2862 469 2898 11
503 2859 745 2912 Cecropium,
757 2865 982 2912 sanctasque
991 2859 1104 2909 faces
1120 2862 1243 2901 extol-

366 2920 413 2959 lit
429 2921 610 2971 Eleusin]
626 2922 712 2963 Alii
726 2923 875 2976 legunt
888 2925 1156 2976 Cecropidum,
1168 2926 1196 2964 i.
1208 2937 1245 2965 e.

364 2980 706 3036 Atheniensium,
738 2986 809 3036 qui
842 2999 867 3025 a
898 2988 1018 3038 Rege
1052 2988 1245 3039 Cecrope

369 3043 594 3095 Cecropidoe
622 3046 728 3086 dicti
765 3054 864 3088 sunt
882 3063 892 3088 ε
933 3050 1082 3089 horum
1114 3063 1244 3102 parva

367 3107 468 3147 urbs
487 3108 654 3147 Eleusis
673 3110 715 3148 in
738 3109 899 3162 Attica,
925 3125 1062 3164 eaque
1080 3113 1245 3154 famosa

368 3168 553 3219 Cereris,
567 3170 663 3210 hinc
679 3171 808 3212 dictae
820 3174 1032 3225 Eleusinae,
1042 3177 1185 3228 sacris,
1200 3177 1242 3215 in

368 3229 522 3283 quibus
540 3229 657 3272 faces
677 3233 869 3273 adhiberi
889 3237 1040 3277 solitae.
1071 3239 1244 3277 Etenim

370 3305 423 3332 ex
444 3294 685 3348 Lactantio,
709 3297 807 3348 quia
834 3296 998 3340 facibus
1017 3312 1072 3339 ex
1103 3300 1243 3340 AEtnae

370 3356 534 3400 vertice
564 3358 757 3401 accensis
786 3358 1089 3413 Proserpinam
1117 3363 1248 3403 Ceres

1310 2610 1530 2664 quaesiisse
1568 2610 1610 2650 in
1642 2609 1788 2651 Sicilia
1817 2609 1988 2659 dicitur,
2025 2609 2190 2652 idcirco

1311 2685 1435 2713 sacra
1454 2672 1546 2724 ejus
1565 2673 1804 2714 ardentium
1825 2673 2032 2714 taedarum
2049 2673 2192 2725 jacta-

1310 2735 1429 2775 tione
1461 2735 1748 2776 celebrantur.
1816 2736 1942 2775 Unde
1981 2741 2027 2775 et
2057 2735 2187 2776 Ceres

1313 2811 1410 2839 cum
1430 2811 1606 2839 accensa
1627 2798 1722 2839 face
1740 2800 2010 2852 pingebatur.

1368 2865 1419 2901 12
1456 2862 1617 2912 Angues
1651 2863 1899 2914 Triptolemi]
1939 2862 2189 2914 Triptolemi

1311 2925 1444 2976 origo,
1470 2931 1518 2965 ut
1547 2930 1647 2965 sunt
1677 2937 1744 2965 res
1773 2924 1928 2966 fabulis
1969 2925 2191 2977 involutae,

1311 2989 1413 3028 satis
1433 2988 1559 3028 dubia
1588 2994 1668 3027 est.
1708 2989 1913 3039 Plerique
1938 2999 2033 3026 eum
2067 2988 2191 3028 Celei

1312 3051 1445 3102 Regis
1477 3050 1667 3090 Eleusini
1709 3049 1841 3089 filium
1874 3049 2003 3088 fuisse
2054 3050 2191 3101 aiunt,

1311 3114 1614 3165 Cereremque,
1647 3124 1741 3151 cum
1773 3118 1939 3162 raptam
1968 3113 2191 3164 Proserpi-

1311 3187 1406 3214 nam
1426 3179 1653 3226 quaereret,
1679 3180 1723 3213 et
1754 3186 1779 3212 a
1806 3175 1936 3214 Celeo
1965 3175 2188 3226 benignius

1310 3241 1492 3287 accepta
1509 3234 1676 3286 fuisset,
1710 3248 1805 3274 eum
1835 3236 1932 3276 ideo
1965 3247 2042 3288 per
2074 3237 2188 3277 diem
2252 3262 2262 3272 v.

1312 3297 1457 3337 divino
1475 3297 1586 3337 lacte
1614 3297 1785 3349 aluisse,
1804 3311 1883 3350 per
1900 3305 2071 3339 noctem
2090 3300 2198 3351 igne.

1313 3361 1474 3402 texisse
1507 3373 1556 3401 ae
1592 3360 1773 3402 fovisse:
1818 3367 1862 3402 at
1895 3362 1988 3415 ipse
2018 3363 2193 3415 Triptoz
