2300 3906
334 219 443 272 756
871 232 985 272 cnr
1005 228 1360 271 CLAUDIAM
1403 229 1589 268 xxvi.

334 351 522 405 Verus
549 354 743 405 ductor
769 351 945 413 adest,
974 353 1028 400 et
1048 348 1240 400 vivida
1265 347 1464 402 Martis
1488 349 1694 416 imago.

335 437 613 506 Prospera
638 436 733 488 sed
759 439 1022 502 quantum
1046 438 1252 485 nostrae
1279 448 1411 499 spes
1436 433 1629 486 addita
1653 433 1838 495 menti,

332 521 568 573 Tantum
592 525 813 572 exemta
839 518 999 571 Getae
1023 535 1035 570 :
1075 520 1171 586 qui
1196 518 1404 569 vertice
1430 520 1717 586 proximus
1744 517 1909 570 astris
2052 518 2160 570 470

333 605 477 657 Post
501 603 674 671 Alpes
689 603 809 671 jam
833 607 1035 655 cuncta
1054 603 1161 653 sibi
1187 602 1438 669 promisit
1462 608 1704 669 apertaS,

333 688 431 740 Nil
456 704 750 756 superesse
778 693 947 740 ratus,
1024 688 1336 755 Postquam
1360 690 1442 738 tot
1464 687 1684 738 flumina
1708 687 1922 755 pulSUS,

332 772 635 841 Cinctaque
655 773 970 824 fluminibus
996 773 1198 823 crebris
1222 775 1303 823 tot
1325 770 1534 822 moenia
1558 771 1743 834 cernit,

329 858 440 909 Tot
464 858 678 909 subitos
700 857 929 925 pediteS,
952 857 1196 923 equitum
1220 859 1304 907 tot
1331 854 1609 921 conspicit
1635 854 1774 917 alaS‚

328 942 511 1008 Seque
536 942 691 992 velut
717 941 966 991 clausum
991 940 1228 1007 laqueiS‚
1257 939 1360 990 sub
1383 942 1607 1006 pectore
1632 937 1820 991 furtim
2053 939 2162 992 475

326 1025 573 1086 AEstuat,
597 1029 652 1075 et
669 1025 897 1075 nimium
919 1040 1093 1091 prono
1116 1023 1327 1075 fervore
1353 1023 1547 1090 petitae

326 1109 363 1161 J
367 1124 457 1159 am
481 1110 635 1176 piget
659 1108 860 1171 Italiae,
887 1114 1217 1177 sperataque
1241 1107 1427 1160 Roma
1453 1108 1621 1160 teneri

326 1267 439 1316 Dux,
460 1271 499 1306 et
513 1280 703 1318 generosa
719 1270 863 1319 species
886 1269 1047 1306 Martis.
1102 1267 1181 1308 Sed
1210 1269 1397 1318 quantum
1426 1279 1512 1318 spes
1527 1267 1693 1306 secunda
1711 1263 1896 1313 adjuncta
1924 1267 1991 1303 est
2019 1263 2162 1303 animis

325 1321 484 1370 nostris,
500 1325 651 1360 tantum
671 1327 803 1372 erepta
821 1327 887 1360 est
909 1322 1047 1360 Getae.-
1072 1323 1138 1371 qui
1166 1322 1292 1372 capite
1319 1324 1484 1370 tangens
1502 1320 1647 1367 sidera,
1671 1323 1761 1369 post
1779 1318 1900 1368 Alpes
1925 1317 2163 1368 patefactae,

315 1372 406 1421 jam
434 1377 689 1425 spoponderat
720 1375 794 1414 sibi
824 1374 969 1424 omnia,
996 1375 1096 1414 nihil
1123 1376 1280 1414 credens
1306 1377 1469 1412 restare.
1524 1374 1602 1412 Ast
1618 1385 1704 1411 cum
1722 1372 1840 1411 velut
1852 1371 1946 1422 jam
1964 1371 2161 1421 expulsus,

322 1426 430 1466 videt
448 1432 504 1466 tot
526 1427 688 1478 fluvios,
707 1433 745 1468 et
765 1432 823 1467 tot
841 1428 952 1468 urbes
970 1428 1232 1467 circumdatas
1258 1427 1391 1467 multis
1411 1426 1555 1478 fluviis
1578 1440 1589 1471 ;
1614 1438 1710 1467 cum
1729 1425 1836 1464 videt
1854 1429 1913 1463 tot
1928 1424 2080 1475 pedites
2097 1435 2160 1463 re-

318 1481 514 1531 pentinos,
547 1485 605 1520 tot
631 1483 826 1521 exercitus
852 1483 1039 1532 equitum,
1067 1486 1107 1520 et
1133 1494 1173 1520 se
1200 1480 1309 1532 quasi
1333 1480 1586 1519 constrictum
1606 1478 1769 1526 retibus,
1788 1478 1934 1517 tacitus
1952 1479 2067 1516 ardet
2084 1476 2157 1516 sub

323 1535 452 1584 corde,
482 1539 521 1574 et
543 1534 632 1583 J’am
657 1536 819 1586 poeuitet
849 1535 966 1574 illum
999 1534 1128 1573 ltaliae
1159 1534 1349 1573 lacessitae
1380 1533 1499 1572 nimis
1522 1536 1677 1582 promta
1702 1531 1945 1582 cupiditate,·
1973 1534 2013 1570 et
2031 1530 2161 1577 Roma

1093 1643 1392 1663 aeaeaeaeaeaeaeaeaeaeaeae

320 1723 455 1759 —469
482 1723 622 1759 vestrae
640 1719 742 1758 Vat.
763 1722 961 1769 p1·.-4·70
981 1721 1160 1757 extracta
1179 1729 1256 1769 pro
1276 1720 1430 1756 exemta
1447 1716 1610 1755 Moret.
1627 1727 1692 1766 pr.
1724 1715 1840 1754 Getoe
1855 1715 1948 1755 Pal.
1965 1714 2156 1758 Florent.

321 1784 377 1811 m.
398 1785 483 1811 sec.
506 1772 627 1811 Med.
662 1784 726 1823 pr.
753 1773 913 1810 Thuan.
947 1772 1101 1811 Petav.
1134 1782 1200 1821 pr.
1235 1769 1307 1809 ed.
1338 1770 1486 1809 Parm.
1521 1774 1566 1808 et
1583 1769 1727 1809 Vicet.
1778 1769 1901 1808 Getes
1931 1767 2016 1808 duo
2034 1770 2158 1812 Vatt.

322 1826 466 1865 Gothis
486 1825 587 1864 Var.
603 1827 690 1865 LL.
707 1825 776 1865 ed.
799 1824 932 1864 Antv.
966 1825 1081 1864 Getis
1100 1824 1184 1863 duo
1206 1823 1357 1863 Leidd.
1378 1830 1423 1862 et
1443 1823 1514 1862 alii
1532 1823 1708 1874 triginta
1724 1821 1833 1872 fere,
1848 1823 1952 1862 Exc.
1972 1822 2157 1863 Gevart.

319 1887 365 1918 et
384 1880 565 1918 Luce-ns.
587 1892 674 1919 sec.
707 1879 823 1918 Getoe
843 1879 909 1918 vel
933 1878 1049 1917 Getis
1081 1879 1188 1917 Exc.
1221 1877 1481 1916 Laeti.--471
1507 1876 1710 1927 promittit
1727 1877 1828 1916 Vat.
1847 1881 1948 1916 tert.
1973 1876 2159 1926 promisit

319 1933 442 1972 Leid.
460 1944 524 1983 pr.
545 1938 590 1971 et
609 1933 680 1971 alii
700 1944 852 1982 magno
873 1944 1066 1979 numera,
1084 1932 1193 1971 Exc.
1216 1931 1394 1970 Gevart.
1415 1931 1598 1970 Lucens.
1619 1941 1684 1981 pr.
1704 1930 1774 1969 ed.
1792 1931 1934 1970 Parm.
1954 1934 2000 1969 et
2010 1928 2156 1970 Vicet.

316 1986 471 2025 Sched.
493 1985 607 2025 Gud.
624 1988 729 2025 Var.
749 1986 832 2024 LL.
856 1985 925 2023 ed.
945 1983 1079 2025 Antv.
1106 1988 1242 2034 aperta
1259 1984 1523 2035 conjiciebat
1539 1984 1832 2024 Heins.—-472
1847 1982 2020 2035 flamina
2034 1982 2158 2024 Rott.

320 2039 441 2078 Med.
461 2051 547 2078 sec.
583 2038 731 2087 funera
764 2039 846 2078 inc.
876 2039 1027 2077 Heins.
1074 2039 1206 2088 pulsus
1225 2036 1374 2077 Ambr.
1397 2043 1499 2077 tert.
1540 2037 1668 2088 pulsis
1695 2042 1877 2090 quatuor
1906 2037 2030 2075 Vatt.
2061 2036 2159 2078 Pal.

318 2092 448 2131 Fam.
472 2093 597 2132 Rott.
616 2093 753 2132 Oisel.
782 2091 905 2143 pulsis
924 2092 994 2130 vel
1011 2091 1136 2142 passis
1154 2092 1262 2141 Reg.
1283 2091 1426 2130 Oxou.
1445 2102 1512 2141 pr.
1537 2092 1651 2141 pulsa
1670 2092 1736 2131 vel
1751 2091 1895 2142 passim
1914 2090 2034 2129 Prie.
2074 2101 2158 2130 cer-

314 2146 377 2184 nit
398 2158 475 2196 pro
491 2147 624 2196 pulsus
642 2151 738 2184 erat
757 2145 800 2183 in
821 2145 926 2184 Lov.
949 2145 1022 2197 qui
1040 2151 1288 2195 sequentem
1310 2155 1476 2182 versum
1497 2144 1678 2194 margini
1698 2145 1931 2194 ascriptum
1955 2142 2157 2183 habet.—

318 2202 398 2238 473
432 2199 653 2250 Cunctaque
672 2199 772 2238 Vat.
804 2198 941 2250 quint.
978 2198 1104 2236 Farn.
1132 2196 1254 2236 Med.
1275 2209 1371 2237 sec.
1401 2198 1487 2235 ine·
1517 2197 1668 2236 Heius.
1695 2198 1848 2236 Petav.
1868 2201 1969 2236 tert.
1987 2197 2157 2238 Bonon-

319 2252 470 2291 Ambr.
501 2265 567 2303 pr.
598 2253 758 2291 Moret.
789 2254 853 2303 p'r.
879 2251 981 2292 Jun.
1002 2263 1066 2301 pr.
1087 2251 1234 2291 Oxon.
1253 2262 1338 2290 sec.
1372 2249 1612 2296 fulminibus
1630 2249 1714 2289 inc.
1741 2249 1894 2290 Heius.
1932 2250 2059 2290 crevit
2075 2261 2155 2300 pro

316 2306 442 2344 cernit
460 2307 561 2344 Vat.
597 2309 802 2356 pr.—474
828 2305 975 2343 subitos
1006 2304 1127 2344 Leid.
1154 2315 1218 2355 pr.
1255 2304 1398 2343 Oxou.
1432 2316 1498 2355 pr.
1534 2304 1640 2352 Reg.
1672 2303 1826 2342 Petav.
1857 2307 1956 2342 tert.
1986 2304 2155 2344 Bonon.

316 2359 488 2398 Tholos.
514 2360 621 2398 Lov.
641 2366 727 2397 tres
758 2357 908 2398 Ambr.
932 2359 1040 2397 Exc.
1071 2358 1256 2397 Lucens.
1276 2369 1360 2396 sec.
1398 2357 1527 2396 subito
1557 2363 1741 2408 quatuor
1761 2358 1882 2396 Vatt.
1911 2356 2006 2396 Pal.
2028 2356 2156 2398 Farn.

314 2412 432 2460 Prie.
460 2413 581 2452 Rott.
617 2412 750 2451 Oisel.
780 2413 886 2451 Exc.
917 2411 1027 2451 Laeti
1059 2423 1116 2450 m.
1151 2422 1216 2462 pr.
1263 2414 1413 2460 segetes
1445 2422 1522 2461 pro
1548 2411 1701 2461 pedites
1720 2410 1820 2450 Vat.
1842 2415 1939 2450 tert.
1984 2409 2154 2460 equitem

314 2463 464 2505 Ambr.
481 2470 582 2505 tert.
599 2465 740 2516 aspicit
757 2465 899 2505 Oxon.
913 2477 976 2516 pr.
995 2464 1259 2514 circumspicit
1272 2465 1503 2504 Pan—475
1524 2462 1576 2502 Se
1589 2465 1707 2503 veluti
1722 2465 1822 2503 Vat.
1841 2468 1942 2503 tert.
1963 2463 2154 2505 Florent-

314 2518 437 2558 Med.
459 2531 545 2559 sec.
574 2519 653 2558 Sed
667 2520 790 2558 veluti
810 2520 931 2558 Rott.
977 2519 1123 2557 clusum
1157 2518 1264 2557 Exc.
1297 2517 1423 2557 Laeti.
1469 2517 1615 2567 laqueis
1633 2518 1805 2556 clausum
1824 2517 1922 2556 Pal.
1941 2515 2062 2556 Med.
2080 2528 2154 2568 pr.

312 2575 373 2611 tot
388 2576 542 2623 pectore
561 2572 643 2612 inc.
666 2572 818 2612 Heins.
836 2571 998 2620 furtum
1019 2573 1318 2611 Bonna—476
1341 2583 1463 2623 prono
1482 2571 1645 2610 nimium
1668 2570 1753 2610 duo
1773 2570 1891 2611 Vatt.
1910 2570 2064 2609 Petav.
2082 2581 2151 2621 pr.

309 2625 438 2676 posito
469 2626 631 2666 nimium
668 2626 905 2667 Pan—477
929 2626 1052 2677 pudet
1082 2625 1178 2665 Pal.
1213 2625 1336 2665 Med.
1375 2637 1442 2678 pr.
1476 2625 1638 2665 Mazar.
1665 2625 1768 2665 Var.
1793 2625 1881 2665 LL.
1916 2624 1986 2664 ed.
2012 2622 2150 2664 Antv.

1144 2747 1320 2788 NOTAE

312 2861 438 2897 erant
471 2868 597 2909 quam
627 2857 761 2896 larvae
791 2860 838 2895 et
865 2862 1056 2895 monstra
1085 2855 1193 2895 mili·
1260 2855 1348 2907 gito
1367 2855 1530 2895 Coelum
1551 2858 1744 2907 tangant.

312 2925 419 2968 tum,
452 2919 566 2971 quod
585 2931 672 2958 non
703 2918 938 2959 assuefacti
955 2923 1100 2958 essent
1117 2917 1194 2957 mi·
1313 2922 1394 2959 472
1425 2918 1586 2969 Pulsus]
1612 2918 1709 2959 Jam
1730 2927 1807 2956 sua
1825 2914 2103 2965 cogitatione.

307 2981 426 3021 litari
453 2982 704 3033 disciplinae.
756 2983 954 3022 Juvencus
981 2981 1142 3021 dicitur
1169 2993 1196 3020 a
1313 2985 1393 3022 477
1421 2980 1675 3033 sperataque]
1717 2977 1931 3030 Sperabat
1962 2988 2007 3016 se
2042 2989 2144 3019 mox

294 3044 486 3096 juvando,
505 3045 620 3097 quod
648 3046 801 3097 Remp.
830 3045 873 3084 in
892 3046 1019 3085 bellis
1038 3045 1196 3097 juvare
1261 3045 1440 3085 Romam
1471 3045 1592 3083 velut
1620 3054 1744 3081 manu
1777 3044 2001 3091 capturum
2036 3052 2144 3092 esse,

308 3108 460 3163 possit.
1258 3107 1334 3146 sed
1353 3118 1406 3145 ea
1415 3106 1508 3157 jam
1528 3104 1676 3156 procul
1694 3102 2007 3154 videtur‚quasi
2025 3114 2144 3142 rece-

362 3175 445 3212 468
484 3169 647 3221 Vivida]
695 3170 904 3223 Ingenua,
929 3182 1015 3210 non
1053 3171 1195 3211 asciti-
1259 3169 1412 3209 deret:
1457 3167 1571 3207 unde
1617 3167 1735 3206 illum
1774 3165 1910 3205 taedet
1956 3165 2140 3218 incepti.

308 3235 383 3275 tia.
1256 3233 1426 3283 Fugere,
1457 3232 1632 3269 recedere
1681 3230 1882 3269 dicuntur
1918 3228 1971 3267 de
2008 3229 2141 3271 rebus

360 3301 442 3338 470
465 3298 618 3339 Vertice
630 3297 836 3350 proximus
851 3297 989 3348 astris]
1008 3298 1190 3337 Prover·
1254 3307 1359 3348 quas
1391 3294 1679 3345 sperabamus,
1705 3299 1750 3333 et
1778 3305 1880 3345 quas
1909 3293 1980 3332 vix
2007 3292 2139 3332 attin-

307 3361 424 3401 bium
442 3361 571 3402 estin
588 3360 809 3413 superbos,
830 3360 911 3413 uqui
944 3360 1023 3399 sibi
1040 3360 1186 3407 ,multo
1251 3369 1355 3410 gere
1374 3369 1607 3411 possumus.
1638 3356 1866 3407 Virgilius:
1896 3359 1907 3379 ‘
1923 3356 2020 3397 Jam
2040 3359 2136 3396 tan-

306 3425 416 3479 pius,
431 3436 557 3479 quam
574 3424 743 3479 deceat,
753 3427 970 3476 arrogant,
984 3421 1107 3476 quasi
1124 3421 1187 3462 di-
1251 3420 1351 3462 dem
1370 3419 1512 3462 Italiae
1529 3419 1735 3474 fugientis
1745 3418 1995 3474 prendimus
2009 3417 2135 3462 oras?
