2300 3906
338 211 446 266 882
890 219 986 257 cn.
1028 210 1381 254 anumAm
1424 211 1613 251 xxxi.

338 340 676 410 Compellat:
715 336 1107 403 Nunquamne,
1131 332 1297 399 puer,'
1311 330 1514 384 dilecta
1538 331 1813 398 relinques

337 426 594 479 Carmina
611 426 636 476 ’ἱ
676 420 947 474 Maternis
971 433 1250 486 nunquam
1271 417 1542 468 satiabere
1568 416 1752 478 donis,
2091 414 2162 467 45

334 509 534 562 Dedite
560 508 846 559 Musarum
870 504 1075 566 studio,
1099 502 1432 569 nimiumque
1455 499 1700 568 parentis

337 591 598 646 AEmule'?
640 589 792 653 Quid
817 588 1006 640 medio
1032 592 1213 640 tecum
1237 585 1542 638 modularis
1565 587 1621 636 in
1646 584 1825 636 aestu'?

335 677 371 729 J
376 692 533 728 amne
559 675 659 727 tibi
687 673 909 726 sordent
933 673 1155 726 citharae
1172 673 1197 724 'l
1229 671 1351 740 jam
1374 671 1546 723 lustra
1572 669 1783 737 Lycaei,

333 760 519 829 Atque
544 769 720 826 pecus
742 753 914 821 cordi,
940 755 1288 825 redituraque
1312 756 1542 823 rupibus
1569 752 1764 805 Echo?

334 845 465 898 Huc
494 844 648 905 adeS,
676 846 732 894 et
757 846 921 895 tantae
943 842 1107 893 nohis
1132 842 1372 893 edissere
1398 839 1602 891 causas
2088 837 2158 888 50

331 923 596 981 Laetitiae:
637 927 727 979 cui
753 942 961 994 pompa
981 931 1102 978 toro
1129 931 1241 978 tam
1269 926 1421 977 clara
1442 922 1685 986 resultet,

328 1011 476 1076 Quae
501 1025 648 1063 nova
675 1006 893 1064 dotetur
919 1011 1102 1078 virgo:
1141 1011 1495 1079 patriamque
1523 1023 1806 1076 genusque

327 1095 540 1158 Pande,
567 1096 769 1163 quibus
795 1092 955 1148 terris
982 1096 1110 1159 orti,
1135 1111 1248 1163 quo
1271 1093 1475 1147 'semine
1501 1093 1667 1145 ducti.

328 1179 502 1231 Haud
526 1179 746 1247 ignarus
771 1179 942 1232 enim:
981 1195 1086 1231 nec
1112 1184 1165 1231 te
1194 1179 1471 1231 connubia
1493 1177 1695 1229 fallunt

327 1261 458 1315 Ulla
479 1280 491 1315 ε
533 1267 628 1315 tuo
653 1263 848 1330 primae
870 1263 1112 1315 libantur
1133 1262 1341 1316 foedere
1366 1266 1570 1314 noctes,
2084 1258 2156 1310 55

326 1397 631 1449 Hymenaeum:
663 1398 702 1439 Ο
729 1410 842 1450 puer,
868 1410 920 1437 au
945 1410 1019 1437 non
1047 1398 1196 1437 deseres
1220 1409 1388 1448 unquam
1405 1396 1620 1436 cantilenas
1636 1392 1818 1435 amatas?
1843 1394 1910 1433 An
1928 1407 2003 1434 non
2024 1394 2156 1446 exple—

323 1451 427 1492 beris
459 1465 625 1502 unquam
659 1453 881 1491 muneribus
915 1451 1065 1490 Matris
1094 1456 1194 1499 tuae‚
1214 1463 1238 1490 o
1270 1462 1379 1501 puer
1405 1450 1560 1489 addicte
1581 1448 1706 1487 nimis
1734 1448 1858 1486 amori
1877 1448 2099 1495 Musarum,
2117 1451 2157 1494 et

322 1505 487 1545 nimium
515 1507 691 1544 imitator
720 1506 859 1543 matris
893 1509 976 1542 tuae
1009 1504 1252 1553 Calliopes?
1281 1504 1413 1547 Quare
1441 1502 1542 1540 solus
1567 1501 1675 1539 canis
1701 1500 1744 1538 in
1768 1499 1959 1543 caloribus
1985 1497 2156 1545 mediis?

321 1558 387 1598 An
407 1558 595 1609 lyroejam
626 1560 921 1596 contemnuntur
947 1569 972 1594 a
999 1553 1067 1594 te?
1094 1556 1189 1593 Jam
1207 1556 1326 1605 sylvoe
1354 1553 1504 1605 Dycoei,
1522 1558 1637 1604 atque
1661 1564 1817 1603 pecora,
1835 1556 1873 1591 et
1895 1552 2002 1592 Echo
2022 1553 2156 1600 remit-

321 1612 438 1649 tenda
457 1623 507 1649 ex
525 1610 636 1649 saxis
655 1614 752 1648 sunt
775 1608 852 1648 tibi
874 1621 926 1647 ex
945 1605 1109 1647 animo?
1143 1608 1244 1647 Veni
1261 1608 1349 1656 hue,
1369 1610 1409 1646 et
1441 1619 1559 1646 narra
1585 1606 1693 1645 uobis
1720 1618 1853 1645 causas
1880 1607 1984 1645 tanti
1999 1606 2157 1656 gaudii,

322 1675 401 1713 pro
426 1663 564 1713 quibus
591 1662 753 1713 nuptiis
786 1662 944 1712 plausus
971 1665 1052 1700 tam
1080 1659 1311 1710 manifestus
1338 1663 1507 1710 resonet,
1528 1673 1614 1711 quae
1634 1672 1732 1699 nova
1755 1660 1886 1711 puella
1905 1660 2074 1710 dotetur,
2093 1660 2157 1711 dic

321 1715 443 1755 nobis
471 1717 647 1766 patriam
678 1715 787 1767 ejus,
807 1719 847 1753 et
872 1717 1040 1764 domum,
1061 1727 1139 1765 qua
1156 1715 1314 1764 regione
1325 1714 1454 1765 sponsi
1472 1713 1628 1752 oriundi
1645 1713 1741 1764 sint,
1767 1726 1845 1763 qua
1864 1711 2029 1760 familia
2054 1713 2157 1754 nati.

322 1770 531 1809 Enimvero
559 1781 634 1808 uon
652 1769 797 1808 inscius
815 1781 875 1808 es:
903 1780 1021 1819 neque
1041 1770 1120 1807 ulla
1150 1767 1399 1808 matrimonia
1417 1767 1619 1818 incognita
1651 1772 1750 1807 suut
1781 1766 1882 1806 tibi.-
1906 1766 2048 1818 primae
2066 1778 2154 1806 noe-

1093 1884 1114 1898 ‘
1118 1883 1309 1899 “t““t
1314 1883 1384 1897 ὈΦ

319 1972 515 2009 sem—44
543 1970 729 2021 relinquis
743 1970 845 2010 Vat.
868 1982 931 2022 pr.
951 1969 1099 2010 Ambr.
1129 1980 1193 2021 pr.
1215 1969 1282 2009 ed.
1312 1971 1457 2017 Parm.
1497 1969 1696 2021 relinquas
1723 1968 1817 2009 Pal.
1852 1968 2041 2009 Florent.
2067 1967 2152 2012 duo

318 2023 439 2062 Med.
484 2025 702 2075 relinquens
722 2024 863 2064 Oxou.
886 2028 1079 2064 δρα-45
1109 2023 1308 2062 sacrabere
1328 2035 1402 2074 pro
1421 2023 1611 2063 satiabere
1632 2024 1864 2062 Rom—46
1889 2022 2033 2072 studiis
2051 2021 2153 2062 Ald.

316 2077 526 2127 peremptis
545 2090 620 2127 pro
643 2078 823 2127 parentis
842 2077 1111 2117 Buslid.—-4o
1138 2079 1303 2127 Jamque
1332 2088 1411 2127 pro
1444 2076 1576 2127 Atque
1608 2077 1701 2116 Pal.
1736 2076 1821 2116 duo
1853 2076 1973 2117 Med.
1999 2077 2154 2121 Petav.

316 2141 380 2176 pr.
411 2141 543 2170 nemus
562 2130 710 2168 Ambr.
733 2143 797 2180 pr.
818 2132 925 2169 Exc.
945 2131 1050 2169 Cod.
1071 2131 1223 2169 Rhem.
1267 2141 1396 2168 remus
1424 2129 1578 2170 Sched.
1610 2129 1726 2169 Gud.
1771 2130 1930 2178 sordent
1950 2141 2027 2179 pro
2043 2127 2152 2169 corda·

316 2181 419 2231 Vat.
442 2194 525 2221 sec.
547 2183 655 2230 Cod.
675 2183 815 2233 Ursin.
855 2183 1049 2224 montibus
1081 2194 1158 2233 pro
1192 2181 1351 2232 rupibus
1383 2183 1536 2222 Petav.
1560 2194 1627 2233 pr.
1662 2182 1831 2233 pupibus
1848 2181 2008 2222 Moret.
2031 2194 2151 2233 pre-

316 2238 368 2273 50
398 2247 444 2274 ac
462 2239 586 2285 tantae
601 2235 753 2285 Ambr.
770 2242 871 2276 tert.
901 2238 1057 2275 tandem
1071 2236 1172 2275 Vat.
1196 2247 1260 2286 pr.
1282 2233 1430 2275 Ambr.
1451 2248 1517 2286 pr.
1545 2239 1679 2274 tantas
1699 2240 1785 2274 vet.
1803 2236 1910 2287 Gyr.
1931 2236 2037 2275 Exc.
2066 2237 2151 2275 Lut-

314 2299 430 2326 cens.
450 2300 513 2338 pr.
556 2292 679 2338 tantae
698 2289 764 2327 vel
786 2291 920 2329 taeitoe
946 2290 1106 2328 Moret.
1143 2299 1211 2338 pr.
1258 2299 1400 2326 caussae
1421 2289 1522 2327 Vat.
1543 2301 1606 2338 pr.
1653 2289 1786 2337 laudes
1809 2290 1912 2326 Vat.
1933 2300 2021 2328 sec.
2043 2288 2149 2337 Cod-

315 2340 566 2388 Ursiu.-5I
597 2342 659 2387 cui
679 2343 777 2382 Vat.
794 2355 860 2393 pr.
882 2343 1034 2382 Ambr.
1054 2354 1120 2393 pr.
1142 2341 1237 2380 vat.
1259 2341 1401 2379 Livin.
1425 2340 1581 2381 Sched.
1607 2340 1722 2381 Gud.
1767 2353 1876 2392 quem
1897 2342 2018 2382 Rott.
2061 2355 2150 2393 quoe

314 2398 401 2432 tres
421 2394 544 2432 Vatt.
565 2395 659 2444 Pal.
684 2393 820 2435 Oisel.
862 2400 950 2434 tora
969 2396 1070 2434 Vat.
1089 2406 1154 2445 pr.
1196 2393 1275 2432 tori
1294 2394 1395 2434 Vat.
1415 2398 1554 2446 quart.
1575 2399 1621 2433 et
1640 2406 1705 2445 pr.
1725 2407 1782 2442 m,
1801 2407 1886 2435 sec.
1905 2394 2061 2434 Petuv.
2081 2405 2148 2446 pr.

310 2445 475 2486 Bonou.
491 2447 651 2487 Moret.
672 2461 738 2498 pr.
756 2447 860 2488 A·1d.
879 2450 983 2497 Var.
1000 2449 1089 2487 LL.
1112 2447 1178 2487 ed.
1194 2446 1328 2487 Antv.
1345 2446 1436 2494 jam
1451 2446 1617 2497 Buslid.
1648 2449 1740 2487 caeta
1756 2447 1880 2488 Vatt.
1901 2460 1987 2489 sec.
2003 2449 2148 2497 Ursin,

313 2499 421 2550 Cod.
460 2502 623 2547 resultat
643 2502 737 2541 Vat.
755 2505 929 2552 psal-53*
953 2502 1068 2542 simul
1087 2505 1124 2547 et
1148 2513 1225 2552 pro
1243 2500 1322 2539 orti
1340 2500 1507 2540 Buslid.
1548 2502 1738 2550 sauguine
1756 2502 1856 2542 Vat.
1877 2506 2017 2554 quart.
2049 2502 2146 2550 Pal,

312 2557 420 2594 —54
445 2554 530 2602 Aut
562 2555 682 2595 Med.
712 2560 907 2597 sem-55
942 2556 1031 2595 Una
1061 2567 1139 2607 pro
1178 2555 1270 2604 Ulla
1299 2553 1453 2604 Petav.
1485 2566 1550 2606 pr.
1593 2559 1742 2606 eunctae
1768 2557 1871 2595 Vat.
1898 2566 1964 2606 pr.
1993 2554 2147 2606 Sched,

1139 2655 1319 2698 NOTAE

363 2757 415 2794 47
452 2756 628 2809 AEmule]
677 2758 825 2799 Venus
859 2758 1000 2810 arguit
1033 2758 1196 2811 Hyme-
1261 2768 1434 2809 semper
1453 2766 1543 2798 esse
1564 2769 1661 2797 cum
1685 2757 1807 2797 Pane
1832 2756 2005 2807 dicitur,
2029 2752 2144 2809 quod

307 2829 464 2869 naeum,
481 2820 601 2871 quasi
628 2821 804 2861 nimium
823 2822 1084 2862 imitatorem
1103 2811 1191 2861 suae
1243 2830 1359 2862 vcum
1391 2820 1486 2860 Pan
1518 2818 1708 2860 Διονύσου
1739 2819 1976 2872 στρατηγὸς,
1995 2819 2145 2860 Bacchi

307 2882 457 2927 matris
474 2882 710 2934 Calliopes:
741 2885 864 2924 etsie
887 2883 1032 2924 forsan
1052 2885 1194 2936 carpit
1259 2884 1372 2934 Dux,
1390 2884 1435 2922 in
1466 2884 1560 2923 loco
1593 2896 1698 2923 cavo
1718 2890 1773 2923 et.
1788 2895 1937 2923 saxoso
1955 2883 2142 2925 clamare

302 2942 478 2989 occulte
498 2944 746 2986 castitatem
770 2947 991 2986 Musarum
1020 2945 1102 2985 sibi
1132 2947 1192 2986 in-
1249 2945 1453 2997 jussisset
1479 2947 1649 2997 milites,
1669 2945 1800 2990 Indos
1830 2943 2045 2994 terruerit,
2069 2956 2142 2987 vee-

306 3002 454 3052 Vlsam·
510 3005 597 3048 Cur
620 3007 765 3048 Musas
786 3020 871 3048 nou
888 3007 1092 3049 incendat
1112 3009 1192 3049 Cu·
1259 3010 1324 3047 lut
1340 3009 1524 3049 infinitas
1546 3000 1725 3049 liaberet
1744 3008 1902 3059 copias.
1933 3007 2050 3047 Hinc
2066 3007 2142 3056 τὴν

304 3064 425 3116 pido,
444 3066 619 3117 pulchre
644 3070 867 3111 Lucienus.
1255 3071 1365 3121 Ἠχῶ
1381 3074 1439 3121 τῷ·
1458 3071 1556 3112 Πανὶ
1572 3070 1695 3122 φίλην
1711 3070 1881 3122 ᾄδομενε
1905 3070 2014 3111 Echo
2034 3071 2141 3113 Pani

357 3130 412 3167 48
444 3128 640 3181 Citharoe]
673 3132 833 3171 Cantus
866 3133 1085 3184 Urbanus,
1117 3135 1190 3186 qui
1254 3135 1419 3178 amicam
1432 3147 1514 3175 esse
1528 3135 1715 3174 canimus.
1745 3134 1990 3187 Polyaenus.
2141 3185 2143 3187 r

303 3191 537 3242 opponitur
566 3195 714 3253 cantui
751 3196 913 3236 rustico
950 3195 1188 3240 fistularum
1309 3202 1359 3237 55
1389 3197 1604 3248 Libantur]
1670 3197 1828 3245 Primae
1866 3204 2031 3248 noctes,
2062 3210 2139 3238 seu

303 3253 608 3296 Pastora‘lium„
1253 3266 1402 3306 noctes
1421 3260 1636 3312 nuptiales
1656 3266 1963 3300 consecrantur
1979 3273 2057 3312 per
2075 3266 2139 3312 te,

355 3316 511 3369 Lycoei]
553 3320 682 3362 Mons
711 3324 782 3359 est
821 3318 1021 3362 Arcadiae
1058 3295 1185 3375 quern
1251 3323 1360 3363 inito
1376 3321 1557 3373 foedere,
1583 3334 1661 3374 per
1679 3322 1942 3375 libationem,
1957 3323 2038 3364 hoc
2053 3329 2137 3374 est,

301 3379 396 3420 Pan
425 3387 659 3435 perpetuus
687 3388 839 3434 cantor
854 3384 1033 3428 habitat.
1066 3386 1184 3427 Echo
1251 3396 1332 3437 per
1349 3384 1510 3426 factum
1530 3383 1800 3426 sacrificium.
