2300 3906
537 254 615 291 nn
663 252 853 291 annno
892 252 1111 290 cn'rrco
1153 250 1273 290 mn.
1314 251 1593 291 PRAEFAT.
1859 244 1966 296 ¹707

154 370 364 422 Annuit
386 370 527 422 hunc
554 370 813 437 princeps
841 370 1075 434 titulum,
1101 376 1363 438 poscente
1384 372 1623 425 Senatu:

230 454 492 521 Respice,
512 453 783 521 judicium
803 469 970 520 quam
995 470 1180 522 grave,
1209 453 1398 518 Musa,
1426 454 1612 507 subis!
1900 456 1970 506 lo

158 539 391 605 Ingenio
414 537 607 588 minuit
628 553 838 588 merces
862 545 1160 607 properata
1183 538 1450 602 favorem,

233 621 579 674 Carminibus
601 621 818 672 veniam
837 623 1069 688 praemia
1091 626 1237 673 tanta
1262 627 1479 687 negant.

161 705 236 758 Et
258 705 432 770 magis
456 704 663 755 intento
683 705 925 757 studium
964 721 1185 757 censore
1209 705 1440 767 laborat,

235 787 399 851 Quod
421 788 646 854 legimur
668 789 852 840 medio
878 790 1359 857 conspicimurque
1385 788 1526 841 foro.

158 925 405 964 simulacrum
437 928 620 964 nostrum.
677 927 895 978 Imperator
921 929 1103 968 concessit
1134 928 1233 967 hunc
1259 928 1452 977 honorem,
1488 926 1634 966 Senatu
1653 929 1834 977 petente.-
1861 926 1983 965 comi·

159 979 268 1026 ciera,
284 989 308 1016 o
327 978 456 1038 Musa,
467 989 581 1039 quam
594 980 842 1032 magnificum
858 982 1117 1021 testimonium
1129 982 1319 1020 sustinere
1335 982 1469 1019 debeas
1481 980 1501 1020 Ι
1523 981 1732 1018 Proemium
1746 983 1985 1019 maturatum

160 1030 356 1070 subtrahit
385 1042 542 1092 ingemo
572 1030 871 1072 benevolentiam
901 1034 1129 1084 hominum,
1160 1039 1356 1086 tantaque
1385 1046 1542 1073 munera
1567 1033 1802 1084 proeripiunt
1833 1031 1985 1071 veniam

164 1095 329 1124 omnem
347 1084 530 1123 versibus.
586 1085 643 1123 Et
653 1085 789 1135 poema
807 1092 999 1127 nostrum
1019 1088 1221 1139 experitur
1238 1099 1428 1127 censorem
1446 1087 1573 1138 magis
1588 1098 1776 1137 severum,
1793 1086 1895 1137 quod
1911 1095 1987 1124 nos

932 1204 1225 1219 000000000000

166 1271 412 1310 Mamm—9
439 1270 529 1310 huic
549 1271 652 1322 Reg.
672 1270 812 1311 Oxou.
835 1284 900 1323 pr.
933 1284 1029 1312 cum
1049 1273 1203 1323 glossa,
1221 1274 1250 1312 i.
1271 1285 1304 1312 e.
1323 1276 1481 1312 statuoe.
1523 1272 1623 1310 hunc
1641 1270 1764 1311 Leid.
1786 1281 1872 1310 sec.
1892 1270 1989 1310 Flo-

167 1330 278 1363 rent.
299 1324 422 1363 Voss.
445 1324 585 1364 Oxon.
614 1336 699 1364 sec.
722 1324 840 1363 Med.
856 1330 997 1376 quart.
1018 1325 1102 1363 inc.
1125 1326 1276 1366 Heins.
1290 1326 1455 1365 Mazar.
1474 1325 1626 1364 Petav.
1647 1337 1712 1374 pr.
1733 1328 1820 1362 tres
1841 1322 1991 1362 Ambr.

167 1378 274 1417 Exc.
294 1377 418 1425 Laeti,
438 1376 617 1417 Gevart.
635 1383 680 1417 et
701 1377 804 1422 Cod,
828 1378 974 1417 Rhem.
993 1378 1096 1417 item
1118 1378 1218 1417 Var.
1239 1379 1324 1418 LL.
1344 1391 1368 1417 e
1385 1390 1519 1426 marg.
1541 1377 1682 1416 Parm.
1712 1376 1775 1415 laic
1795 1376 1897 1416 Vat.
1926 1387 1991 1426 pr.

168 1436 214 1470 et
234 1435 336 1470 tert.
356 1430 452 1469 Pal.
472 1432 599 1470 Farn.
622 1431 741 1471 Rott.
762 1431 899 1470 Oisel.
928 1431 1018 1470 hinc
1034 1432 1152 1470 Leid.
1175 1444 1240 1483 pr.
1263 1438 1306 1471 et
1321 1436 1420 1471 octo
1440 1431 1526 1477 alii,
1558 1430 1659 1468 Var.
1693 1430 1779 1469 LL.
1809 1440 1832 1466 e
1860 1440 1994 1478 marg.

168 1483 311 1545 Parin.
329 1496 384 1523 m.
403 1496 489 1524 sec.
518 1488 554 1523 et
572 1485 678 1524 Exc.
699 1484 812 1524 Laeti
832 1497 886 1524 m.
902 1496 986 1524 sec.
1016 1484 1174 1525 titulum
1197 1484 1384 1536 Princeps
1403 1485 1485 1523 duo
1504 1485 1735 1523 Vatt.—-1o
1756 1482 1897 1532 Aspice
1912 1482 1996 1520 ine.

171 1536 320 1576 Heius.
362 1550 446 1587 quae
472 1536 622 1577 Ambr.
643 1544 745 1577 tert.
792 1538 949 1589 nimphe
968 1538 1174 1577 Pan—ll
1204 1539 1347 1578 minuis
1377 1539 1478 1578 Vat.
1509 1542 1609 1576 tert.
1651 1536 1776 1575 minor
1796 1539 1852 1574 est
1872 1534 1993 1573 Med.

172 1601 259 1630 sec.
287 1589 428 1628 minuit
450 1591 517 1628 vel
536 1590 673 1629 metuit
693 1591 848 1630 Petav.
869 1604 934 1641 pr.
965 1590 1132 1630 laborem
1148 1591 1175 1631 J
1182 1604 1249 1631 un.
1273 1603 1335 1642 pr.
1356 1592 1453 1630 Pat.
1473 1589 1614 1636 favore
1628 1590 1729 1628 Vat.
1750 1594 1851 1627 tert.
1874 1587 1995 1626 Med.

175 1654 259 1682 sec.
293 1642 472 1689 favorem
506 1644 572 1682 vel
602 1644 767 1682 laborem
802 1644 899 1683 Vat.
937 1648 1187 1695 quarn—12
1213 1643 1375 1694 proemia
1394 1655 1537 1692 magna
1557 1643 1758 1680 Par—13
1803 1642 1996 1679 intentum

174 1696 331 1736 Moret.
352 1708 437 1735 sec.
465 1696 508 1735 in
522 1700 631 1735 tanto
654 1697 754 1736 Vat.
775 1697 910 1747 quint.
958 1697 1107 1735 intento
1127 1697 1193 1735 vel
1212 1697 1253 1735 in
1267 1701 1378 1736 tanto
1395 1697 1497 1736 Vat.
1518 1701 1656 1747 quart.
1685 1694 1809 1732 studii
1830 1694 1995 1732 Bonon.

171 1760 323 1788 censere
341 1749 440 1788 Vat.
460 1754 559 1789 tert.
587 1750 751 1789 censisse
766 1755 850 1788 vet.
869 1750 975 1800 Gyr.
1016 1750 1177 1789 censisse
1203 1749 1364 1789 babor-as
1382 1750 1487 1788 Exc.
1507 1750 1688 1787 Lucens.
1715 1759 1778 1798 pr.
1820 1745 1996 1785 laborant

177 1803 296 1842 Rott.
331 1802 462 1843 Oisel.
487 1802 649 1843 Thuan.
684 1803 837 1844 Petav.
869 1815 955 1843 sec.
984 1803 1259 1842 nouom—14
1293 1804 1346 1842 Et
1367 1815 1445 1855 pro
1478 1802 1591 1846 Quod
1609 1801 1636 1842 J
1641 1813 1708 1841 un.
1730 1812 1793 1851 pr.
1836 1798 2000 1848 legimus

1007 1913 1180 1953 NOTAE

182 2002 432 2044 Consulatu.
1127 1996 1332 2037 cernebat
1355 1999 1520 2034 statuas
1547 1994 1647 2033 viris
1664 1989 2004 2044 praecellentissi-

234 2069 259 2105 7
286 2067 403 2105 Prior
420 2065 629 2117 successus]
646 2066 817 2105 Primus
840 2066 975 2115 labor,
991 2065 1063 2117 qui
1127 2060 1224 2107 mis,
1238 2057 1447 2107 Princeps
1463 2055 1744 2095 concedebat.

183 2128 284 2168 mihi
304 2127 488 2167 feliciter
520 2128 743 2177 successit,
772 2128 826 2167 ob
846 2132 1063 2168 cantatam

185 2191 366 2242 Libyam
400 2204 424 2230 a
446 2191 681 2230 Stilichone
714 2196 948 2242 receptam,
974 2190 1065 2230 Gil-

185 2254 296 2293 done
317 2253 559 2305 profligato.

243 2309 448 2370 Effigiem]
466 2316 693 2355 Claudiani
713 2327 884 2355 carmen
904 2315 957 2354 de
978 2315 1066 2355 bel-

186 2380 230 2420 lo
244 2379 475 2419 Gildonico
496 2385 582 2418 tam
600 2377 740 2417 fausto
755 2389 954 2417 successu
974 2388 1068 2427 pro-

188 2442 336 2481 batum
371 2447 451 2489 est,
484 2447 532 2480 ut
565 2440 644 2491 ipsi
683 2446 868 2479 statuam
902 2451 1070 2489 aeream,

192 2509 395 2555 poscente
422 2504 596 2552 Senatu,
624 2503 837 2542 Arcadius
859 2508 904 2541 et
924 2502 1072 2541 Hono-

195 2566 281 2605 rius
311 2566 352 2603 in
386 2564 482 2604 foro
501 2565 606 2604 Divi
631 2564 807 2616 Trajani
823 2564 926 2615 erigi
947 2563 1073 2602 collo-

195 2627 369 2679 carique
379 2627 602 2678 jusserint.

208 2726 211 2731 .
238 2693 276 2746 ,8
304 2688 526 2739 Patricius]
567 2687 749 2727 Patricii
769 2687 830 2726 sic
849 2687 955 2726 dicti
976 2691 1075 2725 sunt

199 2765 225 2793 a
255 2752 449 2804 patribus
485 2764 560 2790 seu
591 2749 883 2798 Senatoribus,
914 2749 986 2801 qui
1021 2748 1075 2787 ob

198 2820 372 2855 aetatem
403 2819 448 2854 et
479 2813 751 2865 prudentiam
786 2820 928 2863 patres
958 2823 1078 2851 voca-

199 2878 357 2930 bantur
375 2892 385 2917 :
418 2884 464 2917 ut
484 2883 627 2916 autem
644 2877 696 2916 ab
716 2876 845 2916 AEdili
863 2875 913 2915 fit
933 2874 1078 2915 AEaili-

200 2942 295 2990 tius,
310 2941 464 2990 Lateri,
481 2940 723 2985 Latericius;
751 2939 810 2978 sic
832 2951 856 2977 a
876 2949 981 2977 voce
1000 2937 1079 2975 Pa-

202 3005 274 3056 tri,
295 3003 509 3043 Patricius.

256 3066 460 3107 Patricius
478 3064 612 3116 honos]
641 3065 690 3104 Id
720 3070 802 3115 est,
819 3064 978 3103 honore
1000 3062 1083 3101 Pa-

207 3128 437 3179 tricio‚seu
474 3141 498 3167 a
531 3128 736 3176 Patriciis
767 3132 840 3165 aut
871 3124 1085 3164 Senatori-

206 3191 284 3232 bus
299 3197 480 3231 statuam
502 3191 601 3230 mihi
620 3190 720 3241 poni
739 3187 1000 3240 petentibus,
1015 3186 1088 3226 de-

209 3253 315 3302 lato,
331 3266 400 3292 ora
428 3257 561 3292 nostra
590 3253 720 3291 dicata
745 3255 850 3301 sunt,
869 3263 943 3289 seu
962 3249 1087 3289 simu-

211 3314 370 3354 lacrum
400 3317 482 3354 oris
510 3316 642 3355 nostri
672 3314 922 3354 dedicatum
948 3326 998 3353 ac
1023 3324 1088 3352 re-

214 3374 401 3428 positum
415 3382 483 3416 est
502 3377 545 3416 in
560 3377 655 3417 t'oro
669 3377 861 3429 Trajani.

269 3439 296 3476 0
322 3436 495 3490 Annuit]
535 3438 760 3482 Concedit.
799 3439 981 3480 Senatus
1016 3437 1089 3479 de·

1184 2118 1374 2168 Titulum]
1402 2119 1564 2156 Statuae
1592 2115 1887 2155 honoratiores
1907 2110 2008 2150 titu-

1130 2184 1183 2223 lis
1220 2187 1382 2221 ornatae
1419 2184 1542 2219 sunt:
1582 2183 1735 2218 statuae
1763 2184 2007 2215 communes

1133 2246 1291 2296 absque
1309 2244 1369 2282 his
1389 2247 1525 2282 erant.
1563 2239 1913 2291 Inscriptionem,
1933 2247 2008 2274 seu

1133 2309 1318 2356 titulum,
1335 2307 1458 2357 hujtis
1472 2310 1626 2344 statuae
1647 2303 1744 2342 vide
1758 2312 1887 2351 supra
1902 2299 2012 2338 inter

1133 2373 1145 2394 ‘
1165 2369 1432 2410 Testimonia
1446 2367 1500 2406 de
1521 2367 1584 2406 Cl.
1606 2360 1868 2405 Claudiano:

1191 2435 1242 2471 10
1270 2431 1470 2470 Judieium
1496 2439 1607 2478 quam
1636 2424 1779 2475 grave]
1813 2423 1852 2463 Ο
1873 2422 2015 2470 Musa,

1137 2492 1413 2534 honorificum
1435 2490 1489 2528 de
1516 2495 1559 2527 te
1583 2488 1762 2527 Senatus
1779 2485 2014 2536 Imperato-

1141 2552 1508 2607 risquejudicium
1542 2555 1625 2590 tam
1650 2556 1778 2600 grave
1808 2552 1894 2595 est,
1922 2550 2015 2584 tan-

1140 2620 1259 2670 tique
1275 2615 1488 2668 ponderis,
1501 2618 1550 2653 ut
1560 2624 1644 2652 non
1655 2612 1737 2650 nisi
1750 2621 1903 2660 magna
1920 2619 2017 2647 cum

1143 2679 1393 2720 difficultate
1414 2675 1613 2716 sustineri
1633 2673 1780 2726 possit.

1197 2746 1246 2782 ll
1282 2741 1444 2790 Ingenio
1470 2736 1630 2787 minuit]
1658 2735 1890 2776 Praemium
1922 2743 2019 2784 pro-

1145 2810 1341 2857 peratum
1369 2814 1484 2852 saepe
1516 2799 1622 2839 facit
1651 2803 1700 2838 ut
1719 2796 1908 2836 homines
1945 2793 2023 2832 mi-

1147 2880 1226 2906 nus
1259 2863 1513 2905 favorabiles
1543 2863 1628 2901 siut
1651 2859 1884 2900 Poetarum
1905 2856 2022 2907 inge-

1147 2919 1241 2979 niis,
1258 2928 1404 2978 sicque
1429 2923 1578 2967 minuit
1598 2935 1694 2962 eum
1714 2920 1908 2961 favorem
1940 2928 2023 2969 quo

1149 2993 1317 3033 illorum
1335 2988 1610 3040 excipiuntur
1628 2997 1774 3037 opera.

1206 3057 1257 3094 12
1289 3050 1538 3091 Carminibus
1567 3046 1740 3097 veniam]
1769 3043 1923 3094 Poeta,
1959 3041 2029 3082 cui

1153 3122 1296 3159 tantus
1323 3114 1456 3154 honos
1495 3111 1689 3162 contigit,
1722 3120 1828 3160 opus
1858 3117 2030 3156 compo-

1152 3194 1255 3223 nere
1277 3183 1449 3220 tenetur
1477 3177 1591 3217 omni
1618 3187 1675 3220 ex
1705 3178 1830 3226 parte
1865 3169 2029 3223 perfec-

1155 3250 1274 3285 tum:
1304 3241 1406 3295 quia
1425 3240 1541 3281 nulla
1559 3237 1764 3288 deinceps
1785 3234 1911 3276 venia
1937 3240 2030 3282 spe-

1154 3306 1288 3348 randa
1307 3309 1386 3347 est.

1212 3374 1263 3411 14
1290 3366 1498 3418 Legimur]
1536 3366 1599 3405 Eo
1626 3359 1858 3420 severiores
1887 3365 2033 3398 censo-

1158 3446 1225 3476 res
1255 3430 1542 3484 experiemur,
1567 3425 1679 3479 quod
1709 3424 1923 3473 legamur3
1949 3418 2031 3457 hoe
