2300 3906
640 200 706 238 11⁶1
750 199 1111 240 liu-ruomum
1155 196 1275 240 ms.
1317 197 1382 238 11.
1812 185 1917 241 571

103 315 183 368 Ut
208 314 384 368 solum
406 314 611 366 domini
638 330 841 366 sexum
864 324 1110 370 mutasse
1138 316 1367 368 viderer.

101 399 218 453 Hic
247 401 477 466 primum
503 397 730 449 thalami
757 400 1019 452 claustris
1043 399 1246 452 delicta
1269 398 1517 466 tegebat,

102 481 261 534 Clam
287 481 586 549 timideque
602 483 823 550 jubens,
899 483 1033 536 Erat
1055 482 1331 535 invidiosa
1353 484 1624 550 potesta3‚

101 565 210 617 Sed
237 570 411 616 tamen
436 565 687 617 eunuchi.
764 565 1018 617 Necdum
1044 565 1151 618 sibi
1175 564 1402 632 publica
1418 565 1547 633 jura
1814 561 1921 614 555

101 648 340 708 Sumere,
365 663 465 698 nec
494 652 639 698 totas
664 648 903 699 audebat
925 653 1129 701 vertere
1153 647 1327 713 leges.

99 730 208 783 Sed
237 735 531 797 postquam
555 731 842 798 pulsisque
865 733 1044 794 boniS,
1071 735 1126 783 et
1147 730 1286 782 faece
1309 734 1540 796 retenta,

99 812 328 880 Pejores
355 814 490 879 legit
517 814 735 878 socios3
776 813 1082 882 dignusque
1107 813 1330 867 satelles

99 895 251 948 Hinc
278 896 490 948 Hosius
517 898 679 960 stetit,
706 897 829 948 inde
856 897 1004 963 Leo;
1044 897 1248 949 fiducia
1275 898 1464 962 crevit,

92 1036 136 1072 ut
153 1033 306 1071 viderer
320 1037 558 1082 permutasse
571 1035 691 1072 solum
710 1046 843 1073 sexum
861 1036 1020 1075 domini.
1078 1037 1158 1074 Iste
1178 1036 1410 1087 Eutropius
1436 1035 1567 1087 primo
1596 1034 1811 1076 occultabat
1824 1047 1913 1086 pec-

93 1090 180 1125 cata
210 1087 250 1124 in
268 1086 428 1124 latebris
444 1085 639 1135 cubilium,
658 1086 854 1137 imperans
870 1087 1019 1134 furtim
1038 1091 1076 1127 et
1096 1089 1335 1127 meticulose:
1359 1089 1534 1138 potentia
1553 1088 1642 1139 ejus
1668 1092 1754 1127 erat
1771 1089 1916 1139 odiosa,

92 1140 158 1178 sed
178 1141 306 1178 tamen
326 1140 520 1190 potentia
540 1146 632 1178 erat
649 1140 824 1179 eunuchi.
883 1140 968 1179 Nec
985 1143 1075 1179 dum
1104 1141 1318 1179 sustinebat
1345 1153 1531 1191 usurpare
1546 1142 1623 1180 sibi
1640 1142 1916 1181 auctoritatem

97 1191 260 1241 Reipub.
281 1204 399 1242 neque
414 1193 659 1242 pessumdare
679 1194 781 1242 leges
793 1192 1005 1232 universas.
1059 1193 1116 1232 At
1131 1197 1394 1243 posteaquam,
1413 1193 1513 1232 viris
1529 1194 1659 1243 probis
1675 1194 1861 1244 expulsis,
1878 1197 1915 1232 et

91 1244 238 1294 infimis
267 1246 487 1293 reservatis,
519 1245 637 1294 elegit
666 1246 746 1284 sibi
778 1248 925 1285 sodales
952 1247 1162 1285 deteriores
1176 1258 1192 1291 ;
1228 1247 1317 1285 hinc
1349 1246 1480 1284 astitit
1510 1246 1654 1295 dignus
1684 1246 1915 1284 administer

94 1297 257 1350 Hosius,
275 1298 364 1338 inde
381 1298 458 1338 Leo
472 1311 487 1345 ;
512 1298 743 1351 confidentia
762 1299 851 1350 ejus
869 1302 983 1338 aucta
1001 1302 1073 1349 est,
1089 1302 1129 1338 et
1147 1299 1284 1350 cupido
1303 1298 1510 1347 manifesta
1528 1298 1746 1350 imperandi
1766 1297 1917 1338 exarsit

862 1417 1156 1433 OOOOOOOOOOO

93 1495 189 1535 mini
208 1496 364 1538 Moret.
381 1509 443 1549 ρι’.
488 1502 656 1539 mutasse
670 1500 775 1539 Exc.
798 1501 909 1540 Laeti
928 1506 974 1539 et
994 1500 1177 1547 Lucens.
1199 1511 1261 1550 ρι’.
1301 1504 1455 1538 mutare
1470 1498 1566 1539 Pal.
1593 1502 1776 1550 quatuor
1794 1496 1915 1536 Med.

93 1549 255 1587 Mazar.
276 1551 438 1590 Bonon.
460 1551 542 1591 inc.
568 1553 715 1592 Heius.
736 1553 802 1592 ed.
821 1554 1097 1593 vicet—553
1126 1553 1307 1592 thalamis
1326 1554 1468 1591 clausis
1488 1554 1651 1591 Thoan.
1679 1550 1818 1590 clatris
1838 1562 1916 1600 pro

91 1602 273 1641 claustris
290 1604 388 1644 Vat.
408 1609 680 1656 quarn-554
707 1606 941 1657 timidusque
960 1606 1079 1646 Med.
1100 1610 1240 1656 quart.
1269 1606 1380 1645 unde
1400 1606 1647 1656 timidumque
1668 1602 1918 1653 corrigebat

95 1654 245 1693 Heius.
290 1655 476 1707 insidiosa
495 1659 560 1696 vel
579 1659 771 1698 invidiosa
796 1661 1029 1698 Put.--555
1058 1661 1195 1698 nedum
1212 1658 1294 1697 inc.
1318 1658 1469 1697 Heius,
1512 1660 1677 1696 nondum
1693 1656 1776 1695 duo
1794 1657 1917 1696 Vatt.

93 1707 185 1746 Pal.
208 1708 324 1747 Med.
347 1721 411 1759 pr.
435 1711 536 1749 LoV.
556 1711 706 1749 Petav.
729 1724 792 1761 pr,
832 1724 927 1750 rura
947 1711 1064 1751 Med.
1085 1724 1169 1750 sec.
1188 1724 1240 1750 m.
1264 1723 1326 1760 pr.
1368 1711 1451 1749 cita
1470 1711 1573 1750 Var.
1591 1711 1672 1749 LL.
1694 1709 1762 1748 ed.
1780 1708 1915 1747 Antv.

91 1763 225 1798 —556
254 1766 387 1800 tantas
417 1768 599 1814 quatuor
636 1764 756 1803 Vatt.
791 1764 886 1804 Pal.
924 1765 1048 1803 Fam.
1088 1765 1207 1803 Rott.
1244 1763 1374 1802 Oisel.
1427 1768 1531 1802 totas
1559 1769 1647 1802 vet.
1681 1763 1786 1812 Gyr.
1815 1762 1915 1800 Vat.

92 1812 230 1851 Livin.
261 1814 360 1853 Put.
381 1827 435 1854 m.
458 1827 520 1865 ρι’.
540 1817 700 1856 Bonan.
722 1815 872 1856 Ambr.
895 1829 959 1867 pr.
976 1818 1085 1856 Exc.
1108 1818 1287 1856 Lucens.
1309 1827 1394 1855 sec.
1442 1819 1544 1855 totas
1564 1816 1629 1854 vel
1663 1818 1795 1853 tantas
1811 1814 1915 1854 Vat-

90 1877 156 1958 ἓν.
183 1866 375 1906 audebant
395 1869 493 1906 Vat.
515 1880 600 1907 sec.
624 1869 716 1907 Pal.
740 1869 875 1909 oisel.
897 1869 1011 1908 Prie.
1035 1882 1088 1908 m.
1123 1882 1185 1920 pr.
1221 1869 1338 1908 Med.
1373 1880 1436 1919 ρι’.
1466 1869 1628 1907 Thuan.
1648 1868 1809 1906 Mazar.
1831 1865 1915 1905 duo

130 1923 242 1957 εἵην.
264 1921 387 1958 ambo
407 1920 566 1960 Moret.
587 1919 736 1960 Ambr.
759 1927 856 1961 tert.
879 1923 963 1960 inc.
986 1921 1138 1960 Heius.
1185 1926 1334 1960 vertere
1367 1922 1528 1959 Bouon.
1558 1920 1659 1958 Pat.
1680 1917 1829 1962 Ambr.
1849 1930 1916 1968 pr.

91 1969 209 2011 Med.
227 1977 363 2023 quart.
394 1972 545 2023 Isingr.
589 1985 739 2012 surnere
772 1974 923 2024 viginti
956 1973 1092 2014 codd.
1120 1975 1226 2014 Exc.
1248 1973 1429 2013 Gevart.
1450 1971 1519 2011 ed.
1541 1972 1686 2011 Parm.
1707 1972 1811 2010 Var.
1827 1971 1914 2010 LL.

91 2024 159 2064 ed.
178 2023 311 2065 Antv.
340 2038 486 2065 sumere
506 2027 572 2064 vel
594 2023 740 2066 vertet-e
754 2028 854 2066 Vat.
875 2032 1013 2079 quai-t.
1034 2027 1132 2065 Put.
1148 2026 1315 2066 Tholas.
1335 2026 1419 2065 duo
1443 2024 1588 2064 Ambr.
1607 2026 1712 2064 Exc.
1733 2025 1916 2064 Lucens.

90 2081 293 2128 pre-567
324 2077 400 2117 Sed
430 2084 629 2130 postquam
660 2091 804 2119 omnes
822 2081 944 2119 Vatt.
981 2080 1071 2119 Pal.
1106 2080 1232 2118 Fam.
1265 2078 1383 2118 Prie.
1424 2077 1545 2118 Rott.
1585 2077 1720 2118 Oisel.
1754 2077 1919 2118 Bonon.

90 2129 239 2169 Ambr.
263 2136 361 2170 tei-t.
378 2131 467 2179 fece
484 2137 630 2171 remota
649 2133 813 2172 Mazar.
847 2132 959 2181 fasce
981 2133 1112 2172 Oisel.
1135 2133 1217 2172 duo
1236 2131 1358 2171 Med.
1377 2131 1478 2170 Lov.
1498 2143 1551 2170 m.
1571 2142 1635 2181 pr.
1652 2130 1804 2169 Petav.
1826 2141 1915 2168 sec.

69 2180 192 2233 -sasce
208 2187 358 2231 retento
378 2185 490 2224 Pric.
509 2185 630 2225 Rott.
666 2185 782 2234 farce
799 2186 899 2227 Var.
922 2187 1003 2226 LL.
1023 2185 1090 2225 ed.
1112 2185 1240 2225 Antv.
1277 2184 1368 2230 fece
1385 2187 1538 2223 retenta
1556 2184 1624 2222 vel
1634 2183 1748 2230 fasce
1769 2185 1917 2222 retento

89 2236 198 2286 Reg-
235 2236 347 2285 fasce
380 2238 449 2277 vel
471 2237 561 2286 fece
593 2239 746 2278 Petav.
782 2243 1020 2279 tent—558
1049 2239 1281 2290 Pejor-esque
1312 2238 1479 2277 Thuan.
1523 2237 1735 2286 dignusque
1764 2235 1918 2274 satelles

91 2288 278 2331 Florem.
316 2297 501 2341 quatuor
541 2291 655 2331 Med.
686 2291 772 2331 inc.
807 2293 958 2332 Heius.
989 2293 1088 2332 Put.
1120 2293 1226 2342 Reg.
1259 2291 1419 2330 Thuan.
1451 2290 1610 2330 Mazar.
1641 2294 1727 2328 tres
1762 2288 1917 2328 Petav.

90 2341 255 2383 Bonon.
288 2343 387 2384 Pit.
420 2345 586 2384 Tholas.
615 2345 699 2384 duo
728 2344 876 2385 Ambr.
913 2345 1035 2384 ambo
1070 2345 1244 2391 Mon-eti,
1280 2344 1347 2383 ed.
1382 2344 1525 2381 Pau-m.
1556 2347 1601 2380 et
1631 2342 1773 2380 Vicet.
1806 2341 1915 2380 Exc.

90 2393 269 2435 Gevart·
292 2397 468 2437 Lucens.
492 2409 555 2448 ρι’.
576 2398 727 2438 Sched.
749 2399 862 2438 Gud.
880 2397 982 2438 Ald.
1003 2404 1059 2436 ‘et
1079 2399 1178 2437 Var.
1201 2398 1286 2436 LL.
1306 2396 1372 2434 ed.
1404 2394 1535 2434 Antv.
1577 2394 1789 2443 dignosque
1804 2386 1916 2453 soda-

89 2447 145 2485 les
165 2449 229 2486 vel
248 2448 460 2501 dignusque
491 2452 643 2489 satelles
663 2450 811 2491 Ambr.
834 2454 1071 2491 tem—559
1105 2451 1184 2489 Hic
1215 2451 1309 2488 Pat.
1349 2448 1499 2486 Hosias
1516 2447 1620 2498 Reg.
1665 2446 1781 2484 Osias
1798 2445 1915 2484 Pric-

95 2499 216 2540 Ociuss‘s
234 2502 332 2541 Vat.
353 2503 487 2557 quint.
528 2503 665 2543 Sooius
682 2505 844 2543 Thuan.
891 2504 1009 2543 Osius
1027 2504 1125 2543 Vat.
1145 2507 1245 2560 tert:
1264 2501 1423 2541 Moret.
1441 2511 1524 2540 sec.
1543 2498 1646 2540 Ald.
1685 2499 1792 2538 Leon
1807 2498 1915 2538 Exc-

915 2621 1090 2662 NOTAE

145 2719 225 2755 552
254 2714 421 2766 Sexum]
464 2717 596 2757 Quasi
626 2716 856 2768 Eutropius
889 2728 973 2756 non
1041 2715 1161 2755 lectis
1195 2727 1268 2755 seu
1303 2714 1498 2754 thalamis
1515 2713 1536 2763 3‘
1555 2714 1701 2766 sicque
1721 2714 1917 2755 Eunuchi

95 2780 181 2819 tam
200 2778 256 2818 sit
276 2779 352 2827 vir,
372 2790 495 2829 quam
514 2777 696 2818 foemina.
1040 2791 1124 2818 non
1137 2778 1233 2818 ideo
1247 2777 1424 2818 castrati
1438 2782 1560 2816 erant
1578 2789 1588 2815 ε
1619 2777 1678 2817 sic
1692 2775 1918 2829 Putiphar,

90 2840 93 2845 ”
145 2845 223 2881 553
275 2840 473 2891 Thalami]
520 2840 712 2880 Eunuchi
757 2840 972 2882 Thalamis
1041 2854 1094 2881 ex
1108 2840 1472 2893 quibusdam,non
1487 2842 1583 2878 erat
1602 2838 1819 2878 eviratus:
1843 2838 1917 2880 im-

93 2903 382 2944 custodiendis
404 2902 599 2954 praefecti
619 2911 738 2943 erant
757 2918 767 2943 ε
799 2904 872 2943 sed
888 2906 972 2943 Eu·
1039 2914 1109 2942 mo
1130 2907 1176 2942 et
1208 2902 1287 2942 viri
1313 2900 1613 2940 modestissimi
1633 2907 1678 2940 et
1696 2900 1919 2940 castissimi

94 2966 254 3018 tropius
288 2978 371 3005 non
411 2973 493 3004 tam
529 2966 814 3016 custodiebat,
846 2979 970 3019 quam
1039 2965 1144 3005 dicti
1173 2965 1382 3014 Eunuchi,
1410 2970 1458 3004 ut
1486 2963 1539 3004 de
1559 2964 1743 3004 Daniele
1762 2970 1808 3004 et
1828 2964 1918 3016 eJus

89 3027 426 3080 ,corrumpendos
447 3027 593 3078 dabat,
610 3028 749 3080 pretio
768 3029 860 3079 ipse
882 3041 972 3070 cor·
1038 3028 1162 3068 sociis
1182 3028 1366 3078 legitur3
1396 3026 1472 3067 sed
1493 3039 1587 3066 cum
1607 3025 1824 3078 principes
1842 3039 1918 3066 ux-

79 3094 258 3144 ‘tuptum
1039 3103 1158 3131 orum
1175 3097 1220 3130 et
1236 3090 1417 3130 'filiarum
1439 3102 1582 3132 curam
1599 3091 1698 3130 solis
1717 3090 1916 3131 castratis

90 3200 91 3203 Ἴ
145 3156 225 3194 554
251 3152 416 3204 Jubens]
447 3154 508 3193 Ut
524 3154 666 3193 solent
682 3152 863 3194 infames
878 3154 972 3194 libi·
1039 3154 1371 3204 committerent,
1415 3153 1513 3192 hinc
1559 3153 1738 3198 castrati
1769 3165 1914 3194 omnes

95 3214 241 3261 diuum
258 3217 452 3257 ministri.
1039 3217 1148 3259 dicti
1167 3221 1267 3260 suut
1286 3215 1496 3255 Eunuchi.

148 3282 225 3318 6⁵5
259 3280 458 3333 Eunuchi]
486 3281 733 3322 Notandum
749 3286 816 3322 est
837 3283 972 3323 Eunu·
1091 3283 1168 3318 557
1200 3277 1332 3328 Foece]
1375 3275 1577 3318 Retentis
1603 3276 1841 3322 hominibus
1859 3288 1914 3319 el

94 3340 208 3381 cltum
226 3353 316 3384 esse
339 3342 468 3385 officii
498 3356 667 3398 nomen,
694 3358 719 3386 a
750 3345 970 3389 servandis
1037 3339 1109 3382 vili
1128 3339 1354 3395 plebecula
1374 3339 1540 3384 electis.
