2300 3906
619 215 858 255 nAr'rth
898 217 1193 258 PROSERP.
1238 220 1358 261 mn.
1401 221 1466 261 ιι.
1836 214 1945 268 975

132 325 300 390 Quod
325 331 509 396 superi
532 348 775 385 meruere
798 336 985 389 semel.
1062 338 1183 390 Nec
1208 341 1400 392 mollia
1426 340 1623 394 desunt

130 410 300 463 Prata
324 414 442 465 tibi.
519 415 788 483 Zephyris
814 420 927 471 illic
953 422 1271 475 melioribus
1298 424 1485 476 halant

129 492 389 560 Perpetui
414 495 592 560 flores,
617 516 754 566 quos
779 518 877 553 nec
902 507 1000 555 tua
1025 507 1257 571 protulit
1284 506 1501 560 Henna.

128 574 230 628 Est
252 578 418 629 etiam
443 581 585 631 lucis
611 584 765 635 arbor
790 586 1066 652 praedives
1093 591 1306 655 opaciS,
1832 594 1946 647 290

130 657 425 726 Fulgentes
454 664 611 715 viridi
635 682 812 718 ramos
838 675 1068 721 curvata
1088 672 1331 724 metallo.

129 742 279 795 Haec
305 746 403 796 tibi
430 763 588 800 sacra
612 749 798 803 datur:
838 752 1281 823 fortunatumque
1303 757 1511 808 tenebis

127 825 487 893 Autumnum,
514 838 570 882 et
594 833 755 885 fulvis
780 850 995 902 semper
1020 836 1260 889 ditabere
1279 840 1481 905 pomis,

128 909 312 961 Parva
336 913 530 979 loquor
552 932 563 967 :
608 918 866 985 quicquid
886 921 1128 987 liquidus
1155 923 1530 991 complectitur
1554 923 1663 987 aer,

128 991 411 1062 Quicquid
435 997 532 1048 alit
554 1000 732 1063 telluS,
757 1003 1017 1070 quicquid
1044 1006 1177 1056 salis
1204 1022 1431 1073 aequora
1453 1012 1689 1071 verrunt,
1831 1009 1941 1062 295

128 1075 293 1140 Quod
321 1078 476 1131 fluvii
503 1082 747 1146 volvunt,
768 1087 918 1152 quod
943 1088 1218 1139 nutrivere
1239 1090 1487 1155 paludeS,

123 1223 224 1283 qupd
242 1222 412 1262 homines
427 1230 622 1265 merentur
638 1228 794 1268 habere
811 1231 940 1270 semel.
998 1232 1132 1282 Neque
1158 1243 1257 1272 vero
1285 1236 1401 1283 prata
1421 1232 1571 1284 florida
1587 1234 1747 1273 deerunt
1766 1233 1864 1274 tibi.-
1893 1234 1936 1273 in

122 1275 204 1312 illas
218 1276 436 1326 locisflores
454 1280 605 1328 aeterni,
618 1282 747 1330 quales
762 1283 905 1322 Henna
925 1289 993 1322 tua
1011 1297 1086 1322 non
1096 1286 1298 1334 produxit,
1310 1286 1462 1336 spirant
1473 1286 1651 1338 zephyris
1663 1287 1938 1327 blandioribus.

123 1326 327 1366 Praeterea
344 1330 460 1367 arbor
473 1336 530 1369 est
547 1334 727 1382 opulenta
745 1335 787 1373 in
802 1337 922 1386 sylvis
941 1336 1175 1386 florentibus
1195 1339 1349 1377 habens
1370 1351 1496 1385 rqmos
1508 1351 1642 1378 aureos
1658 1344 1834 1379 curt-utos
1862 1351 1942 1379 me-

124 1380 220 1418 talto
238 1379 372 1427 fult-o:
402 1381 483 1420 hoec
503 1384 632 1423 arbor
649 1394 893 1426 consecratur
920 1389 1020 1432 nti,-
1052 1394 1091 1427 et
1120 1390 1331 1438 possidebis
1361 1396 1584 1429 autumnum
1592 1391 1765 1439 felicem,
1784 1396 1822 1430 et
1839 1393 1940 1431 locu·

121 1433 332 1483 pletaberis
345 1439 527 1484 perpetuo
544 1439 669 1485 pomis
685 1439 827 1478 aureis.
875 1441 985 1478 Dico
1012 1453 1135 1490 pauca
1147 1454 1161 1480 .-
1200 1442 1382 1492 quicquid
1412 1443 1480 1481 aer
1498 1443 1625 1481 tenuis
1640 1444 1820 1493 continet,
1838 1444 1943 1494 quic-

124 1487 218 1537 quid
236 1491 342 1526 terra
361 1489 501 1538 nutrit,
519 1489 699 1540 quicquid
718 1493 843 1542 campi
863 1492 984 1531 maris
1001 1494 1170 1539 volvunt,
1188 1497 1287 1544 quod
1293 1494 1465 1545 flumina
1483 1496 1659 1546 trahunt,
1677 1497 1775 1546 quod
1785 1498 1944 1546 paludes

889 1610 1179 1625 OOOOOOOOOOO

126 1678 214 1718 LL.
234 1691 258 1718 e
279 1691 412 1730 marg.
429 1680 703 1722 Parm.—28⁷
734 1682 833 1727 Quoe
847 1683 992 1734 Superi
1002 1685 1097 1724 Vat.
1114 1685 1248 1737 quint.
1269 1688 1426 1724 tenuere
1443 1696 1519 1735 pro
1533 1697 1700 1723 meruere
1714 1684 1796 1724 duo
1814 1685 1938 1726 Vatt.

128 1731 479 1774 Cod.Bar11101in.
498 1735 621 1774 Voss.
638 1748 701 1786 pr.
717 1735 865 1775 Ambr.
885 1742 986 1776 tert.
1001 1737 1083 1776 duo
1102 1738 1204 1778 Jun.
1221 1738 1370 1777 Petav.
1389 1743 1527 1789 quart.
1554 1750 1629 1777 non
1648 1738 1775 1776 mollia
1790 1737 1938 1778 Ambr.

127 1789 365 1825 tert.-—288
393 1788 614 1827 melioribus
632 1791 766 1841 afflant
781 1790 939 1830 Moret.
960 1793 1159 1842 ρι·.-“-289
1177 1803 1268 1842 quos
1283 1803 1354 1829 non
1370 1791 1451 1829 inc.
1467 1790 1614 1829 Heius.
1626 1790 1652 1830 J
1658 1802 1726 1829 un.
1739 1803 1823 1829 sec.
1840 1789 1940 1831 Ald.

125 1838 229 1878 Var.
249 1839 335 1878 LL.
359 1853 380 1878 e
402 1852 531 1889 marg.
554 1842 694 1882 Parni.
731 1843 899 1893 pertulit
921 1845 1070 1883 Petav.
1092 1857 1176 1884 sec.
1222 1845 1361 1883 Henna
1386 1844 1547 1882 ssonon.
1568 1844 1690 1882 AEtna
1710 1849 1796 1882 tres
1815 1843 1937 1882 Vatt.

125 1891 221 1931 Pal.
243 1892 349 1931 Cod.
370 1893 605 1934 Bartholin.
637 1895 797 1934 Etlmna
816 1896 957 1936 Oxon.
980 1909 1042 1947 pr.
1064 1898 1183 1936 AEtne
1202 1898 1302 1935 Vat.
1323 1902 1424 1935 tert.
1445 1901 1489 1936 et
1508 1896 1548 1935 d.
1570 1896 1669 1935 Put.
1690 1896 1771 1934 duo
1787 1896 1939 1936 Petav.

127 1945 258 1984 Ethne
278 1946 446 1985 Tholas.
464 1959 518 1985 m.
539 1959 604 1998 pr.
628 1947 771 1987 Oxon.
792 1961 878 1988 sec.
894 1962 948 1989 m.
969 1954 1168 2000 pr.-290
1199 1950 1298 1988 Hoec
1311 1948 1428 1988 etiam
1465 1949 1563 1990 Jun.
1585 1961 1670 1987 sec.
1698 1949 1824 1999 opacis
1842 1949 1939 1988 Flo-

124 2003 235 2037 rent.
252 2011 345 2038 cum
364 1999 902 2051 duodecim'scriptis‚Var.
916 2003 1001 2042 LL.
1019 2013 1042 2042 e
1058 2015 1189 2054 marg.
1201 2002 1343 2041 Parm.
1356 2002 1484 2052 opacis
1497 2003 1562 2040 vel
1574 2004 1730 2040 amoenis
1745 2001 1840 2040 Vat.
1855 2012 1940 2041 sec.

127 2051 253 2090 Voss.
269 2064 356 2091 sec.
370 2054 529 2091 amoenis
548 2053 834 2103 Isingr.—29l
849 2068 975 2094 ramos
988 2056 1107 2094 viridi
1118 2056 1212 2094 Vat.
1231 2055 1542 2106 quart.Tholos.
1552 2055 1715 2104 gravido
1730 2066 1805 2104 pro
1820 2053 1940 2092 viridi

125 2103 226 2143 vat.
243 2109 443 2154 pin—292
454 2106 676 2145 sacradabit
687 2108 807 2146 Voss.
820 2120 881 2158 pr.
890 2108 1036 2147 tenebis
1047 2109 1399 2147 Petav.sec.Exc.
1414 2106 1942 2156 Petav.qnart.ed.Parm.

124 2157 295 2197 tenebris
313 2158 415 2196 Put.
458 2159 603 2197 videbis
620 2159 703 2198 duo
724 2160 877 2199 Petav.
900 2161 1001 2201 Jun.
1024 2172 1110 2199 sec.
1150 2165 1321 2198 tenemus
1341 2161 1408 2197 vei
1427 2159 1571 2196 tenebis
1591 2159 1698 2207 Reg.
1717 2159 1857 2197 Oxon.
1878 2169 1941 2207 pr.

125 2214 260 2251 -293
288 2211 543 2257 Autumnum,
566 2211 694 2258 fulvis
723 2212 824 2252 Jun.
856 2225 943 2253 sec.
984 2225 1130 2261 semper
1150 2211 1278 2259 fulvis
1308 2212 1390 2248 inc.
1429 2211 1574 2249 Heius.
1615 2210 1792 2248 dotabere
1828 2208 1940 2260 conj.

126 2263 278 2303 Heius.
308 2262 360 2300 In
382 2262 525 2301 Oxon.
545 2274 610 2312 pr.
633 2274 815 2312 sequens
836 2265 974 2312 glossa
1006 2269 1114 2310 erat,
1151 2263 1249 2301 Haec
1269 2266 1325 2300 est
1343 2262 1473 2309 arbor,
1489 2263 1537 2299 de
1555 2273 1628 2311 qua
1652 2261 1796 2309 Vir-gil.
1817 2262 1859 2299 in
1881 2273 1942 2302 vt.

125 2317 219 2356 AEn.
242 2318 332 2354 136.
360 2318 371 2335 ‘
394 2315 498 2352 latet
519 2314 673 2352 arbore
693 2327 827 2364 opaca
842 2314 1009 2354 Aureus
1039 2320 1083 2354 et
1108 2313 1220 2353 foliis
1238 2320 1283 2353 et
1302 2315 1416 2352 lento
1436 2314 1589 2352 vimine
1611 2324 1765 2361 ramus,
1784 2313 1945 2353 Junoni

125 2368 307 2409 infernae
330 2367 468 2406 dictus
489 2366 767 2406 sacer.’—295
798 2367 919 2406 maris
936 2379 1089 2418 ‹equor-u
1109 2373 1194 2406 tres
1213 2367 1333 2406 Vatt.
1353 2376 1397 2405 et
1417 2366 1458 2403 d.
1480 2366 1583 2405 Cod.
1604 2365 1834 2403 Bartholin.
1854 2365 1939 2404 duo

125 2423 250 2462 Voss.
278 2421 397 2459 maris
414 2432 567 2470 oequora
586 2419 658 2458 lati
676 2419 775 2459 vat.
792 2432 857 2470 pr.
885 2422 1005 2459 verrit
1026 2421 1146 2459 Voss.
1168 2432 1231 2470 pr.
1260 2422 1414 2458 vertunt
1432 2418 1530 2457 Vat.
1549 2418 1590 2457 d.
1606 2418 1700 2456 Pal.
1721 2418 1803 2456 duo
1821 2417 1939 2458 Med.

127 2474 280 2514 Heius.
299 2474 355 2513 H.
376 2474 481 2524 Reg.
514 2474 678 2512 Bonon.
710 2474 876 2512 Tholos.
911 2472 1063 2513 Ambr.
1095 2478 1197 2513 tert.
1224 2472 1307 2511 duo
1337 2471 1477 2511 Oxou.
1497 2471 1580 2509 duo
1601 2470 1753 2509 Petav.
1783 2474 1940 2509 ver-nme

126 2528 196 2568 vel
214 2531 369 2567 vertunt
391 2527 512 2566 Voss.
533 2538 617 2565 sec.
651 2525 856 2565 Heinsius
875 2525 1070 2577 ascripsit
1103 2528 1242 2565 locum
1272 2525 1471 2575 Proper-t.
1502 2523 1596 2562 Lib.
1633 2534 1682 2561 11.
1715 2523 1836 2572 Eleg‚
1864 2533 1940 2562 xv.

126 2583 138 2603 ‘
159 2582 307 2621 Nostra
327 2592 392 2619 nec
422 2580 628 2619 Actiacum
648 2585 840 2618 verreret
860 2592 943 2618 ossa
962 2577 1092 2618 mare?
1123 2584 1171 2618 ut
1204 2583 1322 2617 recte
1351 2577 1556 2628 Scaliger,
1586 2575 1697 2628 quod
1719 2586 1939 2626 perperam

127 2634 403 2686 reprehendit
436 2633 853 2671 Passeratius.—296
883 2632 938 2670 Et
953 2632 1074 2683 fluvii
1111 2633 1215 2671 Exc.
1250 2631 1399 2670 Petav.
1436 2634 1573 2681 quart.
1621 2628 1727 2672 Quid
1759 2627 1940 2680 fluvii...‚

127 2688 219 2740 quid
238 2687 322 2726 duo
344 2686 460 2726 Med.
476 2686 627 2726 Heius.
647 2685 705 2724 H.
734 2685 930 2725 involvunt
945 2684 1092 2724 Ambr.
1113 2691 1214 2724 tert.
1255 2686 1410 2722 vertunt
1429 2695 1505 2734 pro
1533 2683 1686 2721 volvunt
1706 2681 1856 2720 Petav.
1876 2691 1942 2732 pr.

951 2790 1126 2832 No'rAE

163 2891 260 2927 ’287
286 2888 406 2933 'Quod
423 2888 552 2938 superi
571 2898 741 2926 meruere
758 2883 891 2935 semel]
914 2885 1004 2924 Nos
1072 2895 1224 2923 aureus
1261 2892 1383 2920 sacer
1413 2883 1480 2919 est
1510 2876 1797 2929 Proserpinae,
1826 2874 1940 2928 quod

29 2975 49 2985 ··
126 2952 263 2993 Inferi
298 2954 502 2992 habemus
541 2962 711 3001 semper
748 2949 923 2998 animas,
960 2953 1007 2987 et
1072 2957 1218 2986 aurum
1253 2945 1387 2984 lateat
1420 2942 1462 2981 in
1494 2941 1586 2980 imis
1614 2946 1741 2980 terrae
1774 2938 1943 2978 visceri-

126 3018 316 3058 homines
337 3018 491 3067 singuli
511 3030 584 3057 seu
614 3015 757 3067 superi
789 3019 1007 3052 merentur
1075 3010 1165 3049 bus.

128 3086 291 3120 tantum
315 3081 458 3119 sortiri
486 3094 556 3118 eas
574 3079 718 3127 semel,
737 3078 779 3116 id
798 3089 850 3115 ex
870 3075 1005 3127 opini-
1128 3072 1385 3112 Fortunatam
1403 3066 1645 3117 autumnum]
1687 3064 1771 3106 Qui
1789 3063 1944 3115 pretio-

127 3156 209 3184 one
225 3144 486 3195 Pythagorae
504 3157 512 3182 z
536 3142 603 3182 vel
625 3140 824 3180 habemus
843 3150 1007 3188 semper
1074 3146 1140 3174 sos
1159 3143 1392 3184 aureosque
1413 3129 1524 3169 ferat
1539 3127 1712 3167 fructus.

130 3206 333 3246 saeculum
353 3217 540 3244 aureum.
1127 3199 1205 3236 293
1234 3191 1442 3243 Ditabere]
1489 3189 1685 3231 Nonnulli
1715 3187 1859 3238 legunt
1874 3185 1942 3224 do·

179 3271 262 3308 289
293 3266 498 3319 Perpetui]
547 3267 636 3305 Per
665 3270 803 3305 totum
839 3275 1007 3303 annum.
1075 3260 1219 3310 tabere,
1245 3259 1288 3298 id
1309 3264 1392 3307 est,
1412 3257 1454 3295 in
1474 3250 1852 3323 compensatiouem
1870 3247 1943 3288 do-

182 3329 345 3380 Henna]
371 3330 510 3379 Supra
529 3328 702 3379 saepius.
1076 3324 1129 3364 tis
1150 3329 1233 3363 tuae
1251 3320 1417 3373 accipies
1423 3317 1547 3367 soetus
1562 3325 1782 3356 αιιηοοηιοιι.

180 3395 261 3433 292
292 3393 393 3432 Hoec
417 3391 491 3431 tibi
521 3403 634 3431 sacra
656 3390 800 3441 datur]
845 3388 1004 3428 Ramue
