2300 3906
677 225 756 264 DE
798 227 996 266 nunno
1035 225 1258 265 enrico
1301 226 1423 265 mn.
1849 214 1957 266 757

136 344 279 398 Visa
304 347 526 413 procul:
563 346 748 411 magni
773 347 1007 399 subeunt
1019 348 1139 417 jam
1162 347 1332 400 taedia
1357 344 1544 415 coepti.

138 429 400 483 Occultat
423 437 608 481 tamen
630 445 723 479 ore
747 434 965 493 metum,
989 432 1306 499 primosque
1328 446 1556 482 suorum

140 512 460 566 Consultare
483 513 640 580 jubet
661 513 818 564 bellis
843 515 1109 581 annisque
1133 513 1414 565 verendos.
1855 511 1961 564 480

139 596 400 664 Crinigeri
425 596 612 648 sedere
636 602 842 664 patreS,
862 599 1058 665 pellita
1083 596 1346 649 Getarum

139 680 305 732 Curia
326 698 338 732 :
377 696 516 747 quos
541 679 722 747 plagis
749 682 968 734 decorat
992 697 1281 733 numerosa
1305 682 1561 746 cicatrix,

138 765 211 817 Et
233 765 490 816 tremulos
514 766 647 831 regit
670 766 826 818 hasta
844 766 1064 833 gradus,
1090 769 1147 817 et
1169 765 1360 817 nititur
1384 766 1512 818 altis

136 848 251 900 Pro
274 849 478 900 baculo
503 849 676 900 contis
695 867 808 902 non
831 854 1116 903 exarmata
1138 855 1411 903 senectus,

138 932 252 984 Hic
280 932 476 999 aliquis
503 935 715 999 gravior
740 940 889 998 natu,
916 936 1007 987 cui
1032 936 1267 1003 plurima
1294 936 1456 988 dictis
1849 938 1958 991 485

139 1015 504 1082 Consiliisque
528 1015 684 1079 fides,
705 1017 922 1069 defixus
946 1020 1157 1070 lumina
1182 1025 1363 1082 terrae,

139 1099 577 1167 Concutiensque
603 1117 839 1166 comam,
859 1105 1166 1171 capuloque
1193 1105 1423 1157 acclinis
1447 1105 1671 1168 eburnO,

68 1195 72 1201 '
138 1185 201 1238 Si
224 1201 448 1236 numero
473 1200 580 1236 non
604 1185 783 1248 fallor,
806 1187 902 1250 ait,
928 1188 1204 1239 tricesima
1227 1191 1396 1240 currit

138 1269 350 1322 Bruma
373 1268 504 1331 fere,
529 1269 781 1336 rapidum
804 1274 1096 1338 postquam
1121 1273 1454 1324 tranavimus
1481 1272 1754 1337 Histrum,

203 1424 292 1460 rata
309 1419 502 1471 occupari,
521 1425 622 1460 tunc
651 1421 735 1459 visa
766 1422 880 1470 longe
909 1421 1140 1461 recedere:
1164 1421 1252 1471 jam
1281 1421 1398 1461 toedia
1423 1422 1583 1462 veniunt
1603 1422 1776 1472 ingentis
1803 1424 1963 1474 incepti.

134 1432 336 1514 ffiaricus
364 1474 616 1513 nihilominus
643 1474 743 1522 tegit
773 1475 883 1513 vultu
914 1475 1105 1525 timorem,
1135 1479 1175 1514 et
1205 1476 1371 1526 imperat
1398 1476 1541 1526 primos
1565 1488 1720 1515 suorum
1739 1477 1965 1528 spectabiles

138 1533 184 1566 et
204 1527 298 1566 bello
314 1531 351 1566 et
369 1531 502 1576 aetate,
518 1527 725 1566 consulere.
779 1526 896 1567 Senes
914 1529 1108 1579 capillati,
1140 1529 1210 1580 qui
1244 1534 1344 1567 sunt
1375 1529 1543 1569 Senatus
1566 1530 1731 1580 pelliger
1751 1531 1963 1580 Getarum,

136 1582 411 1619 consederunt.-
439 1593 532 1631 quos
552 1592 673 1618 senes
691 1580 861 1620 cicatrix
878 1583 1000 1620 multa
1018 1586 1131 1620 ornat
1159 1581 1404 1628 vulneribus,·
1430 1587 1469 1621 et
1498 1583 1624 1634 cuspis
1655 1584 1819 1623 sustinet
1850 1586 1965 1634 pedes

139 1633 366 1684 titubantes,
383 1646 428 1673 ac
446 1637 637 1682 senectus,
669 1646 716 1673 ne
746 1634 908 1673 inermis
937 1634 1126 1684 incedat,
1148 1634 1321 1682 fulcitur
1349 1636 1511 1685 perticis
1530 1636 1671 1686 longis,
1689 1649 1760 1687 pro
1779 1637 1966 1688 scipione.

139 1687 223 1726 Hic
241 1687 400 1738 quidum
417 1686 680 1738 proestabilior
698 1691 830 1737 oetate,
850 1688 913 1727 cui
941 1688 1105 1727 multum
1126 1689 1227 1740 fidei
1247 1688 1471 1728 adhibetur
1498 1689 1541 1727 in
1568 1689 1803 1729 sermonibus
1823 1695 1861 1729 et
1877 1702 1965 1730 con-

137 1740 251 1788 siliis,
283 1741 441 1779 habens
470 1741 596 1779 oculos
614 1741 725 1792 fixos
754 1741 877 1791 humi,
907 1745 946 1780 et
973 1742 1150 1791 quatiens
1187 1745 1319 1792 caput,
1351 1745 1389 1780 et
1417 1743 1587 1782 annixus
1620 1744 1755 1794 capulo
1786 1743 1964 1794 eburnea,

138 1794 267 1844 inquit
278 1808 291 1834 :
322 1793 370 1833 Si
387 1807 464 1833 non
481 1793 651 1844 decipior
668 1806 839 1845 numero,
870 1794 1001 1846 hyems
1022 1794 1154 1843 ferme
1171 1794 1375 1845 trigffiima
1382 1796 1499 1848 fluit,
1515 1809 1602 1836 cum
1617 1796 1867 1838 transivimus
1881 1796 1965 1837 Da-

909 1913 1206 1929 OOOOOOOOOOOO

139 1981 242 2021 tueri
266 1993 344 2032 pro
364 1980 490 2020 teneri
510 1979 660 2020 Ambr.
681 1987 922 2023 terh—479
952 1985 1161 2024 Conculcat
1188 1983 1290 2023 Put.
1310 1983 1478 2022 Bonon.
1503 1982 1650 2022 Ambr.
1682 1995 1747 2034 pr.
1791 1985 1855 2023 ira
1888 1997 1965 2035 pro

140 2047 205 2076 ore
226 2035 319 2074 Pal.
339 2034 458 2074 Med.
493 2039 697 2086 lin—480
724 2037 864 2076 animis
895 2037 1077 2089 bellisque
1095 2038 1257 2077 Moret.
1293 2048 1356 2088 pr.
1404 2036 1514 2075 bellis
1530 2036 1723 2086 armisque
1741 2037 1861 2076 Med.
1881 2050 1969 2079 sec.

140 2087 353 2138 animisque
371 2088 490 2128 Rott.
517 2101 709 2140 annosque
728 2090 847 2130 Med.
867 2095 1005 2142 quart.
1035 2091 1219 2141 annisque
1234 2090 1302 2129 vel
1320 2090 1509 2139 armisque
1525 2090 1631 2128 Exc.
1648 2089 1769 2130 Laeti.
1808 2091 1970 2130 animis-

140 2154 213 2193 que
232 2142 300 2181 vel
319 2141 504 2192 annisque
523 2143 713 2182 Florent.
745 2143 933 2191 ferendos
948 2144 1049 2184 Vat.
1070 2149 1170 2183 tert.
1210 2143 1387 2182 verendis
1404 2143 1697 2183 'rimam—481
1722 2145 1870 2193 polluta
1891 2157 1968 2194 pro

136 2195 275 2246 pellita
304 2195 463 2235 Moret.
503 2200 704 2247 pr.—-482
729 2198 859 2248 plagae
890 2198 1130 2237 Low-483
1162 2196 1286 2236 hastis
1316 2208 1394 2248 pro
1424 2196 1519 2235 altis
1546 2195 1781 2236 Pan-484
1808 2199 1971 2249 comptis

141 2260 219 2299 pro
238 2249 362 2287 contis
376 2247 476 2289 Jun.
499 2261 565 2300 pr.
585 2250 705 2289 Med.
728 2262 790 2301 pr.
836 2251 986 2290 cunctis
1017 2251 1134 2290 Prie.
1170 2251 1333 2289 Mazar.
1365 2249 1487 2289 Leid.
1519 2262 1604 2288 sec.
1637 2251 1799 2290 Bonon.
1816 2251 1970 2292 Petav.

142 2306 246 2341 tert.
267 2314 321 2341 m.
341 2314 406 2352 pr.
449 2303 674 2342 exanimata
706 2303 856 2344 Ambr.
890 2308 1088 2354 piu—485
1120 2304 1202 2343 Hic
1222 2304 1354 2342 Halus
1380 2303 1449 2342 vel
1481 2303 1587 2341 Tunc
1615 2304 1744 2342 Halus
1780 2305 1847 2342 vel
1866 2305 1972 2344 Tunc

141 2354 233 2394 aliis
252 2355 357 2395 Exc.
382 2356 505 2395 Laeti.
534 2357 652 2395 dictis
672 2362 758 2396 tres
776 2358 898 2396 Vatt.
922 2358 1014 2396 Pal.
1030 2358 1158 2396 Farn.
1182 2357 1298 2396 Prie.
1319 2355 1441 2395 Rott.
1462 2356 1569 2395 Exc.
1587 2356 1711 2394 Laeti.
1753 2356 1851 2394 dicti
1871 2357 1970 2398 Vat.

143 2409 244 2447 tert.
278 2409 470 2448 Florent.
505 2409 660 2449 Petav.
696 2422 758 2460 pr.
792 2410 925 2449 Gesn.
957 2414 1003 2449 et
1029 2410 1096 2450 ed:
1123 2410 1435 2460 Bipont.—-486
1464 2407 1719 2458 consiliisque
1738 2414 1826 2447 tres
1849 2409 1969 2450 Vatt.

145 2461 242 2500 Pal.
270 2462 398 2500 Farn.
429 2462 546 2500 Prie.
579 2464 685 2502 Exc.
722 2463 849 2502 Laeti.
894 2463 1138 2514 consilioque
1166 2461 1314 2502 Ambr.
1336 2466 1440 2500 tert.
1489 2460 1726 2511 Consiliique
1743 2462 1844 2500 Vat.
1866 2468 1968 2502 tert.

145 2514 266 2553 Rott.
296 2513 433 2553 Oisel.
453 2515 656 2554 florent.
678 2516 796 2554 Med.
831 2521 968 2567 quart.
999 2516 1164 2555 Thuan.
1195 2515 1361 2554 Bonon.
1387 2515 1493 2554 Lov.
1523 2513 1680 2553 Moret.
1709 2526 1793 2553 sec.
1814 2515 1975 2555 Petam

146 2572 246 2606 tert.
267 2566 400 2606 Gesn.
419 2572 464 2606 et
483 2568 553 2606 ed.
572 2569 748 2619 Bipont.
782 2568 918 2615 fratre
941 2580 1019 2618 pro
1037 2572 1154 2607 terroe
1172 2568 1274 2609 Jun.
1306 2570 1505 2619 pru—*487
1537 2566 1838 2618 Concutiensque
1854 2573 1972 2619 caput

145 2620 263 2659 Pric-
281 2632 336 2659 m.
361 2633 424 2671 pr.
469 2623 696 2673 scopuloque
720 2622 881 2661 Moret.
901 2633 967 2672 pr.
1012 2623 1238 2673 scopuloque
1255 2621 1350 2660 Pal.
1369 2621 1454 2659 duo
1475 2620 1594 2660 Med.
1611 2621 1772 2660 Thuan.
1816 2621 1974 2661 acclivis

145 2672 296 2712 Ambr.
319 2679 418 2712 tert.
445 2675 612 2713 acclivus
629 2676 730 2714 Put.
750 2676 854 2716 LoV.
869 2675 1022 2715 Petav.
1039 2680 1138 2714 tert.
1157 2675 1295 2714 activis
1312 2675 1411 2713 Vat.
1433 2674 1567 2725 quint.
1585 2673 1721 2713 Oisel.
1743 2674 1864 2714 Leid.
1882 2674 1972 2716 sec.

145 2727 315 2766 adnixus
333 2727 433 2766 Vat.
455 2739 517 2778 pr.
540 2729 664 2767 Fam.
709 2729 869 2768 acclinis
901 2734 988 2767 tres
1021 2728 1140 2767 Med.
1173 2729 1278 2778 Reg.
1309 2728 1472 2767 Thuan.
1493 2728 1656 2766 Bonon.
1681 2728 1777 2767 Pat.
1797 2728 1971 2767 Tholos.

144 2780 269 2819 ambo
290 2781 444 2820 Mon-et.
467 2786 550 2821 vet.
571 2781 678 2832 Gyr.
697 2782 780 2821 duo
806 2783 961 2822 Petav.
980 2780 1161 2821 totidem
1184 2781 1332 2821 Ambr.
1352 2780 1505 2820 Sched.
1526 2781 1640 2820 Gud.
1657 2782 1763 2820 Exc.
1786 2781 1971 2821 Lucens.

146 2837 347 2884 pr.·-488
356 2833 484 2881 fallar
505 2834 647 2874 Oxon.
667 2847 752 2875 sec.
772 2834 889 2884 fallit
902 2835 1002 2876 Jun.
1022 2847 1087 2886 pr.
1106 2835 1225 2875 Med.
1244 2847 1330 2874 sec.
1368 2834 1572 2883 trigesima
1592 2834 1822 2875 Par—489
1841 2838 1975 2874 trans·

146 2887 290 2927 ivimus
307 2887 406 2928 Vat.
441 2900 506 2939 pr.
542 2889 669 2929 Farn.
714 2889 955 2929 tranavimus
992 2889 1076 2928 duo
1102 2887 1224 2928 Med.
1253 2888 1360 2940 Reg.
1388 2887 1550 2928 Mazar.
1582 2887 1737 2929 Petav.
1769 2900 1835 2940 pr.
1868 2889 1971 2928 Pat.

983 3007 1160 3050 NOTAE

204 3116 282 3153 481
316 3112 537 3164 Crinigevi]
565 3113 745 3167 Antiqui
762 3113 853 3155 fere
869 3128 1030 3167 omnes,
1150 3119 1226 3155 485
1260 3114 1433 3154 Gravior
1449 3116 1562 3167 natu]
1587 3115 1692 3156 Viro
1718 3115 1886 3155 cuidam
1906 3129 1976 3157 ve-

153 3191 204 3221 ac
233 3183 469 3234 praesertim
500 3181 685 3227 barbari,
717 3180 760 3218 in
785 3192 916 3219 comae
938 3192 1031 3231 pro-
1097 3178 1279 3218 nei-abili
1307 3177 1526 3218 Alaricum
1556 3179 1820 3229 deterrenti3
1859 3181 1871 3202 ‘
1891 3192 1975 3220 non

153 3242 321 3283 lixitate
340 3245 577 3296 maJestatis
598 3243 759 3295 aliquid
779 3242 1012 3293 ponebant.
1100 3254 1180 3293 ego
1199 3241 1376 3292 volens,'
1395 3241 1454 3280 ait
1465 3240 1672 3292 Alaricus,
1690 3243 1701 3265 ‘
1718 3244 1891 3282 Romam
1904 3253 1976 3294 pe·

211 3306 375 3358 Pellita]
402 3307 558 3359 Populi
573 3307 958 3359 Septemtrionales
976 3307 1032 3347 ob
1101 3311 1171 3344 to:
1202 3305 1277 3344 sed
1299 3304 1468 3357 quidam
1488 3305 1678 3356 quotidie
1696 3305 1748 3344 ad
1769 3318 1852 3355 me,
1871 3306 1974 3344 Per-

156 3367 252 3407 coeli
287 3367 603 3410 inclementiam
641 3374 820 3412 utuntur
847 3370 1032 3422 pellibus
1101 3381 1169 3420 ge,
1189 3373 1236 3408 et
1249 3370 1426 3408 Romam
1447 3368 1652 3419 destrue?
1706 3368 1940 3408 Cluverius.

156 3429 360 3470 consutis.
1154 3435 1234 3476 489
1261 3431 1432 3486 Bruma]
1472 3431 1710 3484 Trigesima
1737 3431 1901 3483 hyems,
1929 3436 1975 3472 et
