2300 3906
356 204 464 258 540
932 214 1025 253 CL.
1062 206 1415 251 CLAUDIAM
1457 204 1570 247 xx.

355 333 669 402 Invitatque
691 330 864 399 sequi.
942 328 1204 396 conjurat
1227 326 1465 377 barbara
1492 324 1671 391 pubes

358 412 544 469 Nacta
569 417 782 476 ducem,
810 412 1093 478 Latiisque
1117 409 1304 477 palam
1331 407 1564 459 descivit
1587 407 1658 458 ab
1684 403 1870 468 armis.

356 501 497 554 Pars
523 498 794 566 Phrygiae,
821 496 1102 563 Scythicis>
1121 507 1484 561 quaecumque
1509 489 1806 541 Trionibus
1836 489 1983 554 alget

366 582 654 643 Proxima,
684 578 981 647 Bithynos3
1021 577 1209 629 Solem
1239 590 1364 641 quae
1392 573 1600 635 condit,
1629 572 1834 636 Ionas3
2160 623 2162 625 ,

363 664 509 728 Quae
535 665 700 727 levat,
725 664 939 729 attingit
964 661 1226 714 Galatas:
1265 660 1536 725 utrimque
1564 656 1861 724 propinqui
1948 703 1954 711 ,
2065 651 2176 704 240

360 748 587 800 Finibus
614 748 848 814 obliquis
875 746 1017 813 Lydi
1043 742 1600 810 Pisidaeque.feroces

359 831 686 884 Continuant
711 830 950 882 australe
977 831 1119 880 latus
1140 846 1152 880 :
1192 843 1325 894 gens
1351 841 1462 877 una
1488 824 1657 885 suere,

355 914 469 966 Tot
493 914 765 981 quondam
788 913 1001 980 populi,
1037 912 1280 978 priscum
1305 922 1602 973 cognomen
1623 910 1682 956 et
1705 920 1893 965 unum,

354 997 660 1066 Appellata
686 996 946 1062 PhrygeS,
974 992 1073 1045 sed
1098 991 1232 1059 quid
1259 1003 1370 1041 non
1396 990 1564 1056 longa
1586 988 1796 1040 valebit

358 1081 674 1132 Permutare
699 1078 857 1129 dies'l
899 1078 1034 1128 dicti
1060 1081 1189 1143 post
1217 1074 1451 1126 Maeona
1476 1088 1656 1138 regem
2073 1066 2181 1121 245

359 1163 629 1216 Maeones.
703 1163 909 1228 AEgeos
936 1160 1141 1212 insedit
1165 1159 1393 1211 Graecia
1420 1160 1632 1225 portuS.

356 1313 508 1353 dalibus
527 1323 578 1350 ex
597 1312 744 1358 ordine,
774 1310 1115 1361 quaespectaverit,
1147 1310 1399 1360 hortaturque
1420 1320 1491 1348 eos
1509 1307 1651 1347 sectari
1673 1319 1733 1345 se.
1789 1307 1984 1345 Juventus
2016 1302 2182 1342 barbara

356 1366 554 1406 inveniens
583 1366 791 1414 ductorem,
809 1364 1020 1414 conspirat,
1053 1367 1091 1402 et
1109 1371 1240 1413 aperte
1259 1364 1418 1402 rebellat
1449 1366 1583 1400 contra
1609 1372 1720 1400 arma
1748 1359 2021 1397 Romanorum.
2080 1358 2184 1396 Pars

361 1419 565 1470 Phrygiae‚
581 1431 663 1468 qua>
666 1417 799 1466 friget
815 1418 974 1467 propior
989 1417 1194 1455 Trionibus
1209 1416 1400 1467 Scythicis
1409 1416 1539 1464 tangit
1555 1414 1778 1465 Bithynos,·
1795 1424 1908 1462 pars,
1921 1423 2005 1466 quoe
2017 1412 2183 1449 occultat

359 1471 487 1511 Solem
505 1472 752 1517 occidentem,
775 1471 913 1520 tangit
935 1470 1049 1508 Ionas
1069 1483 1083 1516 ,·
1112 1482 1224 1520 pars,
1245 1482 1329 1520 quae
1349 1470 1496 1509 attollit
1524 1468 1668 1507 Solem
1688 1466 1909 1513 orientem,
1942 1464 2080 1514 tangit
2102 1463 2186 1502 Ga-

360 1525 485 1564 latas:
514 1524 605 1563 hinc
625 1528 663 1562 et
678 1524 767 1562 inde
786 1524 890 1573 Lydi
918 1522 1090 1573 proximi
1122 1529 1221 1561 sunt
1253 1522 1444 1560 limitibus
1458 1520 1656 1572 oppositis,
1687 1523 1725 1558 et
1751 1517 1900 1558 Pisidoe
1926 1516 2013 1565 feri
2033 1516 2184 1555 contin-

357 1582 457 1626 gunt
467 1581 621 1628 partem
640 1577 915 1615 meridianam.-
944 1579 1001 1613 tot
1019 1576 1151 1626 populi
1171 1574 1339 1622 fuerunt
1358 1574 1451 1614 olim
1463 1580 1568 1612 unus
1584 1573 1762 1623 populus,
1792 1575 1950 1610 vocatus
1982 1570 2182 1620 Phryges,

359 1631 438 1669 hoc
458 1634 747 1678 cognomentum
766 1629 963 1678 antiquum
978 1633 1014 1666 et
1034 1629 1171 1666 solum.
1228 1628 1284 1667 At
1304 1628 1397 1678 quid
1407 1639 1480 1666 non
1499 1628 1656 1675 longum
1669 1629 1820 1675 tempus
1832 1623 1981 1674 poterit
1999 1619 2184 1662 mutare?

359 1683 530 1721 Maeones
560 1682 744 1733 appellati
781 1687 878 1719 sunt
906 1684 994 1731 post
1016 1681 1163 1729 Regem
1201 1681 1372 1719 Moeona.
1434 1679 1593 1718 Groecia
1613 1679 1812 1728 occupavit
1843 1680 1979 1727 portus
2010 1676 2183 1726 AEgaeos.

1122 1770 1416 1784 aeaeaeaeaeaeaeaeaeaeaeae

356 1828 412 1866 rit
430 1828 457 1868 J
463 1839 530 1866 un.
552 1840 615 1879 pr.
642 1827 793 1866 viderat
809 1826 910 1865 vat.
933 1836 995 1875 pr.
1017 1829 1061 1863 et
1074 1825 1178 1863 Vat.
1206 1823 1344 1863 Livin.
1373 1823 1502 1862 omnia
1522 1834 1600 1872 pro
1626 1821 1761 1861 ordine
1781 1821 1878 1860 Vat.
1908 1820 2184 1872 quint.-—236

359 1881 575 1931 Irritatque
611 1881 709 1918 Vat.
749 1891 812 1929 pr.
851 1884 896 1917 et
928 1878 1064 1916 Livin.
1100 1877 1204 1915 Exc.
1253 1877 1434 1914 Lucens.
1465 1878 1685 1914 sem—237
1728 1875 1924 1913 discordat
1968 1874 2185 1913 Thurin.—

359 1937 438 1972 238
467 1933 658 1983 Phrygiae
676 1932 775 1972 Jun.
812 1943 874 1982 pr.
913 1930 998 1968 duo
1032 1929 1174 1968 Oxou.
1213 1928 1298 1967 duo
1317 1928 1465 1967 Leidd.
1498 1928 1716 1979 Phrygiam
1734 1929 1836 1967 Var.
1859 1928 1943 1967 LL.
1964 1928 2031 1966 ed.
2051 1925 2183 1966 Antv.

359 1988 494 2025 -239
522 1986 699 2036 Bithyno
718 1986 816 2023 Vat.
837 1995 900 2034 pr.
933 1983 1134 2033 Pachynos
1151 1981 1179 2022 J
1184 1993 1251 2020 un.
1269 1993 1334 2031 pr.
1355 1982 1570 2032 Bithynios
1591 1981 1674 2019 duo
1695 1982 1812 2020 Vatt.
1830 1981 1954 2020 Farn.
1974 1981 2076 2020 Var.
2096 1981 2182 2020 LL.

361 2038 428 2077 ed.
448 2037 579 2077 Antv.
614 2038 809 2076 Bistonios
828 2037 988 2074 'Pl-inan.
1015 2035 1185 2074 'tholos
1200 2034 1359 2074 Moret.
1390 2046 1452 2085 pr.
1482 2035 1682 2085 Bithynos
1702 2035 1769 2073 vel
1790 2034 1992 2073 Bistonios
2020 2034 2183 2073 Mazar.

360 2091 427 2141 qui
449 2091 601 2130 PetaV.
621 2102 705 2130 sec.
732 2091 875 2128 Jonam
913 2088 1058 2127 Ambr.
1080 2090 1279 2138 pru—240
1307 2089 1407 2126 loeva
1430 2088 1547 2127 Rott.
1571 2088 1758 2127 Florent.
1779 2088 1886 2126 Exc.
1922 2087 2046 2126 Laeti.
2079 2088 2187 2126 lavat

362 2144 445 2182 duo
466 2143 588 2183 Vatt.
610 2145 732 2182 Farn.
761 2145 860 2181 levat
880 2141 963 2180 duo
984 2140 1132 2179 Leidd.
1163 2152 1258 2179 cum
1278 2140 1521 2179 octodecim
1551 2141 1658 2189 aliis,
1691 2141 1795 2179 Exc.
1817 2141 1997 2180 Lueens.
2031 2152 2094 2191 pr.
2115 2140 2185 2179 ed.

360 2196 504 2236 Vicet.
522 2197 623 2235 Var.
642 2197 724 2235 LL.
742 2207 764 2234 e
784 2207 913 2245 marg.
946 2195 1087 2233 Parm.
1124 2194 1225 2232 levat
1255 2194 1323 2232 vel
1342 2194 1424 2232 leva
1446 2194 1546 2232 Pnt.
1566 2193 1772 2232 Heinsius
1788 2194 1889 2232 levat
1910 2194 2098 2244 legebat,
2113 2193 2186 2232 ab·

360 2250 508 2300 legans
529 2250 733 2289 lectorem
755 2249 806 2287 ad
829 2260 892 2298 ea,
909 2260 1003 2299 quae
1023 2246 1077 2285 ad
1098 2245 1225 2286 Ovid.
1243 2246 1336 2286 Lib.
1352 2258 1415 2285 lv.
1437 2247 1552 2286 Fast.
1569 2259 1613 2297 ρ.
1634 2250 1700 2286 81.
1729 2252 1967 2286 notaverat.
1996 2247 2186 2287 Galatam

359 2301 461 2343 Jun.
483 2314 547 2352 pr.
577 2307 781 2352 utrumque
799 2302 902 2340 Var.
928 2302 1007 2340 LL.
1029 2312 1053 2338 e
1074 2311 1204 2350 marg.
1221 2299 1366 2339 Pan-m.
1395 2301 1580 2351 utrinque
1595 2301 1698 2339 Vat.
1721 2312 1807 2338 sec.
1827 2299 2060 2351 propinquos
2080 2299 2180 2338 Vat.

360 2360 461 2394 tert.
486 2356 602 2394 Rott.
626 2355 855 2405 propinquis
871 2353 971 2394 Jun.
993 2365 1057 2403 pr.
1079 2352 1210 2391 Oisel.
1238 2353 1358 2392 Med.
1379 2365 1465 2393 sec.
1487 2353 1583 2393 Pat.
1610 2353 1774 2392 Thuan.
1815 2353 1978 2391 Mazar.
2013 2352 2185 2392 Tholos.

359 2408 621 2447 Moret.sec.
643 2408 795 2446 Petav.
819 2412 918 2445 tert.
953 2408 1056 2445 Exc.
1095 2405 1199 2444 Cod.
1232 2406 1379 2444 Rhem.
1406 2406 1641 2457 propinquos
1675 2407 1773 2446 Vnt.
1800 2411 1902 2445 tert.
1933 2407 2184 2445 Rott.-241

358 2460 522 2511 obliquis
540 2460 636 2498 inm·
649 2460 800 2499 Heins.
816 2459 960 2509 obliqui
981 2458 1179 2497 undecim
1199 2459 1270 2496 alii
1287 2465 1331 2498 et
1347 2460 1451 2498 Exc.
1464 2460 1572 2499 Cod.
1592 2459 1743 2499 Rhem.
1772 2459 1938 2509 obliquis
1956 2465 2000 2497 et
2015 2456 2186 2498 emend.

358 2513 529 2563 obliquos
547 2513 649 2552 Put.
677 2512 821 2563 obliqui
850 2513 917 2550 vel
935 2511 1098 2562 obliquis
1123 2511 1206 2549 duo
1226 2513 1346 2551 Vatt.
1375 2513 1502 2562 Lydoe
1522 2512 1678 2551 Mon-et.
1710 2523 1797 2551 sec.
1824 2512 1938 2551 Lidii
1957 2511 2098 2551 Oxon.
2121 2523 2184 2562 pr.

359 2565 481 2617 Lydis
496 2568 598 2605 Var.
620 2566 703 2607 LL.
724 2566 792 2604 ed.
828 2564 958 2605 Antv.
991 2563 1194 2614 Pisidique
1226 2565 1384 2603 Thuan.
1407 2565 1512 2603 Exc.
1550 2565 1731 2605 Gevart.
1763 2564 2008 2615 Piscidaeque
2040 2564 2185 2604 Vicet-

365 2618 582 2669 Pisidoeque
601 2620 667 2657 vel
688 2618 918 2668 Pasidoeque
937 2618 1235 2656 Mazara—243
1260 2617 1394 2668 populi
1419 2618 1609 2668 quondam
1645 2617 1739 2657 Pal.
1772 2617 1892 2657 Med.
1928 2630 1995 2668 pr.
2033 2617 2185 2668 priscus

359 2671 461 2712 Vat.
509 2674 742 2711 tert—244
785 2673 950 2721 quadam
997 2671 1114 2720 longa
1159 2669 1426 2709 Oisel.—245
1469 2670 1611 2709 moenia
1653 2682 1728 2722 pro
1767 2671 1926 2710 Maeona
1957 2670 2186 2712 'Pholem—

1187 2762 1363 2802 NOTAE

361 2829 493 2882 pressi
512 2833 633 2879 sunt;
661 2834 707 2869 et
725 2830 785 2869 sic
808 2830 933 2869 timor
952 2829 1154 2869 cessavit.
1356 2832 1438 2868 239
1466 2829 1604 2880 Ionas]
1649 2829 1776 2869 Iones
1798 2829 1902 2869 dicti
1922 2834 2020 2869 sunt
2052 2841 2078 2870 a
2105 2830 2178 2869 Ja-

412 2894 491 2931 238
538 2892 745 2943 Phrygiae]
806 2893 914 2933 Haec
951 2892 1232 2932 describitur:
1303 2905 1391 2942 van,
1412 2892 1483 2944 qui
1503 2897 1669 2944 patrem
1688 2892 1875 2932 habebat
1892 2893 2057 2944 Japhet.

362 2965 460 3006 pars
475 2953 842 3005 Septemtrionalis
862 2957 1001 3008 tangit
1013 2952 1236 3008 Bithynos,
1357 2959 1437 2994 240
1467 2954 1653 3005 Galatas]
1706 2955 1879 2996 Galatae
1917 2955 2185 2996 conditorem

364 3014 659 3056 Occidentalis
693 3016 846 3067 Ionas;
875 3031 970 3070 pars
992 3021 1082 3059 an
1111 3021 1236 3061 Gala·
1306 3023 1544 3069 agnoscunt
1563 3018 1807 3070 Gomor‚qui
1822 3024 1940 3058 satus
1960 3023 2026 3059 est
2040 3030 2094 3058 ex
2111 3030 2184 3070 pa-

364 3085 430 3119 tas
445 3091 458 3127 ;
472 3090 570 3129 pars
589 3079 846 3130 Meridiana,
865 3082 1062 3131 opposita
1083 3095 1135 3122 ex
1161 3083 1236 3123 ob·
1307 3087 1372 3120 tre
1391 3082 1556 3132 Japhet.

363 3141 479 3194 liquo
499 3141 668 3181 Orienti
684 3147 730 3182 et
745 3142 991 3191 Occidenti‚
1005 3145 1141 3195 tangit
1155 3146 1229 3198 Ly.
1354 3147 1432 3183 241
1463 3143 1589 3196 Lydi]
1618 3143 1701 3183 Seu
1719 3141 1874 3192 Lami,
1901 3142 2008 3183 dicti
2036 3148 2137 3184 sunt
2158 3157 2184 3183 a

364 3204 440 3243 dos
457 3209 504 3243 et
523 3203 689 3243 Pisidas
707 3218 716 3242 :
752 3217 878 3256 porro
898 3205 1076 3256 Phrygia
1092 3219 1144 3245 ex
1159 3208 1186 3248 J
1194 3221 1235 3246 o-
1301 3207 1426 3256 Lude,
1446 3208 1516 3259 qui
1537 3206 1621 3247 fuit
1648 3206 1758 3246 filius
1776 3206 1881 3247 Sem.
2175 3241 2178 3243 .

364 3265 512 3316 sepho,
532 3265 734 3317 originem
750 3266 874 3305 duxit
902 3279 927 3305 a
964 3267 1233 3321 Thygramme,
1354 3274 1435 3310 246
1454 3273 1612 3320 AEgaeos
1627 3268 1780 3322 portus]
1802 3269 1966 3309 Littera
1981 3274 2184 3322 porrecta

364 3329 438 3382 qui
459 3334 624 3381 patrem
642 3330 826 3370 habebat
848 3331 1007 3383 Gomor,
1019 3343 1141 3372 avum
1160 3334 1235 3373 ,Ια-
1306 3345 1451 3374 versus
1472 3334 1662 3386 AEgaeum
1681 3342 1812 3373 mare.

360 3393 471 3446 phet,
489 3397 535 3434 et
554 3405 759 3446 proavum
785 3394 888 3434 No'e'.
