2300 3906
253 182 365 244 PR

258 311 655 388 Harpyiasque
677 320 880 377 truces„
904 311 1273 380 insopitisque
1295 310 1542 364 refusum

255 397 553 457 Tractibus
579 400 751 454 aurati
778 395 1065 451 custodem
1087 394 1304 448 velleris
1329 411 1581 463 anguem,

259 487 336 541 Et
349 490 486 558 juga
510 493 785 540 taurorum
808 482 1018 552 rapidis
1043 482 1300 534 ambusta
1320 481 1548 544 favillis,

259 571 334 625 Et
354 573 558 626 virides
585 570 758 639 galeis
786 569 997 633 sulcos,
1021 567 1299 635 foetasque
1325 567 1555 618 novales

260 655 484 720 MartiS‚
511 661 565 709 et
588 658 645 708 in
669 659 913 722 segetem
937 653 1232 707 crescentis
1258 651 1469 704 semina
1492 649 1623 703 belli
1645 667 1682 717 3.

259 739 362 794 Nil
385 741 529 794 veris
554 742 770 809 aequale
796 741 1026 793 dabunt.
1099 738 1400 790 Prohibere
1422 751 1654 804 rapaces

262 824 487 878 Scilicet
511 825 819 894 Harpyias,
843 841 1061 892 unaque
1087 822 1383 876 excludere
1407 836 1598 873 mensa

262 906 528 961 Nobilior
550 910 757 973 tituluS,
783 926 950 976 quam
973 913 1053 961 tot
1074 909 1325 975 potuisse
1344 910 1576 974 paratas

263 993 332 1046 In
356 994 503 1045 Latii
526 992 776 1060 praedam
801 989 1029 1043 Geticas
1048 994 1289 1044 avertere
1312 988 1503 1041 fauces
1518 989 1543 1039 ’.Ρ

805 198 898 240 01η
937 193 1293 239 obsonum
1335 190 1550 234 XXVI(

2011 564 2086 616 25

2009 987 2093 1040 30.

263 1141 472 1195 Harpyias
494 1143 682 1194 crudeles,
700 1147 741 1183 et
757 1144 962 1183 draconem
980 1143 1172 1182 custodem
1189 1140 1343 1182 velleris
1367 1140 1494 1191 aurei,
1518 1143 1740 1191 porrectum
1757 1138 1876 1191 spiris
1890 1137 2102 1190 vigilanti·-

264 1197 347 1247 bus,
366 1201 405 1237 et
415 1197 520 1247 juga
538 1201 739 1236 taurorum
750 1197 985 1236 circumasta
1003 1196 1161 1247 ignibus
1178 1195 1375 1246 violentis,
1390 1195 1585 1245 sulcosque
1602 1193 1817 1233 viridantes
1832 1194 1968 1245 scutis,
1988 1205 2093 1244 coms

259 1263 403 1302 posque
425 1250 629 1299 foecundos
642 1263 802 1301 pugnce,
821 1255 859 1290 el
878 1250 1027 1290 semina
1044 1250 1134 1290 belli
1156 1249 1356 1300 surgentis
1372 1249 1415 1288 in
1431 1260 1590 1288 messem
1609 1262 1626 1295 ;
1653 1247 1754 1286 nihil
1783 1246 1950 1299 afferent
1968 1245 2094 1286 simile

264 1304 439 1344 veritati.
494 1303 696 1343 Nimirum
713 1316 767 1343 an
786 1303 908 1352 mqy‘or
935 1306 1017 1343 laus
1038 1309 1104 1343 est
1132 1307 1306 1343 avertere
1325 1302 1529 1353 Harpyias
1556 1301 1826 1351 simulatrices,
1845 1304 1884 1339 et
1903 1301 2096 1350 expellere

267 1369 341 1397 eas
360 1368 490 1396 mensa
506 1369 597 1409 una,
617 1369 730 1409 quam
744 1358 915 1408 potuisse
932 1369 1063 1397 arcere
1080 1361 1140 1396 tot
1155 1360 1323 1408 guttura
1343 1355 1486 1395 Getica
1499 1354 1677 1394 sitientia
1687 1354 1915 1404 sanguinem
1934 1348 2096 1393 1taliae?

1036 1477 1332 1493 OOOOOOOOOOOO

267 1544 377 1595 neg.
402 1544 562 1585 Moret.
580 1557 644 1596 pr.
664 1546 772 1586 Exc.
794 1547 975 1591 Lucens.
994 1557 1057 1597 pr.
1076 1545 1179 1586 Var.
1194 1546 1281 1585 LL.
1300 1544 1367 1584 ed.
1387 1543 1519 1583 Antv.
1563 1543 1740 1581 vinctura
1755 1541 1823 1580 vel
1837 1541 1981 1581 victuri
1995 1540 2098 1583 Vat.

268 1602 410 1650 quart.
437 1600 579 1637 mentis
591 1598 690 1638 Vat.
711 1603 923 1639 tem—22
939 1598 1195 1650 Arripiesque
1211 1598 1312 1639 Jun.
1326 1609 1392 1649 pr.
1418 1596 1679 1648 insopitosque
1697 1595 1850 1635 Petav.
1871 1606 1959 1635 sec.
1976 1595 2101 1634 revul-

268 1663 355 1690 sum
373 1651 478 1691 LoV.
505 1651 657 1702 refugit
674 1652 776 1692 Jun.
791 1655 967 1703 pr.-23
987 1652 1139 1691 auratis
1151 1652 1315 1691 Mazar.
1333 1650 1485 1689 rabidis
1500 1650 1568 1689 vel
1587 1648 1738 1700 rapidis
1754 1649 1864 1689 Exc.
1883 1648 2005 1688 Laeti.
2033 1660 2101 1688 an·

264 1708 386 1753 gusta
395 1705 423 1745 J
428 1716 498 1744 un.
514 1705 850 1756 pr.·-25Junetos
860 1718 939 1757 pro
957 1705 1105 1745 virides
1123 1705 1224 1744 Vat.
1241 1716 1305 1756 pr.
1323 1716 1450 1744 succos
1465 1704 1563 1743 Vat.
1578 1708 1677 1743 tert.
1692 1703 1797 1743 LoV.
1811 1702 1937 1742 Voss·
1950 1701 2102 1744 Ambr-

269 1769 357 1798 sec.
375 1758 527 1801 novalis¹
543 1758 681 1799 Oisel.
709 1758 894 1811 fetusque
912 1760 1078 1799 novellos
1103 1759 1264 1799 Moret.
1278 1769 1363 1798 sec.
1389 1757 1544 1797 novales
1556 1757 1624 1796 vel
1641 1756 1799 1797 novellis
1816 1756 2034 1807 Reg.—26
2062 1755 2105 1799 in

268 1814 418 1861 segetes
433 1812 644 1852 crescentia
672 1813 772 1852 vat.
790 1817 893 1853 tert.
933 1813 1146 1853 crescentia
1165 1813 1355 1852 Florent.
1380 1812 1524 1852 semine
1550 1810 1653 1850 vat.
1674 1822 1737 1863 pr.
1757 1809 1982 1851 price-2⁷
2010 1809 2108 1850 velis

268 1864 373 1905 Jun.
390 1865 531 1905 Oxon.
552 1878 640 1907 sec.
668 1868 822 1918 rapacis
842 1867 1090 1907 Oisel.—2s
1118 1867 1307 1918 expellere
1330 1865 1451 1906 Leid.
1473 1876 1561 1905 sec.
1580 1865 1708 1904 Voss.
1726 1865 1834 1904 Exc.
1869 1863 2102 1904 nevam.—

270 1921 324 1958 29
350 1918 483 1960 titulis
512 1919 628 1964 idem
656 1921 780 1962 Voss.
811 1927 857 1961 et
889 1922 997 1961 Exc.
1028 1921 1319 1960 Gevart.-30
1349 1921 1551 1959 advertere
1572 1917 1782 1959 Pau-31
1821 1917 1887 1957 En
1915 1917 2016 1956 Vat.
2035 1927 2102 1968 pr.

1096 2033 1280 2074 NOTAE

327 2132 382 2170 22
414 2128 635 2183 Harpyias]
660 2129 900 2177 Gloriosius
931 2133 1000 2170 est
1018 2129 1156 2170 Getas
1224 2134 1308 2176 tos,
1327 2129 1396 2168 vel
1433 2127 1680 2168 divitiarum
1712 2126 1916 2167 custodes
1951 2126 2108 2167 acerri-

274 2193 443 2234 cae'dem
475 2193 668 2234 sitientes
705 2193 761 2236 ab
795 2194 925 2233 Italia
943 2198 1156 2245 avertere,
1222 2203 1314 2232 mos
1334 2204 1360 2231 a
1377 2190 1537 2233 Jasone
1555 2190 1723 2239 vietos;
1752 2191 1821 2230 vel
1851 2190 1977 2241 iram,
2011 2189 2107 2230 libi·

276 2268 405 2310 quam
444 2255 662 2309 Harpyias
695 2269 841 2297 mensa
874 2269 962 2297 una
1013 2257 1156 2297 exclu-
1223 2256 1382 2307 dinem,
1401 2260 1448 2296 et
1479 2255 1582 2295 alias
1602 2253 1742 2294 animi
1766 2258 1912 2306 pestes
1936 2253 2110 2294 virtutis

276 2317 393 2359 dere.
438 2318 645 2370 Harpyiae
664 2324 808 2360 autem
827 2319 890 2359 sic
909 2319 1038 2360 dictae
1057 2325 1158 2360 sunt
1224 2324 1270 2359 et
1312 2318 1525 2359 doctrinae
1558 2316 1772 2358 beneficio
1809 2315 1926 2357 vinci
1963 2315 2110 2356 solitas

276 2379 356 2421 ἀπὸ
372 2382 442 2421 τοῦ
461 2380 662 2434 ἁρπάζειν,
680 2395 706 2422 α
723 2383 926 2438 rapiendo.
957 2383 1157 2423 Monstra

274 2444 372 2486 haec
402 2444 640 2495 volucrum,
671 2457 767 2497 quae
787 2446 957 2486 auribus
991 2445 1162 2496 ursinis,

275 2520 458 2559 corpore
473 2508 706 2560 vulturino,
720 2509 842 2548 vultu
858 2508 1064 2560 virgineo,
1074 2521 1162 2549 ma-

279 2572 408 2612 nibus
425 2572 561 2623 uncis,
582 2578 628 2613 et
650 2573 768 2625 turpi
787 2573 952 2613 ventris
969 2574 1162 2625 proluvie

279 2633 511 2687 deformes,
535 2636 754 2676 immundo
787 2641 992 2677 contactu
1023 2637 1164 2678 omnia

281 2696 446 2744 foedare
467 2699 677 2740 solebant.

332 2764 387 2809 23
416 2761 620 2813 Anguem]
650 2761 736 2805 Qui
755 2767 969 2816 perpetuo
982 2762 1164 2815 vigilans

283 2824 559 2865 custodiebat
590 2826 724 2866 vellus
773 2838 967 2877 aureum,
1008 2826 1166 2880 quique

284 2888 448 2928 artibus
467 2890 640 2930 Medeae
656 2903 681 2930 a
711 2890 874 2932 Jasone
901 2889 1066 2942 sopitus
1087 2895 1167 2931 est.

284 2950 375 2991 Per
392 2952 529 2991 vellus
550 2965 723 2992 aureum
758 2953 831 2992 alii
855 2953 1076 3005 virtutem,
1095 2954 1170 2994 alii

285 3011 543 3063 doctrinam,
567 3015 639 3055 alii
668 3014 840 3056 divitias
871 3017 1106 3057 Thessaliae
1125 3017 1170 3057 in

288 3074 541 3117 Colchidem
573 3084 767 3128 portatas
796 3091 822 3118 a
858 3078 1049 3132 phryxo,
1079 3086 1126 3121 et
1145 3093 1171 3121 a

286 3138 446 3181 Jasone
466 3144 709 3193 reportatas
728 3140 1051 3182 intellexerunt.

341 3204 395 3242 24
423 3202 655 3254 Taurorum]
688 3203 773 3244 Qui
791 3201 980 3244 flammas
1000 3206 1171 3247 naribus

291 3265 563 3316 evomebant,
603 3265 763 3318 quique
809 3268 975 3318 pariter
1019 3269 1173 3310 domiti

1228 2383 1442 2436 intellige.

1265 2454 1317 2492 25
1337 2450 1494 2491 Virides
1508 2449 1652 2502 galeis]
1665 2448 1694 2490 J
1698 2459 1799 2487 ason
1813 2446 1979 2489 scilicet
1993 2445 2110 2486 victo

1230 2512 1421 2554 Draconi
1439 2503 1610 2552 velleris
1628 2509 1812 2559 custodi,
1829 2508 2003 2549 consilio
2018 2508 2115 2548 Me-

1231 2568 1340 2628 deae,
1354 2576 1507 2617 dentes
1529 2575 1699 2626 avulsit,
1717 2585 1891 2627 eosque,
1910 2572 2113 2612 sementis

1231 2639 1382 2691 instar,
1400 2639 1558 2691 sparsit
1574 2639 1618 2679 in
1637 2649 1833 2690 eampum
1853 2649 1865 2687 ;
1895 2636 1996 2676 inde
2014 2639 2117 2675 nats

1231 2715 1357 2756 seges
1386 2703 1604 2743 hominum
1634 2707 1911 2751 armatorum,
1930 2698 1999 2752 qui
2019 2710 2114 2739 sese

1232 2767 1416 2807 invicem
1435 2765 1702 2807 occiderunt.
1746 2765 1865 2805 Nata
1877 2762 2021 2804 fabula
2037 2768 2118 2813 est,

1233 2830 1348 2885 quod
1384 2830 1533 2882 Regis,
1567 2829 1741 2869 nomine
1785 2827 2011 2879 Draconis,
2039 2825 2118 2866 filii

1236 2893 1448 2935 discordia
1479 2893 1669 2934 immissa
1700 2891 1880 2943 turbati,
1912 2902 2000 2931 sese
2021 2900 2117 2942 pes-

1235 2957 1556 2999 sumdederunt.

1289 3025 1344 3061 28
1371 3019 1533 3070 Mensa]
1563 3018 1772 3070 Harpyiae
1801 3015 2116 3058 Phineum-Ar·

1238 3084 1391 3135 cadiae,
1411 3083 1479 3123 vel
1493 3081 1706 3130 Thraciae,
1723 3080 1793 3118 vel
1811 3077 2118 3129 Paphlagoniae

1237 3149 1417 3200 Regem,
1450 3143 1680 3186 excaecatis
1706 3140 1925 3182 novercali
1944 3139 2119 3180 consilio

1239 3209 1426 3263 propriis
1443 3207 1589 3248 liberis
1620 3218 1755 3257 reum,
1772 3204 1956 3256 ideoque
1976 3202 2118 3255 ipsum

1239 3285 1267 3314 a
1302 3272 1400 3312 Diis
1442 3274 1724 3318 excaecatum,
1765 3267 2040 3314 invaserant3
2074 3272 2125 3307 et

292 3333 395 3370 sunt
412 3342 439 3369 a
455 3329 484 3370 J
488 3340 617 3369 asone
638 3327 847 3370 beneficio
865 3330 1048 3372 Medeae.
1086 3332 1176 3372 Per
1243 3347 1434 3378 mensam
1449 3334 1543 3386 ejus
1562 3332 1764 3384 cibosque
1780 3329 1896 3370 soedo
1914 3334 2121 3370 contactu

292 3403 475 3445 anguem
512 3391 687 3445 vigilem
723 3396 958 3446 taurosque
998 3393 1178 3436 indomi-

1243 3399 1491 3451 foedassent,
1509 3396 1585 3439 sed
1613 3395 1760 3438 Calais
1776 3399 1823 3435 et
1855 3393 2011 3435 Zethes
2036 3393 2120 3436 Bo·
