2300 3906
359 241 467 295 612
947 258 1043 296 ct..
1085 254 1439 296 cLAUmANi
1482 253 1626 292 xxl.

362 377 693 431 Praedonem
714 378 897 429 lembo
921 374 1232 443 profugum,
1255 372 1546 441 ventisque
1569 371 1870 442 repulsum,

363 461 627 528 Suscepit
651 460 849 512 merito
874 459 1058 511 fatalis
1082 458 1340 510 Tabraca
1360 462 1558 526 portu:

360 545 689 614 Expertum,
718 545 867 612 quod
892 544 1043 596 nulla
1070 546 1181 596 tuis
1203 543 1474 595 elementa
1501 546 1761 610 paterent

360 629 654 693 HostibuS,
676 635 730 682 et
753 630 903 682 laetae
928 645 1220 698 passurum
1250 626 1436 695 jurgia
1459 625 1656 695 plebiS‚

359 714 797 783 Fracturumque
822 731 946 766 reos
970 713 1164 764 humili
1191 713 1295 765 sub
1325 710 1515 780 judice
1539 711 1742 762 vultUS.

358 798 460 851 Nil
482 800 692 851 tribuat
718 798 958 850 Fortuna
981 798 1102 862 tibi,
1127 798 1207 849 sic
1233 812 1503 864 prospera
1528 809 1742 863 semper

358 882 466 934 Illa
490 883 725 951 quidem.
802 882 914 934 Sed
935 898 1045 933 non
1067 882 1161 933 uni
1181 882 1476 933 certamina
1500 894 1703 946 pugnae

361 967 727 1029 Credidimus,
754 966 884 1017 totis
915 981 1017 1016 nec
1043 964 1286 1016 constitit
1306 964 1434 1013 alea
1458 961 1654 1013 castris

361 1049 637 1102 Nutatura
661 1048 849 1101 semel.
926 1046 988 1098 Si
1016 1045 1151 1115 quid
1175 1046 1425 1097 licuisset
1460 1044 1665 1113 iniquis

361 1132 621 1195 CasibuS,
650 1131 929 1185 instabant
953 1130 1080 1183 aliae
1107 1135 1239 1199 post
1263 1133 1417 1196 terga
1441 1129 1710 1182 biremes:

2083 538 2191 592 360

358 1328 477 1375 portu
506 1324 627 1373 digno
653 1324 844 1362 latronem
876 1321 1106 1363 Gildonem
1124 1319 1350 1372 fugientem
1367 1319 1561 1367 navicula,
1581 1324 1619 1360 et
1649 1320 1833 1371 rejectum
1861 1320 2014 1360 ventis:
2044 1319 2195 1361 Gildo-

360 1389 456 1417 nem
475 1381 763 1427 agnoscentem,
790 1378 889 1427 quod
918 1378 1024 1416 nulla
1050 1377 1238 1415 elementa
1270 1374 1516 1427 aperirentur
1543 1374 1717 1414 hostibus
1745 1375 1841 1423 tuis,
1868 1379 1907 1413 et
1938 1376 2198 1415 toleraturum

360 1431 533 1469 convicia
557 1431 692 1481 populi
720 1429 945 1479 gaudentis,
965 1434 1003 1469 et
1034 1429 1161 1480 capite
1191 1431 1373 1467 damnato
1390 1429 1609 1479 periturum
1627 1427 1696 1468 sub
1714 1428 1851 1477 judice
1881 1428 1963 1467 vili.
2021 1428 2198 1467 Fortuna

359 1484 461 1522 nihil
484 1488 644 1533 arroget
663 1483 737 1522 sibi
753 1497 769 1530 ;
808 1483 868 1522 ita
898 1495 1048 1533 semper
1077 1483 1146 1521 illa
1173 1483 1340 1521 secunda
1359 1482 1430 1521 sit.
1487 1482 1545 1520 Et
1574 1494 1650 1520 non
1678 1481 1936 1520 commisimus
1968 1482 2112 1532 proelia
2129 1480 2200 1520 uni
2251 1480 2261 1495 ‘

361 1542 528 1576 tantum
547 1536 758 1588 conflictui,
777 1547 897 1587 neque
926 1537 1013 1576 alea
1046 1536 1149 1575 belli
1180 1535 1418 1574 inclinatura
1444 1535 1560 1574 semel
1587 1531 1726 1573 habuit
1757 1535 1820 1573 hic
1851 1538 1934 1573 tota
1952 1538 2094 1573 castra.
2150 1532 2201 1572 Si

359 1591 454 1641 quid
468 1591 698 1641 permissum
706 1589 854 1638 fuisset
868 1590 976 1629 casui
987 1587 1144 1640 iffa-sto,
1155 1597 1270 1628 naves
1288 1589 1377 1627 alioe
1393 1587 1595 1628 veniebant
1606 1600 1721 1640 pone,
1735 1589 1870 1627 ductor
1888 1587 2013 1637 vmjor
2031 1586 2199 1627 Stilicho

1132 1735 1179 1751 ‘⁴‘
1183 1735 1301 1751 “O“
1305 1735 1327 1750 θ
1332 1734 1427 1750 ὈΝ

362 1861 468 1901 Exc.
488 1860 615 1900 Laeti.
645 1860 825 1899 hortatus
843 1859 965 1900 Med.
987 1864 1127 1912 quart.
1145 1863 1308 1899 ornatur
1334 1859 1575 1899 Low—358
1603 1858 1730 1898 nimbo
1750 1858 1818 1899 ed.
1837 1858 1982 1898 Vicet.
2011 1856 2197 1908 refugum

359 1916 460 1954 Vat.
479 1916 564 1953 ¹sec.
587 1920 632 1954 et
650 1915 803 1953 Ambr.
822 1914 905 1953 inc.
935 1914 1088 1952 Heins.
1116 1918 1304 1964 ventoque
1323 1913 1425 1954 Jun.
1449 1924 1512 1962 pr.
1545 1912 1687 1952 Oxon.
1720 1922 1805 1951 sec.
1823 1911 1950 1959 fatali
1968 1911 2091 1950 Voss.
2112 1911 2197 1950 Pe-

359 1972 446 2007 taV.
476 1971 715 2006 tem—360
740 1970 929 2018 pararent
961 1967 1062 2005 Vat.
1096 1971 1199 2006 tert.
1232 1979 1288 2005 m.
1328 1968 1525 2017 pr.—-361
1555 1966 1672 2004 lentoe
1699 1966 1819 2005 Rott.
1848 1964 1969 2004 Med.
2003 1976 2089 2003 sec.
2119 1965 2198 2003 late

359 2021 661 2060 Mazara—362
690 2020 997 2070 Fracturumque
1033 2025 1216 2071 quatuor
1251 2020 1372 2058 Vatt.
1393 2019 1487 2058 Pal.
1521 2018 1649 2058 Farn.
1683 2019 1782 2057 Vat.
1816 2018 1955 2057 Livin.
2012 2015 2200 2066 Perfrac-

359 2078 517 2124 tumque
533 2073 616 2112 duo
637 2073 787 2112 Leidd.
803 2073 906 2112 Vat.
933 2083 1019 2112 sec.
1040 2072 1159 2111 Pric.
1189 2072 1273 2112 inc.
1299 2072 1447 2111 Heins.
1469 2072 1552 2111 duo
1571 2070 1692 2111 Med.
1714 2070 1894 2110 totidem
1923 2072 2081 2111 Petav.
2105 2075 2197 2112 tres

359 2125 511 2165 Ambr.
533 2126 637 2165 Lov.
669 2127 792 2167 Voss.
812 2125 915 2165 Ald.
944 2126 1050 2165 Exc.
1071 2125 1253 2166 Gevart.
1274 2125 1376 2164 Var.
1409 2126 1495 2164 LL.
1527 2136 1551 2163 e
1572 2136 1704 2176 marg.
1737 2125 1883 2165 Pan-m.
1905 2130 1951 2165 et
1969 2124 2040 2164 ed.
2063 2122 2195 2164 Antv.

360 2172 688 2230 Perfunctumque
724 2180 828 2220 Put.
857 2180 1164 2230 Fracturumque
1182 2179 1250 2218 vel
1280 2179 1601 2229 Per-fractumque
1622 2179 1727 2228 Reg.
1749 2178 1904 2218 Petav.
1926 2190 1992 2230 pr.
2039 2177 2198 2218 humilis
2275 2211 2277 2213 .

360 2232 456 2272 Pal.
476 2233 596 2273 Med.
618 2244 687 2284 pr.
715 2232 865 2272 vindice
884 2233 1077 2272 Florent.
1106 2233 1232 2271 cultus
1250 2231 1504 2271 Pric.-363
1533 2231 1673 2271 tribuit
1691 2232 1816 2272 Farn.
1835 2233 2002 2272 Thuan.
2038 2232 2195 2271 Petav.

361 2298 447 2326 sec.
468 2286 589 2325 Med.
608 2292 747 2337 quart.
766 2286 917 2325 Ambr.
938 2297 1021 2326 sec.
1040 2286 1140 2325 Pat.
1157 2284 1278 2324 Leid.
1299 2297 1385 2324 sec.
1404 2297 1459 2324 m.
1477 2297 1562 2324 sec.
1590 2285 1740 2324 tribuat
1763 2286 1827 2325 vel
1847 2285 1988 2324 tribuit
2003 2286 2197 2325 Floreat.

362 2340 419 2378 sic
438 2339 558 2378 Med.
577 2345 680 2378 tert.
701 2340 804 2380 LoV.
823 2352 876 2379 ex
891 2340 1157 2390 conjectura.
1189 2339 1223 2377 it
1245 2338 1349 2377 Put.
1377 2339 1431 2377 sit
1451 2344 1636 2390 quatuor
1660 2340 1779 2378 Vatt.
1799 2339 1895 2378 Pal.
1926 2340 2055 2379 Farn.
2075 2337 2195 2378 Prie.

361 2391 494 2430 Oisel.
505 2392 562 2445 fit
576 2393 676 2431 Vat.
698 2393 835 2444 quint.
854 2393 974 2432 Rott.
992 2393 1153 2432 Moret.
1174 2394 1374 2443 piu—364
1397 2392 1470 2430 Illa
1485 2393 1660 2442 equidem
1672 2393 1837 2431 Moret.
1854 2404 1919 2443 pr.
1937 2392 2039 2432 Vat.
2057 2391 2196 2444 quint.

359 2447 571 2483 certamine
584 2445 883 2486 Mazar.—-365
899 2458 992 2485 area
1011 2446 1313 2484 Mamm—366
1327 2445 1537 2484 Mutatura
1551 2446 1656 2484 Put.
1672 2447 1879 2485 Maturata
1896 2445 1994 2485 Pat.
2012 2446 2198 2484 Mutatu-
2261 2448 2273 2489 s.

357 2510 406 2536 ra
431 2499 499 2537 vel
521 2499 733 2538 Maturata
752 2499 905 2538 Petav.
927 2504 1025 2538 tert.
1043 2500 1111 2538 sed
1126 2499 1218 2549 quid
1233 2498 1408 2537 licuisset
1421 2499 1526 2538 Exc.
1548 2499 1673 2538 Laeti.
1693 2499 1870 2538 latuisset
1888 2499 1993 2538 Var.
2021 2498 2105 2537 LL.
2124 2497 2193 2539 ed.

360 2550 625 2592 Antv.—367
643 2551 825 2592 Cassibus
841 2552 990 2593 Ambr.
1005 2557 1105 2592 tert.
1120 2553 1212 2591 altoe
1227 2551 1303 2590 Flo
1311 2556 1419 2591 rent.
1432 2551 1552 2591 Leid.
1570 2564 1634 2603 pr.
1663 2552 1845 2603 bipennes
1859 2552 1886 2593 J
1891 2563 1957 2592 un.
1973 2563 2040 2604 pr.
2054 2563 2108 2593 m.
2123 2563 2192 2604 pr.

1183 2675 1361 2716 NOTAE

361 2792 460 2832 dem
479 2791 639 2833 Africae
660 2794 826 2848 populi,
846 2807 944 2836 cum
965 2795 1151 2836 Gildone
1170 2794 1243 2835 de-

358 2857 482 2897 victi.

1309 2799 1392 2844 est,
1427 2795 1737 2835 condemnatus
1779 2800 1863 2847 est,
1897 2799 1942 2835 et
1982 2795 2103 2835 velut
2139 2794 2195 2834 ad

1307 2860 1531 2911 scopulum
1563 2858 1758 2910 impegit,
1789 2858 1834 2898 in
1864 2870 1947 2911 quo
1978 2860 2193 2899 laceratus
2263 2896 2265 2898 ,

413 2922 494 2958 359
524 2920 713 2971 Tabraca]
741 2921 856 2962 Urbs
889 2923 1053 2974 Libyae,
1085 2922 1130 2962 in
1158 2934 1242 2975 qua

360 2979 489 3020 Gildo
509 2982 817 3023 condemnatus
835 2990 916 3035 est,
935 2984 1008 3023 sed
1030 2985 1149 3036 prius
1168 2996 1240 3024 ex-

358 3044 522 3095 positus
552 3051 619 3084 est
654 3046 838 3086 ludibrio
861 3047 1147 3100 conviciisque
1166 3060 1240 3100 po-

360 3108 451 3158 puli
478 3108 572 3160 ejus
591 3109 716 3149 clade
742 3110 945 3161 laetantis,
969 3116 1015 3150 et
1035 3123 1131 3151 eum
1163 3124 1242 3163 per

359 3170 552 3222 compita
599 3170 713 3212 foede
764 3173 1038 3214 traducentis.
1105 3175 1240 3215 Taba-

362 3231 503 3273 thram
546 3233 788 3286 Stephanus
817 3247 873 3276 ex
900 3237 1085 3289 Polybio
1113 3244 1242 3279 vocat

363 3292 582 3348 Τόβαθραν.

414 3362 494 3400 362
519 3362 757 3402 Fracturum
773 3362 920 3413 vultus]
947 3362 1078 3404 Gildo
1095 3363 1148 3403 ad
1168 3364 1242 3404 tri-

362 3420 492 3463 bunal
513 3422 672 3475 judicis
691 3424 862 3466 humilis
877 3424 1012 3478 fregit
1028 3426 1174 3480 vultus,
1194 3427 1240 3467 id

1308 2929 1388 2963 est.

1362 2990 1439 3026 365
1466 2986 1590 3037 Alea]
1641 2987 1743 3027 Non
1760 2986 1829 3026 hic
1851 2985 2024 3025 stabant
2046 2997 2194 3026 omnes

1308 3055 1466 3090 nostrae
1487 3052 1703 3104 cohortes,
1737 3064 1820 3091 non
1849 3051 1947 3091 huic
1967 3050 2069 3090 belli
2086 3050 2193 3090 aleoe

1309 3113 1449 3152 omnia
1487 3115 1684 3166 exposita
1721 3122 1850 3155 sunt:
1898 3116 2025 3154 immo
2072 3114 2192 3167 siqua

1308 3176 1446 3227 primo
1476 3177 1678 3219 conflictu
1704 3180 1924 3220 calamitas
1951 3177 2192 3229 accidisset,

1308 3244 1513 3279 venturus
1545 3247 1639 3281 erat
1670 3243 1863 3294 Stilicho,
1891 3242 1961 3295 qui
1993 3241 2190 3294 praelium

1309 3313 1351 3340 vi
1369 3302 1531 3354 majore
1554 3311 1813 3346 renovasset.

1361 3370 1442 3408 366
1469 3369 1519 3409 Si
1532 3371 1626 3421 quid
1650 3371 1840 3423 licuisset]
1867 3369 2034 3424 Siquid
2053 3368 2186 3411 fortu-
2267 3393 2272 3400 ·

1306 3441 1361 3471 na
1377 3429 1537 3473 infesta
1552 3432 1634 3474 sibi
1653 3433 1694 3475 in
1711 3446 1787 3476 nos
1802 3432 2078 3487 permisisset.
