<?xml version="1.0" encoding="UTF-8"?>
<!DOCTYPE html PUBLIC "-//W3C//DTD XHTML 1.0 Transitional//EN"
    "http://www.w3.org/TR/xhtml1/DTD/xhtml1-transitional.dtd">
<html xmlns="http://www.w3.org/1999/xhtml" xml:lang="en" lang="en">
 <head>
  <title>
</title>
<meta http-equiv="Content-Type" content="text/html;charset=utf-8" />
  <meta name='ocr-system' content='tesseract 3.04.00' />
  <meta name='ocr-capabilities' content='ocr_page ocr_carea ocr_par ocr_line ocrx_word'/>
</head>
<body>
  <div class='ocr_page' id='page_1' title='image "./operaomniaexedit02clauuoft/operaomniaexedit02clauuoft_0142.png"; bbox 0 0 2300 3906; ppageno 0'>
   <div class='ocr_carea' id='block_1_1' title="bbox 328 209 1583 268">
    <p class='ocr_par' dir='ltr' id='par_1_1' title="bbox 328 209 1583 268">
     <span class='ocr_line' id='line_1_1' title="bbox 328 209 1583 268; baseline -0.003 0"><span class='ocrx_word' id='word_1_1' title='bbox 328 209 437 268; x_wconf 78' lang='lat'>644</span> <span class='ocrx_word' id='word_1_2' title='bbox 883 227 980 265; x_wconf 75' lang='lat' dir='ltr'>cn.</span> <span class='ocrx_word' id='word_1_3' title='bbox 1021 223 1371 266; x_wconf 70' lang='lat' dir='ltr'>anumA-Nl</span> <span class='ocrx_word' id='word_1_4' title='bbox 1413 225 1583 265; x_wconf 82' lang='lat' dir='ltr'>xxu.</span> 
     </span>
    </p>
   </div>
   <div class='ocr_carea' id='block_1_2' title="bbox 321 342 2148 1085">
    <p class='ocr_par' dir='ltr' id='par_1_2' title="bbox 329 342 1868 410">
     <span class='ocr_line' id='line_1_2' title="bbox 329 342 1868 410; baseline 0 -13"><span class='ocrx_word' id='word_1_5' title='bbox 329 342 604 408; x_wconf 79' lang='lat' dir='ltr'>Quaenam</span> <span class='ocrx_word' id='word_1_6' title='bbox 629 359 802 397; x_wconf 86' lang='lat' dir='ltr'>causa</span> <span class='ocrx_word' id='word_1_7' title='bbox 825 359 997 396; x_wconf 81' lang='lat' dir='ltr'>morae</span> <span class='ocrx_word' id='word_1_8' title='bbox 1016 345 1042 396; x_wconf 80' lang='lat' dir='ltr'>&#39;l</span> <span class='ocrx_word' id='word_1_9' title='bbox 1079 358 1189 410; x_wconf 90' lang='lat' dir='ltr'>quo</span> <span class='ocrx_word' id='word_1_10' title='bbox 1212 360 1300 395; x_wconf 90' lang='lat' dir='ltr'>me</span> <span class='ocrx_word' id='word_1_11' title='bbox 1325 345 1654 398; x_wconf 81' lang='lat' dir='ltr'>cunctabere</span> <span class='ocrx_word' id='word_1_12' title='bbox 1675 359 1868 397; x_wconf 84' lang='lat' dir='ltr'>rursus</span> 
     </span>
    </p>

    <p class='ocr_par' dir='ltr' id='par_1_3' title="bbox 325 426 2148 577">
     <span class='ocr_line' id='line_1_3' title="bbox 326 426 2148 496; baseline 0.001 -16"><span class='ocrx_word' id='word_1_13' title='bbox 326 426 556 496; x_wconf 85' lang='lat' dir='ltr'>Ingenio</span> <span class='ocrx_word' id='word_1_14' title='bbox 576 430 600 480; x_wconf 77' lang='lat' dir='ltr'>&#39;l</span> <span class='ocrx_word' id='word_1_15' title='bbox 637 427 825 481; x_wconf 91' lang='lat' dir='ltr'>nullus</span> <span class='ocrx_word' id='word_1_16' title='bbox 850 427 1047 481; x_wconf 78' lang='lat' dir='ltr'>Boreae</span> <span class='ocrx_word' id='word_1_17' title='bbox 1073 432 1273 492; x_wconf 80' lang='lat' dir='ltr'>metuS‚</span> <span class='ocrx_word' id='word_1_18' title='bbox 1296 429 1475 481; x_wconf 89' lang='lat' dir='ltr'>omnis</span> <span class='ocrx_word' id='word_1_19' title='bbox 1493 435 1552 482; x_wconf 91' lang='lat' dir='ltr'>et</span> <span class='ocrx_word' id='word_1_20' title='bbox 1572 426 1769 482; x_wconf 85' lang='lat' dir='ltr'><strong>Austri</strong></span> <span class='ocrx_word' id='word_1_21' title='bbox 2040 427 2148 481; x_wconf 78' lang='lat'>285</span> 
     </span>
     <span class='ocr_line' id='line_1_4' title="bbox 325 509 1728 577; baseline 0.001 -13"><span class='ocrx_word' id='word_1_22' title='bbox 325 509 440 566; x_wconf 88' lang='lat' dir='ltr'>Ora</span> <span class='ocrx_word' id='word_1_23' title='bbox 464 514 619 568; x_wconf 85' lang='lat' dir='ltr'>silet:</span> <span class='ocrx_word' id='word_1_24' title='bbox 659 511 861 566; x_wconf 87' lang='lat' dir='ltr'>cecidit</span> <span class='ocrx_word' id='word_1_25' title='bbox 885 512 1145 577; x_wconf 81' lang='lat' dir='ltr'>MauruS‚</span> <span class='ocrx_word' id='word_1_26' title='bbox 1171 511 1474 565; x_wconf 82' lang='lat' dir='ltr'>Germania</span> <span class='ocrx_word' id='word_1_27' title='bbox 1497 513 1686 577; x_wconf 87' lang='lat' dir='ltr'>cessit,</span> <span class='ocrx_word' id='word_1_28' title='bbox 1719 546 1728 551; x_wconf 91' lang='lat'>--</span> 
     </span>
    </p>

    <p class='ocr_par' dir='ltr' id='par_1_4' title="bbox 321 595 1754 666">
     <span class='ocr_line' id='line_1_5' title="bbox 321 595 1754 666; baseline 0 -16"><span class='ocrx_word' id='word_1_29' title='bbox 321 595 397 651; x_wconf 86' lang='lat' dir='ltr'>Et</span> <span class='ocrx_word' id='word_1_30' title='bbox 416 596 454 650; x_wconf 87' lang='lat' dir='ltr'><strong>J</strong></span> <span class='ocrx_word' id='word_1_31' title='bbox 457 613 620 650; x_wconf 88' lang='lat' dir='ltr'>anum</span> <span class='ocrx_word' id='word_1_32' title='bbox 645 613 763 666; x_wconf 85' lang='lat' dir='ltr'>pax</span> <span class='ocrx_word' id='word_1_33' title='bbox 787 597 901 650; x_wconf 88' lang='lat' dir='ltr'>alta</span> <span class='ocrx_word' id='word_1_34' title='bbox 924 597 1077 665; x_wconf 87' lang='lat' dir='ltr'>ligat.</span> <span class='ocrx_word' id='word_1_35' title='bbox 1152 596 1235 649; x_wconf 88' lang='lat' dir='ltr'>Te</span> <span class='ocrx_word' id='word_1_36' title='bbox 1262 596 1501 649; x_wconf 88' lang='lat' dir='ltr'>Consule</span> <span class='ocrx_word' id='word_1_37' title='bbox 1524 597 1754 650; x_wconf 87' lang='lat' dir='ltr'>necdum</span> 
     </span>
    </p>

    <p class='ocr_par' dir='ltr' id='par_1_5' title="bbox 323 677 1778 750">
     <span class='ocr_line' id='line_1_6' title="bbox 323 677 1778 750; baseline 0.001 -19"><span class='ocrx_word' id='word_1_38' title='bbox 323 677 509 750; x_wconf 85' lang='lat' dir='ltr'>Digna</span> <span class='ocrx_word' id='word_1_39' title='bbox 531 681 714 734; x_wconf 72' lang='lat' dir='ltr'>feror&#39;!</span> <span class='ocrx_word' id='word_1_40' title='bbox 751 682 1035 733; x_wconf 85' lang='lat' dir='ltr'>titulumne</span> <span class='ocrx_word' id='word_1_41' title='bbox 1062 680 1262 745; x_wconf 91' lang='lat' dir='ltr'>levem,</span> <span class='ocrx_word' id='word_1_42' title='bbox 1288 682 1557 749; x_wconf 81' lang='lat' dir='ltr'>parvique</span> <span class='ocrx_word' id='word_1_43' title='bbox 1581 681 1778 733; x_wconf 91' lang='lat' dir='ltr'>nitoris</span> 
     </span>
    </p>

    <p class='ocr_par' dir='ltr' id='par_1_6' title="bbox 321 762 1750 833">
     <span class='ocr_line' id='line_1_7' title="bbox 321 762 1750 833; baseline 0.001 -16"><span class='ocrx_word' id='word_1_44' title='bbox 321 762 628 829; x_wconf 82' lang='lat' dir='ltr'>CredimuS,</span> <span class='ocrx_word' id='word_1_45' title='bbox 655 763 892 833; x_wconf 84' lang='lat' dir='ltr'>Augusti</span> <span class='ocrx_word' id='word_1_46' title='bbox 922 780 1084 833; x_wconf 90' lang='lat' dir='ltr'>quem</span> <span class='ocrx_word' id='word_1_47' title='bbox 1112 781 1172 817; x_wconf 87' lang='lat' dir='ltr'>se</span> <span class='ocrx_word' id='word_1_48' title='bbox 1194 765 1451 817; x_wconf 88' lang='lat' dir='ltr'>decorare</span> <span class='ocrx_word' id='word_1_49' title='bbox 1476 766 1711 818; x_wconf 86' lang='lat' dir='ltr'>fatentur</span> <span class='ocrx_word' id='word_1_50' title='bbox 1725 767 1750 817; x_wconf 75' lang='lat' dir='ltr'>&#39;l</span> 
     </span>
    </p>

    <p class='ocr_par' dir='ltr' id='par_1_7' title="bbox 321 846 2146 999">
     <span class='ocr_line' id='line_1_8' title="bbox 321 846 2146 917; baseline 0.002 -18"><span class='ocrx_word' id='word_1_51' title='bbox 321 846 440 900; x_wconf 92' lang='lat' dir='ltr'>Sub</span> <span class='ocrx_word' id='word_1_52' title='bbox 459 847 596 917; x_wconf 88' lang='lat' dir='ltr'>juga</span> <span class='ocrx_word' id='word_1_53' title='bbox 619 864 729 917; x_wconf 93' lang='lat' dir='ltr'>quo</span> <span class='ocrx_word' id='word_1_54' title='bbox 757 852 944 915; x_wconf 87' lang='lat' dir='ltr'>gentes</span> <span class='ocrx_word' id='word_1_55' title='bbox 972 849 1209 915; x_wconf 81' lang='lat' dir='ltr'>captivis</span> <span class='ocrx_word' id='word_1_56' title='bbox 1237 848 1487 915; x_wconf 86' lang='lat' dir='ltr'>Regibus</span> <span class='ocrx_word' id='word_1_57' title='bbox 1514 849 1643 915; x_wconf 66' lang='lat' dir='ltr'>egi?</span> <span class='ocrx_word' id='word_1_58' title='bbox 2038 849 2146 902; x_wconf 77' lang='lat'>290</span> 
     </span>
     <span class='ocr_line' id='line_1_9' title="bbox 321 930 1506 999; baseline -0.003 -15"><span class='ocrx_word' id='word_1_59' title='bbox 321 931 493 995; x_wconf 89' lang='lat' dir='ltr'>Num,</span> <span class='ocrx_word' id='word_1_60' title='bbox 516 933 566 984; x_wconf 88' lang='lat' dir='ltr'>si</span> <span class='ocrx_word' id='word_1_61' title='bbox 590 931 857 999; x_wconf 90' lang='lat' dir='ltr'>prodigiis</span> <span class='ocrx_word' id='word_1_62' title='bbox 883 946 1051 982; x_wconf 87' lang='lat' dir='ltr'>casus</span> <span class='ocrx_word' id='word_1_63' title='bbox 1076 934 1273 981; x_wconf 77' lang='lat' dir='ltr'>natura</span> <span class='ocrx_word' id='word_1_64' title='bbox 1294 930 1506 981; x_wconf 82' lang='lat' dir='ltr'>futuros</span> 
     </span>
    </p>

    <p class='ocr_par' dir='ltr' id='par_1_8' title="bbox 322 1012 1692 1085">
     <span class='ocr_line' id='line_1_10' title="bbox 322 1012 1692 1085; baseline -0.003 -16"><span class='ocrx_word' id='word_1_65' title='bbox 322 1016 535 1085; x_wconf 87' lang='lat' dir='ltr'>Signat,</span> <span class='ocrx_word' id='word_1_66' title='bbox 561 1015 856 1084; x_wconf 87' lang='lat' dir='ltr'>polluimur</span> <span class='ocrx_word' id='word_1_67' title='bbox 876 1014 1142 1066; x_wconf 74' lang='lat' dir='ltr'>macula?</span> <span class='ocrx_word' id='word_1_68' title='bbox 1184 1012 1353 1077; x_wconf 83' lang='lat' dir='ltr'>Quod</span> <span class='ocrx_word' id='word_1_69' title='bbox 1377 1014 1530 1078; x_wconf 82' lang='lat' dir='ltr'>reriS,</span> <span class='ocrx_word' id='word_1_70' title='bbox 1557 1013 1692 1067; x_wconf 87' lang='lat' dir='ltr'>Eois</span> 
     </span>
    </p>
   </div>
   <div class='ocr_carea' id='block_1_3' title="bbox 311 1147 2146 1363">
    <p class='ocr_par' dir='ltr' id='par_1_9' title="bbox 311 1147 2146 1363">
     <span class='ocr_line' id='line_1_11' title="bbox 317 1147 2141 1196; baseline 0.002 -6"><span class='ocrx_word' id='word_1_71' title='bbox 317 1149 506 1194; x_wconf 62' lang='lat' dir='ltr'>Quaenam</span> <span class='ocrx_word' id='word_1_72' title='bbox 538 1155 604 1191; x_wconf 85' lang='lat' dir='ltr'>est</span> <span class='ocrx_word' id='word_1_73' title='bbox 631 1150 735 1190; x_wconf 81' lang='lat' dir='ltr'>ratio</span> <span class='ocrx_word' id='word_1_74' title='bbox 771 1147 1084 1190; x_wconf 77' lang='lat' dir='ltr'>retardationis?</span> <span class='ocrx_word' id='word_1_75' title='bbox 1141 1151 1231 1196; x_wconf 86' lang='lat' dir='ltr'>Qua</span> <span class='ocrx_word' id='word_1_76' title='bbox 1261 1154 1347 1190; x_wconf 84' lang='lat' dir='ltr'>arte</span> <span class='ocrx_word' id='word_1_77' title='bbox 1380 1151 1636 1190; x_wconf 65' lang='lat' dir='ltr'>remor-aberis</span> <span class='ocrx_word' id='word_1_78' title='bbox 1670 1163 1731 1190; x_wconf 91' lang='lat' dir='ltr'>me</span> <span class='ocrx_word' id='word_1_79' title='bbox 1766 1149 1940 1192; x_wconf 82' lang='lat' dir='ltr'>iterum?</span> <span class='ocrx_word' id='word_1_80' title='bbox 1996 1152 2141 1193; x_wconf 82' lang='lat' dir='ltr'>Nullus</span> 
     </span>
     <span class='ocr_line' id='line_1_12' title="bbox 314 1203 2143 1255; baseline 0.002 -13"><span class='ocrx_word' id='word_1_81' title='bbox 314 1204 434 1243; x_wconf 87' lang='lat' dir='ltr'>timor</span> <span class='ocrx_word' id='word_1_82' title='bbox 464 1208 522 1244; x_wconf 85' lang='lat' dir='ltr'>est</span> <span class='ocrx_word' id='word_1_83' title='bbox 552 1203 864 1255; x_wconf 83' lang='lat' dir='ltr'>Septemtrionis,</span> <span class='ocrx_word' id='word_1_84' title='bbox 882 1207 967 1243; x_wconf 83' lang='lat' dir='ltr'>tota</span> <span class='ocrx_word' id='word_1_85' title='bbox 996 1203 1105 1253; x_wconf 85' lang='lat' dir='ltr'>regio</span> <span class='ocrx_word' id='word_1_86' title='bbox 1137 1209 1301 1243; x_wconf 86' lang='lat' dir='ltr'>tractus</span> <span class='ocrx_word' id='word_1_87' title='bbox 1330 1204 1540 1243; x_wconf 83' lang='lat' dir='ltr'>meridiani</span> <span class='ocrx_word' id='word_1_88' title='bbox 1573 1208 1713 1255; x_wconf 86' lang='lat' dir='ltr'>pacata</span> <span class='ocrx_word' id='word_1_89' title='bbox 1745 1208 1817 1244; x_wconf 87' lang='lat' dir='ltr'>est.</span> <span class='ocrx_word' id='word_1_90' title='bbox 1875 1205 2014 1244; x_wconf 83' lang='lat' dir='ltr'>Mauri</span> <span class='ocrx_word' id='word_1_91' title='bbox 2046 1206 2143 1245; x_wconf 82' lang='lat' dir='ltr'>victi</span> 
     </span>
     <span class='ocr_line' id='line_1_13' title="bbox 312 1256 2146 1308; baseline 0.002 -12"><span class='ocrx_word' id='word_1_92' title='bbox 312 1263 417 1306; x_wconf 87' lang='lat' dir='ltr'>sunt,</span> <span class='ocrx_word' id='word_1_93' title='bbox 439 1257 655 1297; x_wconf 82' lang='lat' dir='ltr'>Germania</span> <span class='ocrx_word' id='word_1_94' title='bbox 681 1256 897 1306; x_wconf 78' lang='lat' dir='ltr'>succubuit,</span> <span class='ocrx_word' id='word_1_95' title='bbox 924 1263 961 1296; x_wconf 85' lang='lat' dir='ltr'>et</span> <span class='ocrx_word' id='word_1_96' title='bbox 990 1270 1074 1308; x_wconf 83' lang='lat' dir='ltr'>pax</span> <span class='ocrx_word' id='word_1_97' title='bbox 1103 1257 1299 1308; x_wconf 84' lang='lat' dir='ltr'>profunda</span> <span class='ocrx_word' id='word_1_98' title='bbox 1317 1257 1556 1308; x_wconf 78' lang='lat' dir='ltr'>constringit</span> <span class='ocrx_word' id='word_1_99' title='bbox 1585 1259 1747 1297; x_wconf 85' lang='lat' dir='ltr'>Janum.</span> <span class='ocrx_word' id='word_1_100' title='bbox 1806 1257 1982 1298; x_wconf 88' lang='lat' dir='ltr'>Necdum</span> <span class='ocrx_word' id='word_1_101' title='bbox 1989 1259 2146 1308; x_wconf 79' lang='lat' dir='ltr'>judicor</span> 
     </span>
     <span class='ocr_line' id='line_1_14' title="bbox 311 1307 2145 1363; baseline 0.003 -15"><span class='ocrx_word' id='word_1_102' title='bbox 311 1311 436 1360; x_wconf 81' lang='lat' dir='ltr'>digna</span> <span class='ocrx_word' id='word_1_103' title='bbox 465 1309 625 1349; x_wconf 85' lang='lat' dir='ltr'>habere</span> <span class='ocrx_word' id='word_1_104' title='bbox 657 1315 696 1350; x_wconf 89' lang='lat' dir='ltr'>te</span> <span class='ocrx_word' id='word_1_105' title='bbox 735 1307 968 1349; x_wconf 71' lang='lat' dir='ltr'>Consulem?</span> <span class='ocrx_word' id='word_1_106' title='bbox 1024 1310 1087 1350; x_wconf 89' lang='lat' dir='ltr'>An</span> <span class='ocrx_word' id='word_1_107' title='bbox 1116 1315 1300 1361; x_wconf 83' lang='lat' dir='ltr'>putamus</span> <span class='ocrx_word' id='word_1_108' title='bbox 1332 1311 1512 1349; x_wconf 77' lang='lat' dir='ltr'>honorem</span> <span class='ocrx_word' id='word_1_109' title='bbox 1544 1323 1637 1350; x_wconf 88' lang='lat' dir='ltr'>esse</span> <span class='ocrx_word' id='word_1_110' title='bbox 1670 1315 1837 1360; x_wconf 87' lang='lat' dir='ltr'>tenuem,</span> <span class='ocrx_word' id='word_1_111' title='bbox 1864 1316 1902 1350; x_wconf 85' lang='lat' dir='ltr'>et</span> <span class='ocrx_word' id='word_1_112' title='bbox 1932 1313 2145 1363; x_wconf 68' lang='lat' dir='ltr'>splendoris</span> 
     </span>
    </p>
   </div>
   <div class='ocr_carea' id='block_1_4' title="bbox 312 1362 2147 1416">
    <p class='ocr_par' dir='ltr' id='par_1_10' title="bbox 312 1362 2147 1416">
     <span class='ocr_line' id='line_1_15' title="bbox 312 1362 2147 1416; baseline 0 -13"><span class='ocrx_word' id='word_1_113' title='bbox 312 1363 467 1413; x_wconf 74' lang='lat' dir='ltr'>exigui,</span> <span class='ocrx_word' id='word_1_114' title='bbox 506 1376 532 1402; x_wconf 88' lang='lat' dir='ltr'>a</span> <span class='ocrx_word' id='word_1_115' title='bbox 563 1376 636 1414; x_wconf 81' lang='lat' dir='ltr'>quo</span> <span class='ocrx_word' id='word_1_116' title='bbox 669 1364 927 1414; x_wconf 82' lang='lat' dir='ltr'>Imperatores</span> <span class='ocrx_word' id='word_1_117' title='bbox 954 1363 1036 1414; x_wconf 86' lang='lat' dir='ltr'>ipsi</span> <span class='ocrx_word' id='word_1_118' title='bbox 1064 1363 1298 1416; x_wconf 83' lang='lat' dir='ltr'>confitentur</span> <span class='ocrx_word' id='word_1_119' title='bbox 1323 1376 1404 1403; x_wconf 85' lang='lat' dir='ltr'>sese</span> <span class='ocrx_word' id='word_1_120' title='bbox 1439 1362 1605 1404; x_wconf 79' lang='lat' dir='ltr'>ornari?</span> <span class='ocrx_word' id='word_1_121' title='bbox 1665 1365 1751 1409; x_wconf 86' lang='lat' dir='ltr'>Quo</span> <span class='ocrx_word' id='word_1_122' title='bbox 1784 1365 1920 1413; x_wconf 79' lang='lat' dir='ltr'>redegi</span> <span class='ocrx_word' id='word_1_123' title='bbox 1953 1366 1996 1405; x_wconf 85' lang='lat' dir='ltr'>in</span> <span class='ocrx_word' id='word_1_124' title='bbox 2027 1366 2147 1406; x_wconf 81' lang='lat' dir='ltr'>servi.</span> 
     </span>
    </p>
   </div>
   <div class='ocr_carea' id='block_1_5' title="bbox 311 1415 2145 1525">
    <p class='ocr_par' dir='ltr' id='par_1_11' title="bbox 311 1415 2145 1525">
     <span class='ocr_line' id='line_1_16' title="bbox 313 1415 2145 1468; baseline 0.002 -13"><span class='ocrx_word' id='word_1_125' title='bbox 313 1419 439 1456; x_wconf 85' lang='lat' dir='ltr'>tutem</span> <span class='ocrx_word' id='word_1_126' title='bbox 464 1416 649 1467; x_wconf 70' lang='lat' dir='ltr'>nationes,</span> <span class='ocrx_word' id='word_1_127' title='bbox 679 1416 852 1466; x_wconf 82' lang='lat' dir='ltr'>Regibus</span> <span class='ocrx_word' id='word_1_128' title='bbox 879 1428 1025 1455; x_wconf 84' lang='lat' dir='ltr'>earum</span> <span class='ocrx_word' id='word_1_129' title='bbox 1052 1415 1211 1468; x_wconf 78' lang='lat' dir='ltr'>captis?</span> <span class='ocrx_word' id='word_1_130' title='bbox 1283 1418 1461 1457; x_wconf 76' lang='lat' dir='ltr'>Dedecus</span> <span class='ocrx_word' id='word_1_131' title='bbox 1487 1417 1589 1456; x_wconf 83' lang='lat' dir='ltr'>haud</span> <span class='ocrx_word' id='word_1_132' title='bbox 1615 1417 1790 1456; x_wconf 85' lang='lat' dir='ltr'>inuritur</span> <span class='ocrx_word' id='word_1_133' title='bbox 1815 1418 1939 1467; x_wconf 79' lang='lat' dir='ltr'>nobis,</span> <span class='ocrx_word' id='word_1_134' title='bbox 1973 1420 2047 1458; x_wconf 82' lang='lat' dir='ltr'>etsi</span> <span class='ocrx_word' id='word_1_135' title='bbox 2074 1432 2145 1458; x_wconf 86' lang='lat' dir='ltr'>na-</span> 
     </span>
     <span class='ocr_line' id='line_1_17' title="bbox 311 1469 2145 1525; baseline 0.002 -17"><span class='ocrx_word' id='word_1_136' title='bbox 311 1472 402 1509; x_wconf 81' lang='lat' dir='ltr'>tura</span> <span class='ocrx_word' id='word_1_137' title='bbox 428 1470 609 1521; x_wconf 77' lang='lat' dir='ltr'>designat</span> <span class='ocrx_word' id='word_1_138' title='bbox 630 1469 828 1523; x_wconf 80' lang='lat' dir='ltr'>portentis</span> <span class='ocrx_word' id='word_1_139' title='bbox 853 1471 1097 1510; x_wconf 80' lang='lat' dir='ltr'>calamitates</span> <span class='ocrx_word' id='word_1_140' title='bbox 1124 1474 1319 1511; x_wconf 78' lang='lat' dir='ltr'>venturas·</span> <span class='ocrx_word' id='word_1_141' title='bbox 1388 1470 1500 1510; x_wconf 89' lang='lat' dir='ltr'>Illud</span> <span class='ocrx_word' id='word_1_142' title='bbox 1526 1470 1768 1522; x_wconf 83' lang='lat' dir='ltr'>proesagium</span> <span class='ocrx_word' id='word_1_143' title='bbox 1795 1471 1848 1510; x_wconf 86' lang='lat' dir='ltr'>de</span> <span class='ocrx_word' id='word_1_144' title='bbox 1875 1484 1948 1521; x_wconf 85' lang='lat' dir='ltr'>quo</span> <span class='ocrx_word' id='word_1_145' title='bbox 1977 1474 2145 1525; x_wconf 84' lang='lat' dir='ltr'>cogitas,</span> 
     </span>
    </p>
   </div>
   <div class='ocr_carea' id='block_1_6' title="bbox 1074 1574 1370 1591">
    <p class='ocr_par' dir='ltr' id='par_1_12' title="bbox 1074 1574 1370 1591">
     <span class='ocr_line' id='line_1_18' title="bbox 1074 1574 1370 1591; baseline -0.007 0"><span class='ocrx_word' id='word_1_146' title='bbox 1074 1576 1195 1591; x_wconf 57' lang='lat' dir='ltr'>“O“</span> <span class='ocrx_word' id='word_1_147' title='bbox 1201 1574 1292 1591; x_wconf 59' lang='lat' dir='ltr'>‘u‘</span> <span class='ocrx_word' id='word_1_148' title='bbox 1298 1575 1370 1590; x_wconf 51' lang='lat' dir='ltr'>‘O‘</span> 
     </span>
    </p>
   </div>
   <div class='ocr_carea' id='block_1_7' title="bbox 311 1640 2143 1749">
    <p class='ocr_par' dir='ltr' id='par_1_13' title="bbox 311 1640 2143 1749">
     <span class='ocr_line' id='line_1_19' title="bbox 313 1640 2143 1693; baseline -0.001 -9"><span class='ocrx_word' id='word_1_149' title='bbox 313 1645 554 1684; x_wconf 60' lang='lat' dir='ltr'>Low—284</span> <span class='ocrx_word' id='word_1_150' title='bbox 584 1641 781 1693; x_wconf 78' lang='lat' dir='ltr'>Quaejam</span> <span class='ocrx_word' id='word_1_151' title='bbox 800 1642 884 1681; x_wconf 89' lang='lat' dir='ltr'>duo</span> <span class='ocrx_word' id='word_1_152' title='bbox 903 1640 1052 1682; x_wconf 88' lang='lat' dir='ltr'>Leidd.</span> <span class='ocrx_word' id='word_1_153' title='bbox 1071 1647 1117 1682; x_wconf 88' lang='lat' dir='ltr'>et</span> <span class='ocrx_word' id='word_1_154' title='bbox 1138 1642 1325 1682; x_wconf 88' lang='lat' dir='ltr'>maxima</span> <span class='ocrx_word' id='word_1_155' title='bbox 1343 1641 1479 1682; x_wconf 88' lang='lat' dir='ltr'>Codd.</span> <span class='ocrx_word' id='word_1_156' title='bbox 1500 1654 1613 1693; x_wconf 77' lang='lat' dir='ltr'>parS,</span> <span class='ocrx_word' id='word_1_157' title='bbox 1634 1644 1738 1684; x_wconf 86' lang='lat' dir='ltr'>Exc.</span> <span class='ocrx_word' id='word_1_158' title='bbox 1758 1643 1940 1684; x_wconf 79' lang='lat' dir='ltr'>Gevart.</span> <span class='ocrx_word' id='word_1_159' title='bbox 1961 1643 2143 1684; x_wconf 84' lang='lat' dir='ltr'>Lucens.</span> 
     </span>
     <span class='ocr_line' id='line_1_20' title="bbox 311 1693 2143 1749; baseline 0.001 -14"><span class='ocrx_word' id='word_1_160' title='bbox 311 1709 376 1748; x_wconf 84' lang='lat' dir='ltr'>pr.</span> <span class='ocrx_word' id='word_1_161' title='bbox 397 1698 498 1737; x_wconf 84' lang='lat' dir='ltr'>Var.</span> <span class='ocrx_word' id='word_1_162' title='bbox 515 1697 600 1736; x_wconf 89' lang='lat' dir='ltr'>LL.</span> <span class='ocrx_word' id='word_1_163' title='bbox 627 1697 695 1736; x_wconf 88' lang='lat' dir='ltr'>ed.</span> <span class='ocrx_word' id='word_1_164' title='bbox 731 1695 865 1735; x_wconf 83' lang='lat' dir='ltr'>Antv.</span> <span class='ocrx_word' id='word_1_165' title='bbox 892 1708 965 1746; x_wconf 82' lang='lat' dir='ltr'>quo</span> <span class='ocrx_word' id='word_1_166' title='bbox 984 1693 1072 1743; x_wconf 74' lang='lat' dir='ltr'>jam</span> <span class='ocrx_word' id='word_1_167' title='bbox 1106 1695 1209 1735; x_wconf 90' lang='lat' dir='ltr'>Put.</span> <span class='ocrx_word' id='word_1_168' title='bbox 1240 1696 1395 1735; x_wconf 79' lang='lat' dir='ltr'>PetaV.</span> <span class='ocrx_word' id='word_1_169' title='bbox 1428 1707 1514 1734; x_wconf 81' lang='lat' dir='ltr'>sec.</span> <span class='ocrx_word' id='word_1_170' title='bbox 1537 1709 1590 1736; x_wconf 90' lang='lat' dir='ltr'>m.</span> <span class='ocrx_word' id='word_1_171' title='bbox 1612 1709 1697 1736; x_wconf 83' lang='lat' dir='ltr'>sec.</span> <span class='ocrx_word' id='word_1_172' title='bbox 1718 1698 1819 1736; x_wconf 84' lang='lat' dir='ltr'>Var.</span> <span class='ocrx_word' id='word_1_173' title='bbox 1843 1697 1930 1736; x_wconf 81' lang='lat' dir='ltr'>LL.</span> <span class='ocrx_word' id='word_1_174' title='bbox 1966 1709 1990 1735; x_wconf 86' lang='lat' dir='ltr'>e</span> <span class='ocrx_word' id='word_1_175' title='bbox 2009 1709 2143 1749; x_wconf 85' lang='lat' dir='ltr'>marg.</span> 
     </span>
    </p>
   </div>
   <div class='ocr_carea' id='block_1_8' title="bbox 310 1749 2146 1802">
    <p class='ocr_par' dir='ltr' id='par_1_14' title="bbox 310 1749 2146 1802">
     <span class='ocr_line' id='line_1_21' title="bbox 310 1749 2146 1802; baseline 0 -12"><span class='ocrx_word' id='word_1_176' title='bbox 310 1749 456 1790; x_wconf 87' lang='lat' dir='ltr'>Parm.</span> <span class='ocrx_word' id='word_1_177' title='bbox 485 1751 674 1801; x_wconf 49' lang='lat' dir='ltr'>quid-iam</span> <span class='ocrx_word' id='word_1_178' title='bbox 693 1749 814 1790; x_wconf 86' lang='lat' dir='ltr'>Med.</span> <span class='ocrx_word' id='word_1_179' title='bbox 835 1753 937 1788; x_wconf 86' lang='lat' dir='ltr'>tert.</span> <span class='ocrx_word' id='word_1_180' title='bbox 965 1760 1130 1798; x_wconf 82' lang='lat' dir='ltr'>quonam</span> <span class='ocrx_word' id='word_1_181' title='bbox 1147 1751 1249 1789; x_wconf 90' lang='lat' dir='ltr'>Vat.</span> <span class='ocrx_word' id='word_1_182' title='bbox 1274 1753 1414 1801; x_wconf 75' lang='lat' dir='ltr'>quart,</span> <span class='ocrx_word' id='word_1_183' title='bbox 1433 1749 1556 1789; x_wconf 82' lang='lat' dir='ltr'>Fam.</span> <span class='ocrx_word' id='word_1_184' title='bbox 1572 1751 1737 1790; x_wconf 87' lang='lat' dir='ltr'>Mazar.</span> <span class='ocrx_word' id='word_1_185' title='bbox 1758 1751 1913 1791; x_wconf 84' lang='lat' dir='ltr'>Petav.</span> <span class='ocrx_word' id='word_1_186' title='bbox 1929 1763 1995 1802; x_wconf 88' lang='lat' dir='ltr'>pr.</span> <span class='ocrx_word' id='word_1_187' title='bbox 2028 1763 2146 1800; x_wconf 81' lang='lat' dir='ltr'>quon-</span> 
     </span>
    </p>
   </div>
   <div class='ocr_carea' id='block_1_9' title="bbox 301 1801 2143 2294">
    <p class='ocr_par' dir='ltr' id='par_1_15' title="bbox 301 1801 2143 2294">
     <span class='ocr_line' id='line_1_22' title="bbox 308 1801 2141 1856; baseline 0.001 -13"><span class='ocrx_word' id='word_1_188' title='bbox 308 1805 399 1843; x_wconf 86' lang='lat' dir='ltr'>dam</span> <span class='ocrx_word' id='word_1_189' title='bbox 419 1803 532 1856; x_wconf 83' lang='lat' dir='ltr'>Reg.</span> <span class='ocrx_word' id='word_1_190' title='bbox 552 1804 708 1843; x_wconf 87' lang='lat' dir='ltr'>Petav.</span> <span class='ocrx_word' id='word_1_191' title='bbox 728 1814 813 1842; x_wconf 85' lang='lat' dir='ltr'>sec.</span> <span class='ocrx_word' id='word_1_192' title='bbox 833 1814 890 1841; x_wconf 90' lang='lat' dir='ltr'>m.</span> <span class='ocrx_word' id='word_1_193' title='bbox 907 1813 971 1852; x_wconf 87' lang='lat' dir='ltr'>pr.</span> <span class='ocrx_word' id='word_1_194' title='bbox 986 1801 1111 1841; x_wconf 86' lang='lat' dir='ltr'>Voss.</span> <span class='ocrx_word' id='word_1_195' title='bbox 1130 1815 1183 1842; x_wconf 90' lang='lat' dir='ltr'>m.</span> <span class='ocrx_word' id='word_1_196' title='bbox 1202 1815 1291 1843; x_wconf 88' lang='lat' dir='ltr'>sec.</span> <span class='ocrx_word' id='word_1_197' title='bbox 1321 1815 1392 1854; x_wconf 87' lang='lat' dir='ltr'>quo</span> <span class='ocrx_word' id='word_1_198' title='bbox 1406 1814 1467 1841; x_wconf 89' lang='lat' dir='ltr'>me</span> <span class='ocrx_word' id='word_1_199' title='bbox 1483 1803 1603 1844; x_wconf 88' lang='lat' dir='ltr'>Leid.</span> <span class='ocrx_word' id='word_1_200' title='bbox 1622 1817 1686 1855; x_wconf 85' lang='lat' dir='ltr'>pr.</span> <span class='ocrx_word' id='word_1_201' title='bbox 1707 1811 1749 1844; x_wconf 86' lang='lat' dir='ltr'>et</span> <span class='ocrx_word' id='word_1_202' title='bbox 1766 1804 1914 1855; x_wconf 87' lang='lat' dir='ltr'>viginti</span> <span class='ocrx_word' id='word_1_203' title='bbox 1935 1803 2021 1853; x_wconf 90' lang='lat' dir='ltr'>alii,</span> <span class='ocrx_word' id='word_1_204' title='bbox 2040 1803 2141 1844; x_wconf 86' lang='lat' dir='ltr'>Ald.</span> 
     </span>
     <span class='ocr_line' id='line_1_23' title="bbox 309 1852 2143 1909; baseline 0 -13"><span class='ocrx_word' id='word_1_205' title='bbox 309 1857 417 1898; x_wconf 83' lang='lat' dir='ltr'>Exc.</span> <span class='ocrx_word' id='word_1_206' title='bbox 438 1857 616 1898; x_wconf 86' lang='lat' dir='ltr'>Gevart.</span> <span class='ocrx_word' id='word_1_207' title='bbox 634 1858 737 1896; x_wconf 87' lang='lat' dir='ltr'>Var.</span> <span class='ocrx_word' id='word_1_208' title='bbox 758 1857 845 1895; x_wconf 92' lang='lat' dir='ltr'>LL.</span> <span class='ocrx_word' id='word_1_209' title='bbox 862 1854 931 1894; x_wconf 89' lang='lat' dir='ltr'>ed.</span> <span class='ocrx_word' id='word_1_210' title='bbox 966 1852 1100 1896; x_wconf 89' lang='lat' dir='ltr'>Antv.</span> <span class='ocrx_word' id='word_1_211' title='bbox 1129 1859 1319 1907; x_wconf 76' lang='lat' dir='ltr'>quondam</span> <span class='ocrx_word' id='word_1_212' title='bbox 1352 1861 1395 1895; x_wconf 89' lang='lat' dir='ltr'>et</span> <span class='ocrx_word' id='word_1_213' title='bbox 1425 1856 1697 1898; x_wconf 88' lang='lat' dir='ltr'>emendatum</span> <span class='ocrx_word' id='word_1_214' title='bbox 1729 1871 1799 1909; x_wconf 82' lang='lat' dir='ltr'>quo</span> <span class='ocrx_word' id='word_1_215' title='bbox 1817 1870 1877 1897; x_wconf 87' lang='lat' dir='ltr'>me</span> <span class='ocrx_word' id='word_1_216' title='bbox 1911 1857 2032 1897; x_wconf 90' lang='lat' dir='ltr'>Leid.</span> <span class='ocrx_word' id='word_1_217' title='bbox 2054 1869 2143 1897; x_wconf 55' lang='lat' dir='ltr'>sec„</span> 
     </span>
     <span class='ocr_line' id='line_1_24' title="bbox 307 1910 2141 1962; baseline -0.001 -12"><span class='ocrx_word' id='word_1_218' title='bbox 307 1923 379 1961; x_wconf 86' lang='lat' dir='ltr'>quo</span> <span class='ocrx_word' id='word_1_219' title='bbox 398 1923 459 1950; x_wconf 84' lang='lat' dir='ltr'>me</span> <span class='ocrx_word' id='word_1_220' title='bbox 479 1912 547 1951; x_wconf 90' lang='lat' dir='ltr'>vel</span> <span class='ocrx_word' id='word_1_221' title='bbox 565 1912 758 1962; x_wconf 86' lang='lat' dir='ltr'>quondam</span> <span class='ocrx_word' id='word_1_222' title='bbox 777 1910 877 1948; x_wconf 89' lang='lat' dir='ltr'>Vat.</span> <span class='ocrx_word' id='word_1_223' title='bbox 900 1919 985 1947; x_wconf 85' lang='lat' dir='ltr'>sec.</span> <span class='ocrx_word' id='word_1_224' title='bbox 1014 1910 1229 1950; x_wconf 82' lang='lat' dir='ltr'>cunctabile</span> <span class='ocrx_word' id='word_1_225' title='bbox 1262 1911 1385 1950; x_wconf 85' lang='lat' dir='ltr'>Voss.</span> <span class='ocrx_word' id='word_1_226' title='bbox 1405 1921 1460 1948; x_wconf 91' lang='lat' dir='ltr'>m.</span> <span class='ocrx_word' id='word_1_227' title='bbox 1484 1921 1551 1960; x_wconf 87' lang='lat' dir='ltr'>pr.</span> <span class='ocrx_word' id='word_1_228' title='bbox 1579 1923 1734 1950; x_wconf 84' lang='lat' dir='ltr'>rursum</span> <span class='ocrx_word' id='word_1_229' title='bbox 1754 1912 2005 1950; x_wconf 80' lang='lat' dir='ltr'>Rott.—285</span> <span class='ocrx_word' id='word_1_230' title='bbox 2035 1911 2141 1950; x_wconf 81' lang='lat' dir='ltr'>nullo</span> 
     </span>
     <span class='ocr_line' id='line_1_25' title="bbox 309 1963 2139 2015; baseline -0.001 -11"><span class='ocrx_word' id='word_1_231' title='bbox 309 1963 412 2004; x_wconf 85' lang='lat' dir='ltr'>Jun.</span> <span class='ocrx_word' id='word_1_232' title='bbox 433 1976 499 2015; x_wconf 86' lang='lat' dir='ltr'>pr.</span> <span class='ocrx_word' id='word_1_233' title='bbox 526 1965 644 2002; x_wconf 85' lang='lat' dir='ltr'>nulloe</span> <span class='ocrx_word' id='word_1_234' title='bbox 663 1964 790 2001; x_wconf 81' lang='lat' dir='ltr'>Voss.</span> <span class='ocrx_word' id='word_1_235' title='bbox 821 1963 918 2001; x_wconf 85' lang='lat' dir='ltr'>Eois</span> <span class='ocrx_word' id='word_1_236' title='bbox 949 1972 1028 2009; x_wconf 86' lang='lat' dir='ltr'>pro</span> <span class='ocrx_word' id='word_1_237' title='bbox 1057 1964 1180 2003; x_wconf 85' lang='lat' dir='ltr'>omnis</span> <span class='ocrx_word' id='word_1_238' title='bbox 1208 1964 1329 2004; x_wconf 89' lang='lat' dir='ltr'>Med.</span> <span class='ocrx_word' id='word_1_239' title='bbox 1351 1969 1454 2003; x_wconf 80' lang='lat' dir='ltr'>tert.</span> <span class='ocrx_word' id='word_1_240' title='bbox 1484 1963 1566 2003; x_wconf 88' lang='lat' dir='ltr'>Eos</span> <span class='ocrx_word' id='word_1_241' title='bbox 1583 1965 1706 2004; x_wconf 80' lang='lat' dir='ltr'>Voss.</span> <span class='ocrx_word' id='word_1_242' title='bbox 1740 1965 1848 2015; x_wconf 85' lang='lat' dir='ltr'>Reg.</span> <span class='ocrx_word' id='word_1_243' title='bbox 1869 1966 1973 2004; x_wconf 91' lang='lat' dir='ltr'>Lov.</span> <span class='ocrx_word' id='word_1_244' title='bbox 1993 1977 2049 2003; x_wconf 86' lang='lat' dir='ltr'>m.</span> <span class='ocrx_word' id='word_1_245' title='bbox 2072 1975 2139 2015; x_wconf 89' lang='lat' dir='ltr'>pr.</span> 
     </span>
     <span class='ocr_line' id='line_1_26' title="bbox 308 2014 2140 2070; baseline 0 -15"><span class='ocrx_word' id='word_1_246' title='bbox 308 2016 417 2055; x_wconf 80' lang='lat' dir='ltr'>Exc.</span> <span class='ocrx_word' id='word_1_247' title='bbox 439 2017 617 2056; x_wconf 83' lang='lat' dir='ltr'>Gevart.</span> <span class='ocrx_word' id='word_1_248' title='bbox 637 2022 680 2055; x_wconf 88' lang='lat' dir='ltr'>et</span> <span class='ocrx_word' id='word_1_249' title='bbox 715 2015 881 2055; x_wconf 87' lang='lat' dir='ltr'>Schott.</span> <span class='ocrx_word' id='word_1_250' title='bbox 910 2014 954 2052; x_wconf 82' lang='lat' dir='ltr'>in</span> <span class='ocrx_word' id='word_1_251' title='bbox 981 2015 1175 2056; x_wconf 79' lang='lat' dir='ltr'>Austrum</span> <span class='ocrx_word' id='word_1_252' title='bbox 1204 2018 1303 2058; x_wconf 87' lang='lat' dir='ltr'>Jun.</span> <span class='ocrx_word' id='word_1_253' title='bbox 1330 2018 1528 2070; x_wconf 55' lang='lat' dir='ltr'>pam—287</span> <span class='ocrx_word' id='word_1_254' title='bbox 1561 2018 1740 2057; x_wconf 82' lang='lat' dir='ltr'>Rhenum</span> <span class='ocrx_word' id='word_1_255' title='bbox 1760 2018 1880 2057; x_wconf 87' lang='lat' dir='ltr'>Leid.</span> <span class='ocrx_word' id='word_1_256' title='bbox 1907 2029 1973 2067; x_wconf 81' lang='lat' dir='ltr'>pr.</span> <span class='ocrx_word' id='word_1_257' title='bbox 1994 2029 2050 2055; x_wconf 90' lang='lat' dir='ltr'>m.</span> <span class='ocrx_word' id='word_1_258' title='bbox 2074 2029 2140 2067; x_wconf 89' lang='lat' dir='ltr'>pr.</span> 
     </span>
     <span class='ocr_line' id='line_1_27' title="bbox 310 2066 2140 2121; baseline 0.001 -13"><span class='ocrx_word' id='word_1_259' title='bbox 310 2068 502 2108; x_wconf 74' lang='lat' dir='ltr'>Thanaim</span> <span class='ocrx_word' id='word_1_260' title='bbox 517 2070 630 2108; x_wconf 88' lang='lat' dir='ltr'>Prie.</span> <span class='ocrx_word' id='word_1_261' title='bbox 648 2070 870 2108; x_wconf 86' lang='lat' dir='ltr'>EnJanum</span> <span class='ocrx_word' id='word_1_262' title='bbox 884 2066 1054 2116; x_wconf 84' lang='lat' dir='ltr'>legebat</span> <span class='ocrx_word' id='word_1_263' title='bbox 1073 2070 1360 2110; x_wconf 81' lang='lat' dir='ltr'>Heins.—-288</span> <span class='ocrx_word' id='word_1_264' title='bbox 1379 2069 1498 2116; x_wconf 86' lang='lat' dir='ltr'>fruor</span> <span class='ocrx_word' id='word_1_265' title='bbox 1509 2072 1728 2111; x_wconf 65' lang='lat' dir='ltr'>Exccod.</span> <span class='ocrx_word' id='word_1_266' title='bbox 1749 2071 1897 2109; x_wconf 82' lang='lat' dir='ltr'>Rhem.</span> <span class='ocrx_word' id='word_1_267' title='bbox 1911 2072 2140 2121; x_wconf 84' lang='lat' dir='ltr'>titulumque</span> 
     </span>
     <span class='ocr_line' id='line_1_28' title="bbox 305 2121 2139 2175; baseline 0.001 -13"><span class='ocrx_word' id='word_1_268' title='bbox 305 2121 410 2162; x_wconf 77' lang='lat' dir='ltr'>Jun.</span> <span class='ocrx_word' id='word_1_269' title='bbox 432 2134 499 2173; x_wconf 86' lang='lat' dir='ltr'>pr.</span> <span class='ocrx_word' id='word_1_270' title='bbox 528 2123 687 2162; x_wconf 83' lang='lat' dir='ltr'>tituline</span> <span class='ocrx_word' id='word_1_271' title='bbox 705 2121 826 2161; x_wconf 87' lang='lat' dir='ltr'>Med.</span> <span class='ocrx_word' id='word_1_272' title='bbox 846 2122 1086 2161; x_wconf 59' lang='lat' dir='ltr'>terte-289</span> <span class='ocrx_word' id='word_1_273' title='bbox 1113 2126 1315 2173; x_wconf 82' lang='lat' dir='ltr'>Augustus</span> <span class='ocrx_word' id='word_1_274' title='bbox 1331 2125 1495 2163; x_wconf 84' lang='lat' dir='ltr'>Mazar.</span> <span class='ocrx_word' id='word_1_275' title='bbox 1515 2125 1586 2175; x_wconf 86' lang='lat' dir='ltr'>qui</span> <span class='ocrx_word' id='word_1_276' title='bbox 1609 2131 1653 2163; x_wconf 89' lang='lat' dir='ltr'>et</span> <span class='ocrx_word' id='word_1_277' title='bbox 1672 2124 1832 2173; x_wconf 79' lang='lat' dir='ltr'>fatetur</span> <span class='ocrx_word' id='word_1_278' title='bbox 1851 2124 2040 2163; x_wconf 83' lang='lat' dir='ltr'>exhibet.</span> <span class='ocrx_word' id='word_1_279' title='bbox 2069 2123 2139 2174; x_wconf 74' lang='lat' dir='ltr'>qui</span> 
     </span>
     <span class='ocr_line' id='line_1_29' title="bbox 306 2174 2138 2228; baseline 0.002 -15"><span class='ocrx_word' id='word_1_280' title='bbox 306 2174 433 2215; x_wconf 85' lang='lat' dir='ltr'>Voss.</span> <span class='ocrx_word' id='word_1_281' title='bbox 452 2175 746 2217; x_wconf 83' lang='lat' dir='ltr'>Tholos.Jun.</span> <span class='ocrx_word' id='word_1_282' title='bbox 779 2187 844 2226; x_wconf 87' lang='lat' dir='ltr'>pr.</span> <span class='ocrx_word' id='word_1_283' title='bbox 877 2175 1019 2214; x_wconf 87' lang='lat' dir='ltr'>Oxon.</span> <span class='ocrx_word' id='word_1_284' title='bbox 1054 2187 1141 2216; x_wconf 87' lang='lat' dir='ltr'>sec.</span> <span class='ocrx_word' id='word_1_285' title='bbox 1170 2178 1271 2227; x_wconf 84' lang='lat' dir='ltr'>quod</span> <span class='ocrx_word' id='word_1_286' title='bbox 1300 2177 1425 2218; x_wconf 88' lang='lat' dir='ltr'>Leid.</span> <span class='ocrx_word' id='word_1_287' title='bbox 1454 2186 1541 2215; x_wconf 85' lang='lat' dir='ltr'>sec.</span> <span class='ocrx_word' id='word_1_288' title='bbox 1578 2178 1733 2217; x_wconf 84' lang='lat' dir='ltr'>Petav.</span> <span class='ocrx_word' id='word_1_289' title='bbox 1768 2189 1854 2216; x_wconf 86' lang='lat' dir='ltr'>sec.</span> <span class='ocrx_word' id='word_1_290' title='bbox 1884 2190 1959 2228; x_wconf 82' lang='lat' dir='ltr'>quo</span> <span class='ocrx_word' id='word_1_291' title='bbox 1992 2188 2138 2217; x_wconf 85' lang='lat' dir='ltr'>omnes</span> 
     </span>
     <span class='ocr_line' id='line_1_30' title="bbox 301 2228 2135 2294; baseline 0.002 -27"><span class='ocrx_word' id='word_1_292' title='bbox 301 2228 344 2267; x_wconf 82' lang='lat' dir='ltr'>V</span> <span class='ocrx_word' id='word_1_293' title='bbox 347 2233 426 2268; x_wconf 85' lang='lat' dir='ltr'>att.</span> <span class='ocrx_word' id='word_1_294' title='bbox 444 2229 540 2270; x_wconf 91' lang='lat' dir='ltr'>Pal.</span> <span class='ocrx_word' id='word_1_295' title='bbox 557 2229 683 2267; x_wconf 84' lang='lat' dir='ltr'>Farn.</span> <span class='ocrx_word' id='word_1_296' title='bbox 711 2229 830 2267; x_wconf 86' lang='lat' dir='ltr'>Pric.</span> <span class='ocrx_word' id='word_1_297' title='bbox 851 2229 971 2268; x_wconf 84' lang='lat' dir='ltr'>Rott.</span> <span class='ocrx_word' id='word_1_298' title='bbox 988 2237 1014 2290; x_wconf 68' lang='lat' dir='ltr'>q,</span> <span class='ocrx_word' id='word_1_299' title='bbox 1032 2230 1142 2280; x_wconf 86' lang='lat' dir='ltr'>Reg.</span> <span class='ocrx_word' id='word_1_300' title='bbox 1164 2229 1283 2270; x_wconf 87' lang='lat' dir='ltr'>Med.</span> <span class='ocrx_word' id='word_1_301' title='bbox 1305 2236 1405 2271; x_wconf 90' lang='lat' dir='ltr'>tert.</span> <span class='ocrx_word' id='word_1_302' title='bbox 1433 2238 1460 2294; x_wconf 64' lang='lat' dir='ltr'>g</span> <span class='ocrx_word' id='word_1_303' title='bbox 1490 2230 1560 2271; x_wconf 89' lang='lat' dir='ltr'>vel</span> <span class='ocrx_word' id='word_1_304' title='bbox 1586 2232 1652 2281; x_wconf 83' lang='lat' dir='ltr'>qui</span> <span class='ocrx_word' id='word_1_305' title='bbox 1671 2232 1774 2269; x_wconf 85' lang='lat' dir='ltr'>Var.</span> <span class='ocrx_word' id='word_1_306' title='bbox 1799 2231 1885 2270; x_wconf 91' lang='lat' dir='ltr'>LL.</span> <span class='ocrx_word' id='word_1_307' title='bbox 1911 2230 1979 2269; x_wconf 85' lang='lat' dir='ltr'>ed.</span> <span class='ocrx_word' id='word_1_308' title='bbox 2001 2229 2135 2270; x_wconf 86' lang='lat' dir='ltr'>Antv.</span> 
     </span>
    </p>
   </div>
   <div class='ocr_carea' id='block_1_10' title="bbox 301 2294 2137 2616">
    <p class='ocr_par' dir='ltr' id='par_1_16' title="bbox 301 2294 2137 2616">
     <span class='ocr_line' id='line_1_31' title="bbox 305 2294 2137 2346; baseline 0 -12"><span class='ocrx_word' id='word_1_309' title='bbox 305 2295 488 2334; x_wconf 82' lang='lat' dir='ltr'>videntur</span> <span class='ocrx_word' id='word_1_310' title='bbox 507 2296 572 2334; x_wconf 86' lang='lat' dir='ltr'>vel</span> <span class='ocrx_word' id='word_1_311' title='bbox 583 2294 773 2343; x_wconf 82' lang='lat' dir='ltr'>fatentur</span> <span class='ocrx_word' id='word_1_312' title='bbox 792 2294 1040 2345; x_wconf 79' lang='lat' dir='ltr'>Reg.-290</span> <span class='ocrx_word' id='word_1_313' title='bbox 1069 2297 1169 2346; x_wconf 85' lang='lat' dir='ltr'>quod</span> <span class='ocrx_word' id='word_1_314' title='bbox 1187 2296 1270 2335; x_wconf 89' lang='lat' dir='ltr'>inc.</span> <span class='ocrx_word' id='word_1_315' title='bbox 1290 2296 1444 2339; x_wconf 82' lang='lat' dir='ltr'>Heius.</span> <span class='ocrx_word' id='word_1_316' title='bbox 1465 2298 1622 2337; x_wconf 78' lang='lat' dir='ltr'>PetaV.</span> <span class='ocrx_word' id='word_1_317' title='bbox 1641 2300 1726 2335; x_wconf 80' lang='lat' dir='ltr'>sec.</span> <span class='ocrx_word' id='word_1_318' title='bbox 1757 2308 1832 2346; x_wconf 81' lang='lat' dir='ltr'>qua</span> <span class='ocrx_word' id='word_1_319' title='bbox 1850 2294 1952 2335; x_wconf 88' lang='lat' dir='ltr'>Put.</span> <span class='ocrx_word' id='word_1_320' title='bbox 1980 2296 2048 2346; x_wconf 86' lang='lat' dir='ltr'>qui</span> <span class='ocrx_word' id='word_1_321' title='bbox 2067 2295 2137 2335; x_wconf 86' lang='lat' dir='ltr'>vel</span> 
     </span>
     <span class='ocr_line' id='line_1_32' title="bbox 304 2347 2137 2401; baseline 0 -15"><span class='ocrx_word' id='word_1_322' title='bbox 304 2349 391 2398; x_wconf 81' lang='lat' dir='ltr'>quis</span> <span class='ocrx_word' id='word_1_323' title='bbox 412 2349 517 2399; x_wconf 87' lang='lat' dir='ltr'>Reg.</span> <span class='ocrx_word' id='word_1_324' title='bbox 546 2350 630 2397; x_wconf 82' lang='lat' dir='ltr'>egit</span> <span class='ocrx_word' id='word_1_325' title='bbox 662 2349 765 2388; x_wconf 89' lang='lat' dir='ltr'>Lov.</span> <span class='ocrx_word' id='word_1_326' title='bbox 784 2347 893 2399; x_wconf 82' lang='lat' dir='ltr'>Reg.</span> <span class='ocrx_word' id='word_1_327' title='bbox 924 2348 1070 2389; x_wconf 87' lang='lat' dir='ltr'>Oxou.</span> <span class='ocrx_word' id='word_1_328' title='bbox 1091 2361 1177 2389; x_wconf 88' lang='lat' dir='ltr'>sec.</span> <span class='ocrx_word' id='word_1_329' title='bbox 1210 2349 1312 2390; x_wconf 85' lang='lat' dir='ltr'>Jun.</span> <span class='ocrx_word' id='word_1_330' title='bbox 1334 2362 1402 2401; x_wconf 88' lang='lat' dir='ltr'>pr.</span> <span class='ocrx_word' id='word_1_331' title='bbox 1437 2352 1592 2393; x_wconf 80' lang='lat' dir='ltr'>PetaV.</span> <span class='ocrx_word' id='word_1_332' title='bbox 1613 2361 1699 2388; x_wconf 83' lang='lat' dir='ltr'>sec.</span> <span class='ocrx_word' id='word_1_333' title='bbox 1719 2349 1825 2387; x_wconf 77' lang='lat' dir='ltr'>Exc·</span> <span class='ocrx_word' id='word_1_334' title='bbox 1858 2348 2022 2387; x_wconf 89' lang='lat' dir='ltr'>Schott.</span> <span class='ocrx_word' id='word_1_335' title='bbox 2051 2348 2137 2387; x_wconf 86' lang='lat' dir='ltr'>edit</span> 
     </span>
     <span class='ocr_line' id='line_1_33' title="bbox 304 2400 2135 2456; baseline 0.001 -17"><span class='ocrx_word' id='word_1_336' title='bbox 304 2401 408 2440; x_wconf 86' lang='lat' dir='ltr'>Var.</span> <span class='ocrx_word' id='word_1_337' title='bbox 427 2402 514 2441; x_wconf 89' lang='lat' dir='ltr'>LL.</span> <span class='ocrx_word' id='word_1_338' title='bbox 534 2400 603 2439; x_wconf 90' lang='lat' dir='ltr'>ed.</span> <span class='ocrx_word' id='word_1_339' title='bbox 624 2400 758 2440; x_wconf 86' lang='lat' dir='ltr'>Antv.</span> <span class='ocrx_word' id='word_1_340' title='bbox 787 2403 854 2451; x_wconf 82' lang='lat' dir='ltr'>qui</span> <span class='ocrx_word' id='word_1_341' title='bbox 872 2402 955 2451; x_wconf 85' lang='lat' dir='ltr'>egit</span> <span class='ocrx_word' id='word_1_342' title='bbox 987 2401 1107 2442; x_wconf 88' lang='lat' dir='ltr'>Pric.</span> <span class='ocrx_word' id='word_1_343' title='bbox 1130 2403 1249 2441; x_wconf 89' lang='lat' dir='ltr'>Rott.</span> <span class='ocrx_word' id='word_1_344' title='bbox 1280 2403 1400 2443; x_wconf 85' lang='lat' dir='ltr'>Med.</span> <span class='ocrx_word' id='word_1_345' title='bbox 1422 2418 1487 2456; x_wconf 86' lang='lat' dir='ltr'>pr.</span> <span class='ocrx_word' id='word_1_346' title='bbox 1519 2402 1645 2442; x_wconf 90' lang='lat' dir='ltr'>ambo</span> <span class='ocrx_word' id='word_1_347' title='bbox 1676 2402 1838 2441; x_wconf 86' lang='lat' dir='ltr'>Moret.</span> <span class='ocrx_word' id='word_1_348' title='bbox 1871 2400 1956 2440; x_wconf 91' lang='lat' dir='ltr'>duo</span> <span class='ocrx_word' id='word_1_349' title='bbox 1975 2401 2135 2441; x_wconf 73' lang='lat' dir='ltr'>Petav-</span> 
     </span>
     <span class='ocr_line' id='line_1_34' title="bbox 301 2453 2134 2510; baseline 0.001 -18"><span class='ocrx_word' id='word_1_350' title='bbox 301 2453 464 2492; x_wconf 87' lang='lat' dir='ltr'>Thuan.</span> <span class='ocrx_word' id='word_1_351' title='bbox 487 2454 653 2494; x_wconf 86' lang='lat' dir='ltr'>Mazar.</span> <span class='ocrx_word' id='word_1_352' title='bbox 681 2453 749 2504; x_wconf 76' lang='lat' dir='ltr'>qui</span> <span class='ocrx_word' id='word_1_353' title='bbox 767 2454 833 2503; x_wconf 82' lang='lat' dir='ltr'>egi</span> <span class='ocrx_word' id='word_1_354' title='bbox 850 2455 971 2494; x_wconf 85' lang='lat' dir='ltr'>Med.</span> <span class='ocrx_word' id='word_1_355' title='bbox 994 2459 1134 2507; x_wconf 82' lang='lat' dir='ltr'>quart.</span> <span class='ocrx_word' id='word_1_356' title='bbox 1162 2468 1233 2506; x_wconf 78' lang='lat' dir='ltr'>quo</span> <span class='ocrx_word' id='word_1_357' title='bbox 1253 2457 1319 2505; x_wconf 82' lang='lat' dir='ltr'>egi</span> <span class='ocrx_word' id='word_1_358' title='bbox 1350 2457 1416 2495; x_wconf 88' lang='lat' dir='ltr'>vel</span> <span class='ocrx_word' id='word_1_359' title='bbox 1449 2457 1516 2510; x_wconf 81' lang='lat' dir='ltr'>qui</span> <span class='ocrx_word' id='word_1_360' title='bbox 1545 2458 1629 2506; x_wconf 85' lang='lat' dir='ltr'>egit</span> <span class='ocrx_word' id='word_1_361' title='bbox 1657 2455 1759 2494; x_wconf 88' lang='lat' dir='ltr'>Vat.</span> <span class='ocrx_word' id='word_1_362' title='bbox 1782 2460 1921 2505; x_wconf 81' lang='lat' dir='ltr'>quart.</span> <span class='ocrx_word' id='word_1_363' title='bbox 1940 2455 2134 2494; x_wconf 83' lang='lat' dir='ltr'>Florem.</span> 
     </span>
     <span class='ocr_line' id='line_1_35' title="bbox 303 2506 2133 2555; baseline -0.001 -9"><span class='ocrx_word' id='word_1_364' title='bbox 303 2510 436 2547; x_wconf 84' lang='lat'>—291</span> <span class='ocrx_word' id='word_1_365' title='bbox 468 2507 561 2546; x_wconf 89' lang='lat' dir='ltr'>Non</span> <span class='ocrx_word' id='word_1_366' title='bbox 577 2507 614 2546; x_wconf 85' lang='lat' dir='ltr'>si</span> <span class='ocrx_word' id='word_1_367' title='bbox 647 2519 792 2546; x_wconf 85' lang='lat' dir='ltr'>omnes</span> <span class='ocrx_word' id='word_1_368' title='bbox 810 2508 932 2546; x_wconf 88' lang='lat' dir='ltr'>Vatt.</span> <span class='ocrx_word' id='word_1_369' title='bbox 950 2509 1046 2548; x_wconf 84' lang='lat' dir='ltr'>Pal.</span> <span class='ocrx_word' id='word_1_370' title='bbox 1065 2509 1192 2547; x_wconf 87' lang='lat' dir='ltr'>Farn.</span> <span class='ocrx_word' id='word_1_371' title='bbox 1212 2508 1331 2548; x_wconf 86' lang='lat' dir='ltr'>Prie.</span> <span class='ocrx_word' id='word_1_372' title='bbox 1352 2510 1476 2551; x_wconf 84' lang='lat' dir='ltr'>Rott.</span> <span class='ocrx_word' id='word_1_373' title='bbox 1498 2510 1629 2550; x_wconf 83' lang='lat' dir='ltr'>Oisel.</span> <span class='ocrx_word' id='word_1_374' title='bbox 1659 2508 1752 2546; x_wconf 89' lang='lat' dir='ltr'>Non</span> <span class='ocrx_word' id='word_1_375' title='bbox 1770 2511 1826 2545; x_wconf 78' lang='lat' dir='ltr'>sic</span> <span class='ocrx_word' id='word_1_376' title='bbox 1844 2507 1910 2545; x_wconf 86' lang='lat' dir='ltr'>vel</span> <span class='ocrx_word' id='word_1_377' title='bbox 1941 2507 2033 2546; x_wconf 87' lang='lat' dir='ltr'>Non</span> <span class='ocrx_word' id='word_1_378' title='bbox 2042 2506 2133 2555; x_wconf 69' lang='lat' dir='ltr'>jam</span> 
     </span>
     <span class='ocr_line' id='line_1_36' title="bbox 303 2559 2136 2616; baseline 0 -16"><span class='ocrx_word' id='word_1_379' title='bbox 303 2559 389 2600; x_wconf 86' lang='lat' dir='ltr'>inc.</span> <span class='ocrx_word' id='word_1_380' title='bbox 409 2559 562 2600; x_wconf 86' lang='lat' dir='ltr'>Heins.</span> <span class='ocrx_word' id='word_1_381' title='bbox 586 2559 767 2613; x_wconf 79' lang='lat' dir='ltr'>prodigii</span> <span class='ocrx_word' id='word_1_382' title='bbox 798 2560 898 2602; x_wconf 84' lang='lat' dir='ltr'>edd.</span> <span class='ocrx_word' id='word_1_383' title='bbox 915 2561 1061 2602; x_wconf 84' lang='lat' dir='ltr'>Vicet.</span> <span class='ocrx_word' id='word_1_384' title='bbox 1088 2566 1134 2601; x_wconf 92' lang='lat' dir='ltr'>et</span> <span class='ocrx_word' id='word_1_385' title='bbox 1152 2561 1437 2604; x_wconf 82' lang='lat' dir='ltr'>Parm.-292</span> <span class='ocrx_word' id='word_1_386' title='bbox 1463 2563 1671 2616; x_wconf 85' lang='lat' dir='ltr'>polluimus</span> <span class='ocrx_word' id='word_1_387' title='bbox 1703 2559 1852 2601; x_wconf 88' lang='lat' dir='ltr'>Ambr.</span> <span class='ocrx_word' id='word_1_388' title='bbox 1881 2571 1946 2612; x_wconf 85' lang='lat' dir='ltr'>pr.</span> <span class='ocrx_word' id='word_1_389' title='bbox 1973 2561 2136 2600; x_wconf 85' lang='lat' dir='ltr'>lacrima</span> 
     </span>
    </p>
   </div>
   <div class='ocr_carea' id='block_1_11' title="bbox 1125 2656 1311 2697">
    <p class='ocr_par' dir='ltr' id='par_1_17' title="bbox 1125 2656 1311 2697">
     <span class='ocr_line' id='line_1_37' title="bbox 1125 2656 1311 2697; baseline 0.005 -1"><span class='ocrx_word' id='word_1_390' title='bbox 1125 2656 1311 2697; x_wconf 88' lang='lat' dir='ltr'>NOTAE</span> 
     </span>
    </p>
   </div>
   <div class='ocr_carea' id='block_1_12' title="bbox 293 2741 1183 3475">
    <p class='ocr_par' dir='ltr' id='par_1_18' title="bbox 298 2741 1183 2846">
     <span class='ocr_line' id='line_1_38' title="bbox 300 2741 1183 2795; baseline -0.001 -12"><span class='ocrx_word' id='word_1_391' title='bbox 300 2741 390 2784; x_wconf 86' lang='lat' dir='ltr'>Alii</span> <span class='ocrx_word' id='word_1_392' title='bbox 408 2742 557 2795; x_wconf 87' lang='lat' dir='ltr'>legunt</span> <span class='ocrx_word' id='word_1_393' title='bbox 584 2746 669 2782; x_wconf 87' lang='lat' dir='ltr'>tota</span> <span class='ocrx_word' id='word_1_394' title='bbox 685 2744 799 2794; x_wconf 85' lang='lat' dir='ltr'>mole,</span> <span class='ocrx_word' id='word_1_395' title='bbox 826 2742 870 2782; x_wconf 89' lang='lat' dir='ltr'>id</span> <span class='ocrx_word' id='word_1_396' title='bbox 888 2747 972 2794; x_wconf 89' lang='lat' dir='ltr'>est,</span> <span class='ocrx_word' id='word_1_397' title='bbox 990 2742 1094 2783; x_wconf 83' lang='lat' dir='ltr'>totis</span> <span class='ocrx_word' id='word_1_398' title='bbox 1123 2742 1183 2782; x_wconf 84' lang='lat' dir='ltr'>vi-</span> 
     </span>
     <span class='ocr_line' id='line_1_39' title="bbox 298 2805 429 2846; baseline 0 -1"><span class='ocrx_word' id='word_1_399' title='bbox 298 2805 429 2846; x_wconf 84' lang='lat' dir='ltr'>ribus.</span> 
     </span>
    </p>

    <p class='ocr_par' dir='ltr' id='par_1_19' title="bbox 294 2868 1181 3171">
     <span class='ocr_line' id='line_1_40' title="bbox 351 2868 1180 2922; baseline 0.001 -15"><span class='ocrx_word' id='word_1_400' title='bbox 351 2872 432 2910; x_wconf 82' lang='lat'>284</span> <span class='ocrx_word' id='word_1_401' title='bbox 463 2871 592 2909; x_wconf 83' lang='lat' dir='ltr'>Causa</span> <span class='ocrx_word' id='word_1_402' title='bbox 608 2869 744 2920; x_wconf 81' lang='lat' dir='ltr'>moroe]</span> <span class='ocrx_word' id='word_1_403' title='bbox 773 2870 935 2920; x_wconf 87' lang='lat' dir='ltr'>Magna</span> <span class='ocrx_word' id='word_1_404' title='bbox 949 2873 1069 2909; x_wconf 89' lang='lat' dir='ltr'>certe</span> <span class='ocrx_word' id='word_1_405' title='bbox 1084 2868 1180 2922; x_wconf 87' lang='lat' dir='ltr'>fuit,</span> 
     </span>
     <span class='ocr_line' id='line_1_41' title="bbox 297 2931 1181 2985; baseline 0.003 -15"><span class='ocrx_word' id='word_1_406' title='bbox 297 2942 375 2971; x_wconf 84' lang='lat' dir='ltr'>seu</span> <span class='ocrx_word' id='word_1_407' title='bbox 393 2931 598 2985; x_wconf 83' lang='lat' dir='ltr'>ingenita,</span> <span class='ocrx_word' id='word_1_408' title='bbox 630 2945 707 2972; x_wconf 89' lang='lat' dir='ltr'>seu</span> <span class='ocrx_word' id='word_1_409' title='bbox 735 2931 938 2973; x_wconf 85' lang='lat' dir='ltr'>affectata</span> <span class='ocrx_word' id='word_1_410' title='bbox 966 2931 1181 2973; x_wconf 88' lang='lat' dir='ltr'>modestia</span> 
     </span>
     <span class='ocr_line' id='line_1_42' title="bbox 297 2991 1177 3047; baseline 0.001 -14"><span class='ocrx_word' id='word_1_411' title='bbox 297 2991 666 3047; x_wconf 81' lang='lat' dir='ltr'>Stilichonis,.qui</span> <span class='ocrx_word' id='word_1_412' title='bbox 703 2995 834 3035; x_wconf 89' lang='lat' dir='ltr'>etiam</span> <span class='ocrx_word' id='word_1_413' title='bbox 871 2994 1007 3034; x_wconf 87' lang='lat' dir='ltr'>noluit</span> <span class='ocrx_word' id='word_1_414' title='bbox 1043 2994 1177 3034; x_wconf 84' lang='lat' dir='ltr'>filium</span> 
     </span>
     <span class='ocr_line' id='line_1_43' title="bbox 294 3056 1176 3098; baseline 0.003 -3"><span class='ocrx_word' id='word_1_415' title='bbox 294 3067 416 3096; x_wconf 84' lang='lat' dir='ltr'>suum</span> <span class='ocrx_word' id='word_1_416' title='bbox 446 3056 618 3096; x_wconf 84' lang='lat' dir='ltr'>unicum</span> <span class='ocrx_word' id='word_1_417' title='bbox 658 3057 779 3096; x_wconf 83' lang='lat' dir='ltr'>evehi</span> <span class='ocrx_word' id='word_1_418' title='bbox 816 3057 930 3097; x_wconf 84' lang='lat' dir='ltr'>ultra</span> <span class='ocrx_word' id='word_1_419' title='bbox 963 3057 1176 3098; x_wconf 85' lang='lat' dir='ltr'>Tribunos</span> 
     </span>
     <span class='ocr_line' id='line_1_44' title="bbox 294 3119 1149 3171; baseline 0 -11"><span class='ocrx_word' id='word_1_420' title='bbox 294 3119 512 3169; x_wconf 76' lang='lat' dir='ltr'>Notarios,</span> <span class='ocrx_word' id='word_1_421' title='bbox 525 3131 579 3158; x_wconf 91' lang='lat' dir='ltr'>ex</span> <span class='ocrx_word' id='word_1_422' title='bbox 596 3119 749 3171; x_wconf 85' lang='lat' dir='ltr'>quibus</span> <span class='ocrx_word' id='word_1_423' title='bbox 763 3125 859 3158; x_wconf 86' lang='lat' dir='ltr'>erat</span> <span class='ocrx_word' id='word_1_424' title='bbox 873 3120 1149 3160; x_wconf 80' lang='lat' dir='ltr'>Claudianus.</span> 
     </span>
    </p>

    <p class='ocr_par' dir='ltr' id='par_1_20' title="bbox 293 3182 1175 3298">
     <span class='ocr_line' id='line_1_45' title="bbox 346 3182 1175 3236; baseline 0.001 -13"><span class='ocrx_word' id='word_1_425' title='bbox 346 3185 426 3223; x_wconf 82' lang='lat'>285</span> <span class='ocrx_word' id='word_1_426' title='bbox 471 3182 656 3233; x_wconf 81' lang='lat' dir='ltr'>Ingenio]</span> <span class='ocrx_word' id='word_1_427' title='bbox 704 3183 845 3222; x_wconf 87' lang='lat' dir='ltr'>Causa</span> <span class='ocrx_word' id='word_1_428' title='bbox 880 3183 1021 3235; x_wconf 85' lang='lat' dir='ltr'>aliqua</span> <span class='ocrx_word' id='word_1_429' title='bbox 1056 3183 1175 3236; x_wconf 85' lang='lat' dir='ltr'>inge·</span> 
     </span>
     <span class='ocr_line' id='line_1_46' title="bbox 293 3245 698 3298; baseline -0.005 -12"><span class='ocrx_word' id='word_1_430' title='bbox 293 3245 416 3286; x_wconf 80' lang='lat' dir='ltr'>niose</span> <span class='ocrx_word' id='word_1_431' title='bbox 435 3246 698 3298; x_wconf 83' lang='lat' dir='ltr'>excogitata.</span> 
     </span>
    </p>

    <p class='ocr_par' dir='ltr' id='par_1_21' title="bbox 346 3308 1156 3360">
     <span class='ocr_line' id='line_1_47' title="bbox 346 3308 1156 3360; baseline 0.001 -12"><span class='ocrx_word' id='word_1_432' title='bbox 346 3309 507 3360; x_wconf 82' lang='lat' dir='ltr'>Boreoe]</span> <span class='ocrx_word' id='word_1_433' title='bbox 538 3309 797 3359; x_wconf 58' lang='lat' dir='ltr'>Poputorum</span> <span class='ocrx_word' id='word_1_434' title='bbox 817 3308 1156 3359; x_wconf 83' lang='lat' dir='ltr'>Septemtrionis.</span> 
     </span>
    </p>

    <p class='ocr_par' dir='ltr' id='par_1_22' title="bbox 293 3370 1170 3475">
     <span class='ocr_line' id='line_1_48' title="bbox 346 3370 1170 3424; baseline 0.001 -14"><span class='ocrx_word' id='word_1_435' title='bbox 346 3370 508 3424; x_wconf 76' lang='lat' dir='ltr'>Austri]</span> <span class='ocrx_word' id='word_1_436' title='bbox 545 3370 734 3411; x_wconf 85' lang='lat' dir='ltr'>Gildone</span> <span class='ocrx_word' id='word_1_437' title='bbox 767 3370 927 3422; x_wconf 87' lang='lat' dir='ltr'>deleto,</span> <span class='ocrx_word' id='word_1_438' title='bbox 963 3371 1037 3423; x_wconf 85' lang='lat' dir='ltr'>qui</span> <span class='ocrx_word' id='word_1_439' title='bbox 1073 3383 1170 3412; x_wconf 85' lang='lat' dir='ltr'>cum</span> 
     </span>
     <span class='ocr_line' id='line_1_49' title="bbox 293 3430 1170 3475; baseline -0.001 0"><span class='ocrx_word' id='word_1_440' title='bbox 293 3431 458 3475; x_wconf 79' lang='lat' dir='ltr'>Mauris</span> <span class='ocrx_word' id='word_1_441' title='bbox 474 3430 671 3475; x_wconf 82' lang='lat' dir='ltr'>Africam</span> <span class='ocrx_word' id='word_1_442' title='bbox 689 3433 891 3475; x_wconf 80' lang='lat' dir='ltr'>vastabat</span> <span class='ocrx_word' id='word_1_443' title='bbox 908 3446 1055 3474; x_wconf 85' lang='lat' dir='ltr'>versus</span> <span class='ocrx_word' id='word_1_444' title='bbox 1073 3434 1170 3474; x_wconf 85' lang='lat' dir='ltr'>Me-</span> 
     </span>
    </p>
   </div>
   <div class='ocr_carea' id='block_1_13' title="bbox 1246 2741 2134 3048">
    <p class='ocr_par' dir='ltr' id='par_1_23' title="bbox 1246 2741 2134 3048">
     <span class='ocr_line' id='line_1_50' title="bbox 1248 2741 2105 2795; baseline 0 -13"><span class='ocrx_word' id='word_1_445' title='bbox 1248 2743 1418 2795; x_wconf 85' lang='lat' dir='ltr'>ridiem,</span> <span class='ocrx_word' id='word_1_446' title='bbox 1433 2743 1547 2784; x_wconf 86' lang='lat' dir='ltr'>unde</span> <span class='ocrx_word' id='word_1_447' title='bbox 1564 2742 1643 2783; x_wconf 88' lang='lat' dir='ltr'>flat</span> <span class='ocrx_word' id='word_1_448' title='bbox 1661 2742 1821 2782; x_wconf 85' lang='lat' dir='ltr'>Auster</span> <span class='ocrx_word' id='word_1_449' title='bbox 1837 2741 1928 2781; x_wconf 87' lang='lat' dir='ltr'>sive</span> <span class='ocrx_word' id='word_1_450' title='bbox 1946 2742 2105 2782; x_wconf 80' lang='lat' dir='ltr'>Notus.</span> 
     </span>
     <span class='ocr_line' id='line_1_51' title="bbox 1300 2806 2134 2857; baseline -0.006 -9"><span class='ocrx_word' id='word_1_451' title='bbox 1300 2811 1379 2848; x_wconf 83' lang='lat'>287</span> <span class='ocrx_word' id='word_1_452' title='bbox 1407 2809 1556 2848; x_wconf 87' lang='lat' dir='ltr'>Janum</span> <span class='ocrx_word' id='word_1_453' title='bbox 1574 2806 1692 2857; x_wconf 81' lang='lat' dir='ltr'>ligat]</span> <span class='ocrx_word' id='word_1_454' title='bbox 1713 2807 1786 2845; x_wconf 73' lang='lat' dir='ltr'>&#39;Ex</span> <span class='ocrx_word' id='word_1_455' title='bbox 1818 2817 1938 2844; x_wconf 90' lang='lat' dir='ltr'>more</span> <span class='ocrx_word' id='word_1_456' title='bbox 1970 2809 2134 2856; x_wconf 82' lang='lat' dir='ltr'>vetere,</span> 
     </span>
     <span class='ocr_line' id='line_1_52' title="bbox 1248 2868 2131 2924; baseline -0.007 -13"><span class='ocrx_word' id='word_1_457' title='bbox 1248 2884 1349 2924; x_wconf 89' lang='lat' dir='ltr'>quo,</span> <span class='ocrx_word' id='word_1_458' title='bbox 1362 2872 1464 2911; x_wconf 89' lang='lat' dir='ltr'>belli</span> <span class='ocrx_word' id='word_1_459' title='bbox 1483 2875 1675 2922; x_wconf 87' lang='lat' dir='ltr'>tempore</span> <span class='ocrx_word' id='word_1_460' title='bbox 1689 2869 1717 2910; x_wconf 87' lang='lat' dir='ltr'>J</span> <span class='ocrx_word' id='word_1_461' title='bbox 1722 2869 1791 2908; x_wconf 88' lang='lat' dir='ltr'>ani</span> <span class='ocrx_word' id='word_1_462' title='bbox 1809 2868 2014 2918; x_wconf 84' lang='lat' dir='ltr'>templum</span> <span class='ocrx_word' id='word_1_463' title='bbox 2029 2879 2131 2919; x_wconf 84' lang='lat' dir='ltr'>ape-</span> 
     </span>
     <span class='ocr_line' id='line_1_53' title="bbox 1246 2929 2130 2984; baseline -0.006 -10"><span class='ocrx_word' id='word_1_464' title='bbox 1246 2934 1451 2984; x_wconf 80' lang='lat' dir='ltr'>riebatur,</span> <span class='ocrx_word' id='word_1_465' title='bbox 1478 2938 1672 2984; x_wconf 88' lang='lat' dir='ltr'>tempore</span> <span class='ocrx_word' id='word_1_466' title='bbox 1693 2932 1811 2983; x_wconf 87' lang='lat' dir='ltr'>pacis</span> <span class='ocrx_word' id='word_1_467' title='bbox 1834 2929 2130 2981; x_wconf 76' lang='lat' dir='ltr'>claudebatur,</span> 
     </span>
     <span class='ocr_line' id='line_1_54' title="bbox 1246 2993 2128 3048; baseline -0.006 -12"><span class='ocrx_word' id='word_1_468' title='bbox 1246 3003 1293 3037; x_wconf 89' lang='lat' dir='ltr'>et</span> <span class='ocrx_word' id='word_1_469' title='bbox 1309 2998 1427 3036; x_wconf 84' lang='lat' dir='ltr'>Mars</span> <span class='ocrx_word' id='word_1_470' title='bbox 1442 2997 1531 3048; x_wconf 86' lang='lat' dir='ltr'>ipse</span> <span class='ocrx_word' id='word_1_471' title='bbox 1547 2996 1713 3036; x_wconf 88' lang='lat' dir='ltr'>catenis</span> <span class='ocrx_word' id='word_1_472' title='bbox 1733 2993 2128 3044; x_wconf 85' lang='lat' dir='ltr'>constringebatur.</span> 
     </span>
    </p>
   </div>
   <div class='ocr_carea' id='block_1_14' title="bbox 1298 3055 2196 3109">
    <p class='ocr_par' dir='ltr' id='par_1_24' title="bbox 1298 3055 2196 3109">
     <span class='ocr_line' id='line_1_55' title="bbox 1298 3055 2196 3109; baseline -0.007 -10"><span class='ocrx_word' id='word_1_473' title='bbox 1298 3063 1379 3099; x_wconf 84' lang='lat'>290</span> <span class='ocrx_word' id='word_1_474' title='bbox 1410 3059 1498 3104; x_wconf 84' lang='lat' dir='ltr'>Quo</span> <span class='ocrx_word' id='word_1_475' title='bbox 1533 3058 1690 3109; x_wconf 85' lang='lat' dir='ltr'>gentes]</span> <span class='ocrx_word' id='word_1_476' title='bbox 1741 3058 1839 3099; x_wconf 80' lang='lat' dir='ltr'>Quo</span> <span class='ocrx_word' id='word_1_477' title='bbox 1878 3055 2129 3105; x_wconf 82' lang='lat' dir='ltr'>Consulatu,</span> <span class='ocrx_word' id='word_1_478' title='bbox 2191 3064 2196 3068; x_wconf 60' lang='lat'><strong>⁴</strong></span> 
     </span>
    </p>
   </div>
   <div class='ocr_carea' id='block_1_15' title="bbox 1238 3118 2127 3486">
    <p class='ocr_par' dir='ltr' id='par_1_25' title="bbox 1238 3118 2127 3412">
     <span class='ocr_line' id='line_1_56' title="bbox 1243 3118 2127 3184; baseline -0.006 -23"><span class='ocrx_word' id='word_1_479' title='bbox 1243 3133 1341 3161; x_wconf 85' lang='lat' dir='ltr'>nam</span> <span class='ocrx_word' id='word_1_480' title='bbox 1362 3122 1573 3161; x_wconf 85' lang='lat' dir='ltr'>Consules</span> <span class='ocrx_word' id='word_1_481' title='bbox 1603 3120 1658 3159; x_wconf 88' lang='lat' dir='ltr'>de</span> <span class='ocrx_word' id='word_1_482' title='bbox 1677 3119 1867 3184; x_wconf 84' lang='lat' dir='ltr'>Regibus</span> <span class='ocrx_word' id='word_1_483' title='bbox 1892 3118 2127 3170; x_wconf 85' lang='lat' dir='ltr'>triumpha-</span> 
     </span>
     <span class='ocr_line' id='line_1_57' title="bbox 1241 3189 2126 3294; baseline -0.01 -9"><span class='ocrx_word' id='word_1_484' title='bbox 1241 3189 1372 3285; x_wconf 57' lang='grc' dir='ltr'>Πιὲζὶ</span> <span class='ocrx_word' id='word_1_485' title='bbox 1408 3244 1629 3294; x_wconf 80' lang='lat' dir='ltr'>Prodigiis]</span> <span class='ocrx_word' id='word_1_486' title='bbox 1672 3242 1744 3284; x_wconf 91' lang='lat' dir='ltr'>Ob</span> <span class='ocrx_word' id='word_1_487' title='bbox 1772 3241 1933 3282; x_wconf 86' lang='lat' dir='ltr'>factum</span> <span class='ocrx_word' id='word_1_488' title='bbox 1963 3241 2126 3281; x_wconf 81' lang='lat' dir='ltr'>Consu-</span> 
     </span>
     <span class='ocr_line' id='line_1_58' title="bbox 1240 3304 2126 3359; baseline -0.003 -11"><span class='ocrx_word' id='word_1_489' title='bbox 1240 3309 1323 3348; x_wconf 91' lang='lat' dir='ltr'>lem</span> <span class='ocrx_word' id='word_1_490' title='bbox 1354 3308 1627 3359; x_wconf 86' lang='lat' dir='ltr'>Eutropium,</span> <span class='ocrx_word' id='word_1_491' title='bbox 1659 3310 1814 3345; x_wconf 87' lang='lat' dir='ltr'>natura</span> <span class='ocrx_word' id='word_1_492' title='bbox 1841 3304 2039 3356; x_wconf 86' lang='lat' dir='ltr'>designat</span> <span class='ocrx_word' id='word_1_493' title='bbox 2057 3316 2126 3345; x_wconf 88' lang='lat' dir='ltr'>ca-</span> 
     </span>
     <span class='ocr_line' id='line_1_59' title="bbox 1238 3371 1691 3412; baseline -0.007 -1"><span class='ocrx_word' id='word_1_494' title='bbox 1238 3371 1453 3412; x_wconf 88' lang='lat' dir='ltr'>lamitates</span> <span class='ocrx_word' id='word_1_495' title='bbox 1474 3376 1691 3409; x_wconf 85' lang='lat' dir='ltr'>venturas.</span> 
     </span>
    </p>

    <p class='ocr_par' dir='ltr' id='par_1_26' title="bbox 1292 3428 2124 3486">
     <span class='ocr_line' id='line_1_60' title="bbox 1292 3428 2124 3486; baseline -0.005 -12"><span class='ocrx_word' id='word_1_496' title='bbox 1292 3437 1373 3474; x_wconf 75' lang='lat'>292</span> <span class='ocrx_word' id='word_1_497' title='bbox 1403 3431 1643 3486; x_wconf 83' lang='lat' dir='ltr'>Polluimur]</span> <span class='ocrx_word' id='word_1_498' title='bbox 1670 3430 1739 3471; x_wconf 88' lang='lat' dir='ltr'>An</span> <span class='ocrx_word' id='word_1_499' title='bbox 1767 3443 1864 3471; x_wconf 92' lang='lat' dir='ltr'>cum</span> <span class='ocrx_word' id='word_1_500' title='bbox 1895 3428 2037 3471; x_wconf 84' lang='lat' dir='ltr'>factus</span> <span class='ocrx_word' id='word_1_501' title='bbox 2062 3429 2124 3475; x_wconf 68' lang='lat' dir='ltr'>sit</span> 
     </span>
    </p>
   </div>
  </div>
 </body>
</html>
