2300 3906
596 199 661 237 ΙΝ
705 200 772 238 ΙΙ.
812 198 984 238 coNS.
1025 197 1297 239 STlmcn.
1341 196 1460 235 LIB.

120 316 255 368 Huc
282 316 611 384 depulsurus
634 314 854 366 morbos
879 315 1214 381 Epidaurius
1233 314 1438 381 hospes

120 399 393 466 Reptavit
420 397 641 465 placido
666 400 862 462 tractu,
889 403 1217 464 vectumque
1243 413 1340 464 per
1362 395 1540 452 undas

121 482 318 533 Insula
345 482 634 534 Paeonium
662 481 801 530 texit
824 479 1085 532 Tiberina
1110 479 1422 532 draconem.
1559 531 1563 534 .

123 566 288 618 Hanc
315 571 370 617 tu
398 581 521 616 cum
550 563 798 630 SuperiS‚
827 564 1096 617 Stilichon
1121 563 1406 631 praeclare,
1431 562 1616 614 tueriS.

123 648 374 715 Protegis
397 648 539 698 hanc
567 647 787 714 clypeo,
811 653 1036 707 matrem
1059 662 1356 714 regumque
1381 645 1712 713 ducumque,

122 731 525 798 Praecipueque
550 736 731 783 tuam.-
795 732 966 783 Dedit
987 733 1108 784 haec
1132 731 1361 784 exordia
1384 731 1523 782 lucis

124 814 421 877 Eucherio,
447 832 792 883 puerumque
820 815 1003 868 ferens
1028 817 1115 868 hic
1142 817 1288 883 regia
1311 820 1479 868 mater

123 896 375 966 Augusto
401 900 728 951 monstravit
752 916 859 952 avo
882 917 894 952 ε
934 900 1154 953 laetatus
1179 906 1236 952 at
1261 900 1355 952 ille

1837 644 1942 697 175

125 1020 390 1071 AEsculapius
417 1021 550 1070 hospes
583 1021 773 1071 Epidauri
805 1024 1030 1074 expulsurus
1047 1025 1196 1064 morbos
1213 1023 1380 1075 arrepsit
1400 1024 1510 1072 lapsu
1528 1023 1631 1066 leni,-
1658 1027 1696 1062 et
1722 1022 1847 1062 insula
1867 1022 1946 1074 Ty-

125 1074 228 1113 beris
248 1073 354 1121 sevit
375 1078 585 1124 serpentem
603 1076 804 1114 Paeonium
823 1079 1021 1116 advectum
1035 1091 1104 1128 per
1121 1090 1252 1127 aquas.
1309 1076 1349 1116 Ο
1367 1076 1549 1129 Syme-ho,
1575 1078 1764 1118 illustrem
1783 1082 1826 1115 tu
1845 1079 1951 1115 tuta·

123 1127 181 1165 ris
198 1127 295 1166 hanc
315 1126 460 1165 urbem
481 1140 566 1166 cum
596 1127 706 1176 Diis,
735 1130 882 1167 tutaris
912 1130 1009 1168 hanc
1026 1135 1134 1169 scuto
1157 1137 1227 1169 tuo
1246 1133 1441 1180 parentem
1463 1130 1744 1179 Imperatorum
1765 1133 1801 1168 et
1817 1131 1949 1172 ἄκατος

126 1192 227 1229 rum,
253 1183 291 1218 et
305 1180 524 1230 proesertim
541 1183 660 1218 tuam.
717 1182 818 1220 Haec
837 1183 934 1222 urbs
963 1183 1110 1233 largita
1141 1187 1200 1221 est
1230 1181 1350 1221 initia
1369 1182 1460 1220 m'tae
1487 1182 1674 1220 Eucherio
1692 1181 1778 1220 filio
1799 1188 1889 1228 tuo,
1910 1185 1949 1220 et

126 1233 190 1272 hie
203 1237 330 1272 mater
338 1233 416 1282 eius
431 1234 574 1284 regalis
591 1235 771 1273 attollens
797 1247 893 1275 eum
909 1235 1102 1284 infantem
1128 1235 1309 1287 porrexit
1327 1247 1401 1274 avo
1419 1234 1654 1286 Imperatori
1679 1234 1918 1274 Theodosio
1938 1250 1953 1277 t

893 1325 1189 1340 “OOC“NOOO

129 1380 228 1417 tuor
245 1378 367 1417 Vatt.
387 1377 484 1417 Pal.
504 1378 633 1417 Farn.
655 1381 774 1419 Rott.
794 1379 929 1419 Oisel.
951 1380 1140 1420 Florent.
1160 1384 1246 1420 tres
1266 1379 1387 1419 Med.
1411 1380 1514 1429 Reg.
1532 1378 1693 1418 Mazar.
1714 1377 1867 1417 Petav.
1884 1388 1952 1428 pr.

129 1431 235 1470 Exc.
257 1430 386 1477 Laeti,
404 1431 470 1471 ed.
492 1433 637 1472 Vicet.
683 1433 912 1482 defensurus
931 1433 1016 1472 duo
1053 1433 1203 1472 Leidd.
1235 1439 1281 1473 et
1312 1433 1603 1471 novemdecim
1625 1432 1712 1481 alii,
1732 1431 1839 1471 Exc.
1872 1431 1956 1470 Ge·

132 1489 239 1524 vart.
258 1485 440 1525 Luceus.
462 1497 525 1534 pr.
546 1486 646 1525 Var.
667 1486 754 1525 Li..
776 1499 799 1524 e
817 1499 950 1537 marg.
972 1487 1114 1526 Parm.
1134 1493 1178 1525 et
1198 1487 1265 1526 ed.
1287 1485 1418 1525 AntV.
1465 1485 1688 1532 defensurus
1724 1485 1790 1523 vel
1826 1484 1956 1535 depul-

129 1548 243 1576 surus
274 1538 402 1576 Farn.
439 1537 560 1577 Med.
582 1545 683 1579 tert.
725 1540 828 1578 ultro
855 1552 931 1589 pro
950 1540 1083 1590 hospes
1102 1539 1242 1579 Oxon.
1263 1551 1327 1591 pr.
1351 1539 1434 1577 duo
1450 1540 1571 1578 Vatt.
1593 1539 1685 1577 Pal.
1705 1538 1840 1577 Oisel.
1863 1538 1956 1576 Flo·

132 1595 245 1629 rent.
266 1590 386 1630 Med.
407 1602 471 1640 pr.
507 1591 613 1641 Reg.
645 1593 808 1631 Mazar.
845 1594 950 1631 Exc.
972 1593 1077 1631 Cod.
1109 1593 1257 1632 Rhem.
1305 1593 1438 1642 hospes
1454 1593 1519 1631 vel
1539 1593 1644 1630 ultro
1661 1590 1780 1629 Med.
1799 1595 1957 1644 tert.÷

134 1646 212 1682 172
230 1646 359 1682 tractu
369 1643 524 1693 placido
545 1645 627 1685 inc.
644 1645 795 1685 Heius.
815 1644 964 1684 Ambr.
986 1657 1070 1685 sec.
1097 1646 1257 1685 Moret.
1278 1657 1362 1685 sec.
1393 1645 1498 1684 Var.
1518 1645 1607 1691 LL.
1622 1656 1646 1682 e
1662 1655 1793 1693 marg.
1814 1644 1961 1683 Parm-

133 1696 252 1734 tacito
269 1696 360 1735 Pal.
388 1697 505 1735 Med.
528 1707 593 1747 pr.
640 1702 843 1749 vectusque
861 1700 963 1738 Var.
997 1699 1087 1738 LL.
1125 1699 1193 1738 ed.
1224 1698 1493 1738 Antv.-—173
1522 1698 1649 1736 traxit
1667 1697 1786 1735 Leid.
1809 1708 1894 1735 sec.
1914 1700 1960 1734 et

134 1748 306 1799 plurimi
323 1749 409 1798 alii,
426 1751 530 1788 Exc.
553 1750 731 1790 Gevart.
751 1752 819 1790 ed.
842 1753 986 1790 Parm.
1003 1756 1047 1791 et
1065 1751 1210 1791 Vicet.
1256 1752 1360 1790 texit
1380 1752 1446 1789 vel
1465 1750 1591 1789 traxit
1605 1751 1844 1800 Reg.—l74
1872 1761 1960 1799 per—

132 1801 188 1840 sis
209 1813 283 1851 pro
301 1803 453 1851 superis
466 1803 767 1843 Tholos.-175
794 1805 965 1855 patriam
982 1817 1059 1855 pro
1077 1809 1239 1844 matrem
1264 1817 1407 1843 omnes
1437 1805 1556 1842 Vatt.
1577 1803 1673 1842 Pal.
1694 1803 1818 1840 Farn.
1840 1802 1958 1841 Prie.

135 1854 253 1893 Rott.
274 1853 407 1892 Oisel.
430 1855 616 1894 Florent.
637 1862 821 1907 quatuor
841 1858 959 1897 Med.
978 1858 1101 1896 Voss.
1123 1857 1206 1897 inc.
1224 1857 1373 1896 Heius,
1393 1858 1498 1907 Reg.
1512 1857 1673 1895 Thuan.
1692 1856 1852 1894 Mazar.
1869 1860 1958 1893 tres

136 1907 291 1946 Petav.
309 1907 472 1946 Bonon.
492 1907 589 1947 Pat.
604 1909 774 1948 Tholos.
797 1917 882 1949 tres
902 1909 1052 1950 Ambr.
1073 1911 1175 1950 Lov.
1195 1911 1318 1948 ambo
1338 1909 1497 1948 Moret.
1518 1909 1623 1948 Exc.
1649 1909 1830 1948 Gevart.
1852 1907 1962 1946 Laeti

137 1965 183 1999 et
199 1960 376 1999 Luceus.
397 1972 460 2010 pr.
481 1959 581 1999 Ald.
603 1962 708 2000 Exc.
739 1962 847 2002 Cod.
872 1963 1023 2002 Rhem.
1057 1963 1160 2001 Var.
1199 1963 1284 2002 LL.
1306 1974 1329 2000 e
1350 1974 1484 2012 marg.
1513 1962 1658 1999 Parm.
1680 1965 1725 1999 et
1741 1961 1809 1998 ed.
1831 1958 1963 1999 Antv.

135 2012 1119 2116 &iitiqffeffvnssffiffiffr‘222¹”13310H{2¹153t?
1124 2015 1239 2108 ¹¹¹3}
1266 2012 1864 2114 εἰϊὶηῖῢρῗὲἓὲίηῖήέἶὶῗὶἶ
1881 2011 1964 2103 {¹32⁰

138 2130 237 2160 non.
252 2118 403 2159 Ambr.
427 2132 493 2171 pr.
514 2121 666 2160 Petav.
689 2122 789 2161 ter't.
829 2122 919 2161 him:
951 2128 1040 2162 tres
1076 2122 1199 2162 Vatt.
1233 2081 1369 2163 Ozi'sel.
1404 2121 1592 2160 Florem.
1613 2118 1733 2158 Med.
1750 2130 1837 2158 sec.
1858 2119 1966 2170 Reg.

969 2223 1150 2264 NOTAE

135 2299 358 2360 invehitur
393 2314 536 2354 curru,
574 2315 700 2355 quem
729 2304 906 2343 trahunt
936 2304 1024 2343 leo-

142 2374 234 2404 nes.

198 2428 275 2465 171
308 2426 574 2478 Βερωῖειινιιε]
602 2426 688 2467 Alii
707 2429 857 2479 legunt
877 2428 1024 2486 Defen-

143 2499 282 2526 surus.-
318 2499 398 2526 nec.
428 2488 550 2527 male.
598 2488 809 2540 Dicimus,
845 2491 858 2512 ‘
879 2488 1026 2529 defen-

144 2548 250 2587 dere
269 2548 450 2600 aliquem
471 2561 496 2588 a
510 2549 684 2600 morbo,'
706 2551 773 2589 vel
804 2550 1024 2591 ‘morbum

1090 2304 1145 2344 ab
1163 2302 1354 2342 Hercule
1372 2302 1639 2342 vulneratum
1662 2311 1831 2339 sanasse
1861 2299 1969 2339 diei-

1091 2371 1174 2406 tur.
1217 2365 1386 2406 Graecis
1407 2365 1566 2403 dicitur
1583 2363 1720 2411 παιὼν,
1750 2367 1794 2401 et
1809 2360 1970 2412 παιήων,

1092 2427 1167 2467 ‹im-b
1179 2428 1250 2466 τοῦ
1259 2425 1528 2475 παίεινίενίνε,
1544 2425 1655 2476 quod
1675 2422 1803 2462 feriat
1819 2424 1972 2474 pellat·

1091 2504 1172 2544 que
1182 2490 1362 2530 morbos.
1372 2489 1582 2528 Homerus
1591 2488 1644 2527 de
1657 2488 1831 2536 Paeone,
1842 2485 1971 2546 ὀδυνήτ

1059 2588 1063 2591 .
1091 2561 1199 2604 «para
1216 2549 1399 2603 φάρμακα
1413 2547 1587 2598 πάσσων,
1601 2562 1788 2600 spargens
1800 2550 1972 2589 remedia

148 2609 550 2651 alicuidefendere!
581 2612 811 2653 Horatius:
832 2614 844 2634 ‘
865 2611 1025 2652 Defen-
1087 2616 1272 2669 peuentia
1291 2616 1450 2653 dolores.
1504 2613 1587 2652 Vel
1602 2623 1678 2662 per
1696 2611 1895 2651 Pceonium
1910 2611 1973 2649 in-

147 2673 213 2713 dit
232 2679 426 2714 aestatem
444 2674 651 2726 capellis!

202 2737 467 2789 Epidaurius]
512 2737 779 2789 AEsculapius
798 2737 872 2777 sub
893 2735 1030 2777 forma

148 2798 389 2850 Serpentis,
424 2799 649 2851 Epidauri,
689 2813 783 2852 quae
826 2800 926 2840 urbs
964 2806 1032 2839 est

149 2861 433 2914 Peloponnesi
450 2862 490 2900 in
505 2862 691 2913 Graecia,
707 2863 941 2902 colebatur.
967 2863 1032 2900 ln-

152 2926 221 2974 (le,
243 2932 363 2977 peste
392 2931 629 2976 grassante,
655 2928 855 2977 precibus
883 2929 1033 2966 Roma-

152 3002 300 3031 norum
320 2991 523 3029 advectus
541 2996 622 3041 est,
640 2991 911 3043 reptavitque
932 2993 1034 3030 leni-

154 3060 223 3094 ter
243 3054 286 3093 in
306 3053 486 3093 insulam
507 3054 687 3104 Tiberis,
706 3055 922 3106 pestisque
942 3067 1033 3094 ces-

156 3115 280 3156 savit.
335 3117 572 3157 Tantumne
587 3118 782 3157 Daemoni
801 3117 945 3157 licuit!
967 3117 1034 3156 De

156 3178 399 3232 hoesupra.

212 3243 290 3282 173
318 3243 521 3282 Poeonium
537 3243 759 3294 draconem]
780 3243 1035 3295 Serpentem

159 3303 373 3344 valentem
385 3311 476 3344 arte
489 3306 705 3356 medendi,
718 3306 853 3346 instar
865 3306 1037 3346 Paeonis

161 3366 315 3407 medici
336 3369 692 3423 praestantissimi,
714 3371 788 3422 qui
807 3370 1039 3412 Plutonem

1094 2679 1242 2730 tellige
1262 2676 1550 2728 Apollineum,
1565 2686 1641 2713 seu
1659 2673 1872 2725 Apollinis
1892 2672 1975 2711 fili-

1095 2754 1164 2781 um
1186 2739 1490 2792 AEsculepium,
1524 2749 1622 2776 nam
1642 2741 1686 2776 et
1706 2735 1862 2788 Apollo
1882 2736 1974 2788 ipse

1097 2804 1256 2844 dicitur
1273 2801 1409 2841 παιών.
1961 2807 1972 2840 j

1151 2867 1230 2905 174
1260 2864 1358 2902 Cum
1377 2861 1558 2913 Superis]
1602 2860 1728 2902 Unde
1762 2865 1807 2900 et
1837 2864 1976 2915 prope

1098 2926 1192 2980 pari
1211 2939 1308 2966 cum
1331 2926 1422 2964 Diis
1454 2937 1530 2963 seu
1545 2924 1877 2975 Imperatoribus
1910 2934 1978 2961 ve-

1098 2990 1320 3030 neratione
1334 2987 1537 3027 colendus
1558 2994 1625 3027 est
1643 2987 1837 3026 Stilicho.

1141 3055 1216 3091 175
1262 3052 1425 3104 Clypeo]
1478 3049 1635 3100 Armis,
1672 3049 1812 3101 bellis,
1842 3054 1981 3101 potes·

1105 3122 1211 3156 tate.

1157 3182 1234 3218 177
1265 3177 1395 3228 Regia
1414 3177 1558 3228 mater]
1576 3177 1736 3217 Serena
1754 3175 1908 3228 regalis
1925 3174 1989 3231 de

1103 3247 1232 3293 gente
1253 3241 1589 3293 Imperatorum,
1618 3239 1706 3279 filia
1723 3237 1917 3287 Honorii,
1934 3238 1980 3276 et

1104 3304 1191 3345 filia
1224 3304 1429 3356 adoptiva
1463 3302 1710 3352 Theodosii,
1738 3301 1857 3353 cujus
1883 3308 1980 3355 P‘QT

1103 3366 1205 3408 inde
1225 3378 1356 3419 nepos
1378 3370 1447 3407 est
1464 3364 1715 3406 Eucherius.
