2300 3906
654 201 896 242 RAP'rus
937 203 1231 244 PROSERP.
1272 207 1391 245 Lm.
1431 209 1477 247 1.1
1862 198 1972 251 933

157 317 357 386 Ocyor,
385 322 436 370 et
461 318 636 386 Stygii
660 322 908 374 sublimis
933 324 1107 391 gloria
1135 326 1385 393 Nycteus

152 398 420 464 Armenti‚
457 402 704 469 Ditisque
728 413 853 457 nota
875 409 1117 476 signatus
1142 408 1387 474 Alastor,

154 483 385 535 Stabant
412 490 538 537 ante
564 486 710 538 fores
728 488 930 555 juncti,
957 506 1279 560 saevumque
1306 494 1611 547 fremebant

154 566 406 619 Crastina
430 574 673 621 venturae
702 577 1021 638 spectantes
1049 576 1246 640 gaudia
1270 578 1495 644 praedae.

1860 495 1968 548 285

150 714 318 753 armenti
350 715 587 765 Inferoram,
620 722 659 756 et
690 718 853 760 Alastor
884 722 1036 762 inustas
1060 723 1231 762 cauterio
1261 724 1459 772 Platonis,
1491 725 1623 774 juncti
1652 730 1762 766 erant
1787 730 1878 767 ante
1898 725 1965 777 ,ἰα-

148 779 279 819 nuam,
298 772 335 807 et
341 768 531 815 furebant
548 770 782 826 immaniter,
800 779 1047 826 expectantes
1059 775 1241 816 laetitiam
1256 778 1468 818 crastinam
1486 784 1622 830 raptus
1632 779 1779 828 saturi.

916 881 1035 896 “O“
1043 881 1208 896 ‘O‘N‘O

148 940 284 992 nisque
303 941 370 982 ed.
388 943 533 984 Parm.
552 949 597 984 et
618 945 897 988 Vicet.-283
929 950 1098 992 Naheus
1117 950 1197 990 inc.
1219 950 1369 990 Heius.
1412 951 1567 990 Meteus
1581 952 1681 990 Vat.
1704 956 1843 1003 quart.
1879 953 1968 991 Mo-

148 997 233 1033 teas
253 995 373 1034 Med.
398 1008 463 1046 pr.
506 999 684 1038 Mitheus
703 1005 790 1040 tres
810 1003 928 1042 Vatt.
949 1003 1042 1042 Pal.
1087 1004 1268 1043 Motheus
1287 1005 1474 1043 Florent.
1510 1004 1627 1044 Med.
1648 1011 1787 1056 quart.
1814 1005 1966 1046 Heius.

148 1046 205 1089 H.
225 1047 378 1089 Petav.
399 1062 485 1089 sec.
515 1051 634 1091 Voss.
669 1064 734 1103 pr.
771 1055 912 1094 Oxou.
942 1068 1026 1096 sec.
1056 1057 1161 1096 Exc.
1181 1056 1337 1096 Petav.
1372 1062 1510 1108 quart.
1567 1058 1739 1096 Retheus
1755 1058 1857 1100 Jun.
1878 1070 1962 1098 sec.

147 1103 187 1140 et
206 1101 359 1141 Rectius
377 1114 432 1143 m.
450 1115 535 1142 sec.
566 1104 737 1144 Richeus
755 1107 892 1146 chart.
915 1107 1061 1148 Heius.
1095 1109 1262 1148 Riechus
1279 1109 1378 1150 Jun.
1395 1122 1459 1161 pr.
1507 1111 1682 1162 Nycteus
1701 1110 1768 1150 vel
1787 1111 1968 1150 Mortuus

97 1185 104 1191 .
145 1153 314 1195 Thalos.
337 1154 481 1196 Ambr.
501 1162 735 1198 tert—284
746 1160 949 1211 vitisque
968 1162 1073 1200 notis
1089 1162 1188 1201 Vat.
1205 1163 1347 1213 quint.
1374 1163 1559 1211 dignatus
1580 1164 1719 1203 Oxou.
1740 1175 1824 1203 sec.
1856 1164 1970 1203 Oles·

145 1210 209 1244 ter
227 1207 393 1249 Bonon.
426 1210 584 1250 Olaster
602 1213 714 1251 Exc.
731 1212 887 1252 Petav.
919 1219 1057 1265 quart.
1105 1213 1262 1254 Atester
1279 1216 1381 1255 Jun.
1401 1227 1464 1265 pr.
1486 1229 1542 1254 m.
1563 1228 1647 1256 sec.
1692 1217 1848 1255 Alea-ter
1865 1215 1968 1262 Jun-

145 1271 230 1299 sec.
253 1268 299 1299 et
317 1273 380 1311 pr.
400 1275 457 1301 m.
478 1276 542 1312 pr.
570 1263 712 1303 Alater
732 1264 833 1304 Vat.
853 1277 938 1305 sec.
977 1268 1149 1306 Adaster
1168 1268 1302 1306 chart.
1323 1267 1471 1307 Heius.
1511 1269 1668 1307 Alaster
1687 1268 1770 1308 duo
1788 1269 1905 1308 Vatt.
1922 1274 1969 1307 et

147 1311 190 1351 d.
212 1312 307 1352 Pal.
328 1314 435 1353 Cod.
466 1317 704 1356 Bartholin.
738 1318 930 1357 Florent.
953 1319 1036 1357 duo
1053 1319 1171 1358 Med.
1192 1319 1294 1358 Pnt.
1318 1319 1428 1367 Reg.
1450 1320 1533 1359 duo
1563 1321 1686 1359 Voss.
1719 1321 1802 1360 duo
1825 1320 1966 1360 Oxou.

145 1370 233 1405 tres
250 1366 403 1407 Petav.
434 1367 502 1407 ed.
537 1367 681 1407 Parm.
713 1374 758 1407 et
777 1369 1053 1409 Vicet.—-285
1082 1371 1205 1409 cincti
1241 1371 1344 1411 Cod.
1375 1372 1613 1412 Bartholin.
1660 1375 1786 1411 cuncti
1815 1373 1969 1413 Petav.

143 1422 369 1459 sem—286
389 1424 590 1471 sperantes
608 1422 708 1460 Vat.
733 1422 868 1472 quint.
890 1423 1057 1462 Bonon.
1086 1427 1351 1473 eoespectantes
1367 1422 1521 1463 Petav.
1542 1436 1625 1464 sec.
1653 1429 1867 1475 spectantes
1881 1437 1970 1464 ven·

145 1475 247 1511 turoe
273 1474 397 1512 Voss.
419 1485 482 1523 pr.
539 1477 756 1524 spectantes
784 1476 851 1514 vel
883 1480 1080 1526 sperantes
1108 1476 1294 1516 chartac.
1317 1476 1466 1515 Heins.
1495 1477 1567 1528 qui
1597 1478 1879 1528 ascripserat:
1911 1478 1970 1517 sic

143 1525 315 1564 Tacitus
309 1538 474 1617 Msaepe.
504 1526 600 1565 vide
627 1526 836 1566 Rhodium
868 1528 922 1566 ad
954 1528 1152 1579 Compos,
1184 1539 1262 1569 xx,
1292 1529 1504 1568 Scribonii
1531 1530 1672 1580 Largi.
1696 1532 1861 1581 proemia
1890 1542 1966 1581 pro

140 1577 290 1628 gaudia
360 1584 467 1619 oret.
488 1591 552 1630 pr.
2027 1584 2033 1588 '

963 1673 1139 1715 NOTAE

141 1767 205 1808 les
240 1767 353 1808 haud
390 1768 656 1820 ignotissima
685 1769 926 1821 Nymphas,
956 1770 1022 1808 Ex

141 1829 390 1871 Acheronte
421 1843 496 1871 suo
531 1830 667 1871 furvis
699 1831 918 1883 peperisse
944 1830 1022 1871 sub

142 1892 297 1933 undis!

197 1956 373 2008 Micans]
389 1958 533 2009 Equus
555 1956 712 1996 dicitur
731 1957 907 2007 micare,
927 1968 1023 1996 cum

141 2023 261 2058 motu
297 2019 427 2059 celeri
455 2019 584 2070 jubas
616 2024 663 2058 et
699 2024 838 2058 totum
869 2030 1024 2070 corpus

144 2081 327 2122 excutit.

195 2145 362 2196 AEthon]
391 2145 507 2197 Αἵθω,
524 2146 656 2192 ardeo,
683 2144 796 2197 quod
814 2144 872 2184 sit
890 2156 1025 2197 equus

144 2206 316 2257 ardens,
336 2218 476 2246 urens.

197 2272 276 2308 283
308 2269 503 2320 Nycteus]
541 2266 721 2319 Νύκτιος,
736 2280 856 2318 equus
871 2273 1022 2307 noctur-

140 2344 226 2372 nas.

196 2398 278 2436 284
321 2393 499 2444 Alastor]
551 2391 769 2444 Ἀλάστωρ,
803 2393 919 2442 attor,
950 2391 1022 2444 qui

143 2459 268 2512 punit
296 2457 475 2507 nefaria,
503 2461 548 2496 et
581 2454 752 2504 ἄλαστα,
778 2467 853 2494 mm
871 2454 1023 2493 oblivis-

141 2522 277 2570 cenda,
312 2532 408 2571 quae
438 2531 523 2558 non
543 2518 702 2558 debent
725 2519 891 2566 latere;
931 2524 1024 2556 λαν·

142 2584 286 2635 θάνειν,
304 2588 450 2637 ,lat-ere.-
481 2584 551 2623 vel
569 2582 742 2623 Alastor
760 2583 918 2622 dicitur
948 2581 1024 2621 ἀπὸ

81 2644 83 2646 ’
143 2649 215 2689 τοῦ
244 2647 428 2714 ᾰλᾷσθαι,
444 2655 588 2687 errare.
643 2645 928 2699 Apollodorus
951 2644 1024 2685 de-

1091 1768 1213 1808 ducit
1247 1767 1323 1807 ἆπὸ
1350 1769 1420 1808 τοῦ
1447 1768 1607 1816 ἆλιτεΐν,
1635 1769 1748 1820 quod
1769 1775 1850 1819 est,
1882 1770 1893 1792 ‘
1915 1781 1967 1810 ea

1090 1843 1287 1883 peccare,
1323 1844 1418 1883 quae
1438 1843 1518 1871 nec
1548 1843 1669 1883 aquae
1704 1831 1970 1883 aspersione,

1089 1906 1228 1946 neque
1249 1894 1414 1932 dierum
1443 1906 1617 1933 numero
1649 1894 1741 1932 tolli
1770 1900 1962 1947 queunt:

1092 1959 1140 1995 ut
1175 1955 1350 1995 Alastor
1386 1956 1663 2006 intelligatur,
1694 1957 1810 2006 cujus
1839 1957 1966 1996 animi

1091 2018 1209 2058 labes
1230 2030 1309 2057 nec
1328 2018 1613 2057 diuturnitate
1630 2031 1966 2068 vanescere‚nec

1093 2080 1404 2132 expiationibus
1423 2081 1519 2119 ullis
1539 2080 1621 2120 elui
1643 2082 1812 2131 potest.'
1857 2081 1965 2120 Par-

1093 2144 1272 2183 thasius.

1148 2206 1256 2245 Nota
1273 2205 1471 2256 signatas]
1497 2204 1653 2243 Pecori
1681 2207 1802 2243 notas
1829 2203 1969 2249 inure-

1091 2280 1138 2306 re
1171 2272 1339 2306 veteres
1369 2266 1591 2305 solebant:
1622 2265 1794 2305 Alastor
1821 2273 1964 2307 autem

1090 2334 1259 2368 notatus
1279 2334 1372 2368 erat
1401 2330 1524 2368 litera
1544 2333 1597 2379 11,
1615 2339 1712 2380 quae
1736 2328 1965 2368 Plutonem

1080 2391 1316 2443 significat.

1143 2458 1223 2494 286
1251 2452 1496 2504 Spectantes]
1540 2451 1593 2491 Id
1622 2456 1706 2502 est,
1737 2455 1966 2501 expectan-

1091 2523 1181 2557 tes:
1212 2516 1393 2568 simplex
1427 2527 1506 2566 pro
1525 2514 1761 2565 composito
1793 2524 1966 2565 usurpa-

1092 2586 1178 2633 tur,
1198 2579 1327 2633 idque
1345 2578 1549 2620 factitant
1568 2582 1765 2617 auctores
1782 2575 1896 2619 boni.
