2300 3906
145 1988 379 2043 φερόμενος,
414 1991 465 2043 τῇ
496 1988 600 2040 χίονι
632 1990 822 2041 ἐμπεσὼν,
850 1992 1033 2032 καταδυό-

461 189 541 227 nn
581 190 784 232 astru
827 194 1121 236 Paosmu‘.
1162 198 1283 240 ma.
1322 200 1388 240 11.
1429 203 1701 246 ramur.
1867 194 1975 248 939

163 300 349 354 Solvis
373 300 707 358 Amazonios
735 309 962 373 cinctuS,
990 312 1406 381 Stymphalidas
1432 334 1565 372 arcu

234 384 505 452 Appetis;
546 390 779 442 occiduo
801 392 955 445 ducis
979 397 1048 446 ab
1068 398 1197 450 orbe
1223 416 1443 466 greges:

163 466 578 537 Tergcniinique
604 471 759 524 ducis
781 491 1099 529 numerosos
1124 481 1320 547 dejicis
1345 491 1510 550 artua,

234 550 306 603 Et
328 555 490 604 toties
516 571 622 607 uno
649 558 820 610 victor
842 562 912 610 ab
934 561 1088 612 hoste
1113 565 1275 616 redis.
1904 574 1977 626 40

161 633 295 686 Non
314 637 512 713 cadere
533 637 755 704 Antaeo,
778 660 884 695 non
906 661 1150 697 crescere
1176 649 1379 714 profuit
1403 651 1591 720 hydrae
1615 672 1628 707 :

235 717 368 772 Non
393 736 608 774 cervam
630 725 884 778 volucres
909 730 1149 795 eripuere
1169 731 1358 798 pedeS.

160 893 236 944 gion
254 895 363 934 aper,
389 883 505 923 honos
522 888 663 950 montis
692 891 952 942 Erymanthi.-
981 900 1025 933 tn
1058 896 1232 936 detrahis
1251 897 1416 938 balteum
1444 899 1694 951 Amazonum,
1723 905 1770 941 tu
1805 902 1974 953 percutis

149 937 283 984 jaculo
303 948 402 998 aves
423 938 740 1002 Stymphalidas.-
768 948 810 982 tu
830 947 988 985 adducis
1006 948 1116 987 bores
1148 962 1197 989 ex
1229 954 1334 990 terra
1356 952 1578 992 Occidentis
1586 967 1600 999 ,·
1629 958 1667 993 et
1695 956 1875 993 deturbas
1893 967 1976 995 cor-

157 999 236 1039 pus
245 990 451 1052 multaplea·
470 991 592 1041 Regis
607 998 845 1046 tricorporis,
860 1002 898 1036 et
916 1001 1040 1039 victor
1054 1003 1258 1041 reverteris
1276 1004 1391 1043 toties
1408 1005 1455 1044 ab
1474 1018 1547 1049 uno
1565 1008 1683 1047 hosce.
1741 1008 1814 1046 Nil
1823 1007 1976 1058 profuit

162 1039 305 1081 Antoeo
319 1044 420 1083 volvz
441 1056 483 1083 m
501 1051 673 1098 terram,
694 1049 752 1088 nil
767 1049 928 1101 profuit
948 1052 1081 1105 hydroe
1098 1067 1287 1103 cresc-erm
1303 1070 1378 1096 non
1394 1060 1510 1108 pedes
1526 1061 1665 1099 celeres
1677 1061 1849 1100 ademere
1870 1061 1978 1100 Her·

924 1158 969 1172 ‘O
975 1158 1068 1174 ‘00‘
1073 1160 1137 1174 OOC
1145 1161 1215 1175 00&

159 1215 581 1277 Stymphalon.'—87
609 1219 738 1261 Salvis
757 1221 867 1274 Reg.
904 1224 1056 1267 Petav.
1077 1239 1140 1277 pr.
1161 1240 1216 1268 m.
1236 1241 1320 1270 sec.
1353 1230 1524 1272 Tholos.
1554 1245 1611 1272 m.
1645 1245 1710 1284 pr.
1742 1232 1845 1272 Cod.
1865 1234 1972 1272 Bar-

161 1268 310 1330 tholm.
340 1268 454 1308 Solus
486 1276 574 1331 tres
606 1273 726 1314 Vatt.
762 1282 806 1315 et
838 1276 878 1316 d.
898 1277 993 1316 Pal.
1013 1279 1114 1319 Jun.
1146 1293 1210 1332 pr.
1251 1282 1335 1321 duo
1368 1285 1492 1325 Voss.
1525 1285 1663 1325 Oxon.
1692 1298 1755 1336 pr.
1790 1286 1975 1326 chartae.

157 1318 311 1382 Issems.
345 1322 578 1361 Amazonam
603 1325 771 1366 Bonon.
801 1330 1033 1370 Amazonios
1060 1332 1248 1372 Florent.
1286 1334 1370 1374 duo
1403 1337 1523 1375 Med.
1555 1338 1705 1377 Heius.
1738 1338 1794 1376 H.
1831 1339 1975 1378 etinc.

161 1374 296 1436 ejusd.
320 1374 416 1414 Put.
446 1376 552 1426 Reg.
583 1376 751 1419 Tholos.
771 1380 933 1421 Moret.
952 1394 1019 1432 pr.
1047 1384 1130 1422 duo
1150 1384 1302 1426 Petav.
1322 1393 1367 1426 et
1393 1389 1500 1428 Exc.
1518 1389 1668 1429 PetaV.
1689 1395 1828 1441 quart.
1856 1391 1979 1430 Amu-

157 1439 271 1467 zomo
291 1427 375 1466 duo
394 1429 516 1468 Vatt.
533 1429 618 1468 duo
636 1431 756 1471 Voss.
775 1433 959 1474 chartac.
981 1435 1127 1484 Heius.
1148 1438 1217 1477 ed.
1238 1439 1381 1478 Vicet.
1412 1438 1700 1492 Stymphalides
1717 1443 1816 1480 Vat.
1839 1448 1978 1493 quart.

159 1478 320 1520 Moret.
342 1493 403 1541 pr.
422 1481 506 1520 dno
524 1481 624 1542 Jun.
654 1484 933 1544 Stimphalides
950 1488 1054 1538 Reg.
1077 1488 1216 1530 Oxon.
1257 1503 1320 1541 pr.
1351 1492 1617 1543 Stiphaleidus
1632 1494 1781 1534 Petav.
1802 1498 1975 1545 pia—39

157 1545 356 1573 numerosi
386 1534 483 1573 Vat.
523 1541 658 1585 quint.
686 1548 876 1577 tumen-308
911 1539 1064 1580 Petav.
1101 1553 1186 1581 sec.
1213 1543 1364 1591 disjicis
1381 1547 1629 1596 conjecerat
1659 1547 1874 1596 Heinsius,
1900 1547 1976 1586 sed

147 1591 312 1637 ..postea
343 1585 518 1626 delevit.
546 1599 659 1627 arcus
677 1589 834 1630 Petav.
874 1603 960 1631 sec.
987 1604 1327 1635 nervosas...arcus
1347 1598 1468 1636 Voss.
1500 1602 1667 1647 pn—‹lo
1695 1599 1844 1649 quoties
1879 1599 1975 1640 Pal.

159 1638 246 1678 duo
268 1639 386 1679 Med.
403 1640 558 1701 J’etav.
576 1647 676 1681 tert.
696 1643 801 1682 Exc.
823 1644 979 1685 Petav.
999 1652 1140 1697 quart.
1170 1648 1274 1687 victo
1295 1661 1373 1699 pro
1405 1662 1479 1688 uno
1495 1652 1750 1701 Vat.=quint.
1769 1652 1890 1690 Voss.
1911 1662 1974 1702 pr.

158 1691 209 1731 ab
223 1692 431 1741 orberedzs
446 1693 610 1754 Μυῖα.
640 1700 815 1745 pre-41
846 1699 975 1737 eudem
996 1710 1074 1749 pro
1092 1701 1227 1740 cadere
1247 1701 1340 1741 Pal.
1368 1715 1437 1742 nec
1454 1715 1620 1742 crescere
1636 1705 1759 1743 Voss.
1790 1716 1854 1754 pr.
1872 1704 1975 1744 Jun.

160 1756 249 1785 sec.
269 1746 370 1785 Vat.
386 1750 632 1798 quint.-42
663 1747 754 1787 Non
780 1761 932 1789 cervam
952 1751 1075 1791 Voss.
1097 1764 1160 1803 pr.
1198 1755 1282 1793 Nec
1314 1755 1411 1795 Vat.
1431 1767 1494 1805 pr.
1524 1768 1676 1795 cervum
1695 1757 1799 1807 Reg.
1820 1757 1974 1795 Petav.

158 1809 248 1838 nec.
267 1797 444 1840 Tholos.
465 1800 607 1840 Oxou.
627 1812 712 1842 sec.
728 1802 896 1843 Nessum
910 1803 1074 1845 Bonon.
1089 1806 1211 1846 Voss.
1230 1818 1296 1858 pr.
1316 1807 1398 1847 inc.
1419 1807 1570 1848 Heius.
1586 1810 1686 1849 Var.
1700 1809 1785 1850 LL.
1800 1821 1824 1848 e
1841 1820 1975 1861 marg.

981 1913 1157 1954 No'rAE

1104 1993 1216 2034 diam
1254 1994 1382 2034 trium
1414 1993 1592 2035 fratrum
1623 1995 1694 2047 qui
1722 2006 1803 2034 uno
1837 1994 1976 2034 animo

1103 2055 1197 2106 regi
1217 2055 1467 2096 videbantur
1488 2070 1498 2105 ;
1528 2058 1595 2096 vel
1616 2058 1669 2096 ad
1696 2063 1784 2096 tres
1820 2057 1976 2095 insulas

1104 2117 1342 2168 Hispaniae,
1373 2119 1521 2170 quibus
1540 2119 1683 2170 Geryo
1703 2124 1900 2170 praeerat,
1933 2124 1979 2158 et

156 2051 272 2104 μενός
300 2068 346 2092 τε
376 2053 440 2092 καὶ
470 2052 679 2104 περιπαίων
706 2052 934 2094 &atem-aa:
965 2056 1039 2097 Ille

159 2116 372 2164 Hercules
403 2117 542 2154 multos
572 2116 719 2167 lapides
748 2117 908 2167 desuper
946 2117 1038 2164 inji-

157 2177 285 2221 ciebat
300 2192 318 2228 ,·
344 2180 476 2230 itaque
507 2191 572 2218 sus
589 2179 775 2218 irritatus
804 2179 972 2229 exsiliit,
999 2184 1039 2218 et

150 2241 293 2291 furore
306 2253 494 2293 proeceps,
512 2240 555 2279 in
574 2241 702 2279 nivem
719 2241 874 2291 incidit,
890 2253 936 2280 ac
954 2241 1040 2280 sub·

157 2318 306 2346 mersus
323 2305 616 2355 impingensque
630 2304 797 2354 capitur.

213 2372 265 2408 3⁷
296 2366 427 2407 solvis
438 2365 670 2406 Amazonios
687 2365 856 2416 cinctus]
891 2364 1039 2404 Vincis

158 2431 414 2478 Amazonas,
445 2434 490 2468 et
509 2440 652 2468 earum
674 2427 850 2478 Reginae
871 2426 1038 2479 Hippo-

159 2494 261 2546 lytae
279 2491 467 2532 detrahis
486 2490 691 2530 balteum.

162 2591 164 2594 Α
213 2553 526 2607 Stymphalidas]
554 2551 830 2604 Stymphalus
866 2557 933 2592 est
964 2564 1037 2604 op-

158 2618 324 2671 pidum,
356 2616 470 2667 fons,
507 2621 552 2656 et
585 2617 706 2667 palus
739 2614 957 2664 Arcadiae,
991 2615 1036 2653 in

160 2696 246 2736 qua
266 2694 368 2723 aves
401 2686 525 2721 erant
550 2680 678 2720 dictae
706 2678 1036 2731 Stymphalides,

155 2747 237 2790 ,alis
254 2747 386 2786 solem
405 2745 698 2792 obscurantes,
730 2748 774 2781 et
802 2753 932 2781 carne
963 2741 1036 2780 hu-

159 2822 290 2851 mana
315 2815 566 2849 vescentes:
597 2808 672 2847 has
705 2805 892 2846 extinxit
923 2806 1035 2846 Her-

126 2886 130 2888 *
161 2873 292 2923 cules,
322 2877 396 2910 aut
415 2869 583 2921 fugavit
600 2869 765 2908 crotalo
785 2879 860 2907 seu
887 2867 1036 2908 tabula

162 2946 299 2986 aenea,
332 2946 458 2986 quam
485 2945 510 2971 a
530 2932 725 2971 Vulcano
756 2929 917 2971 factam
951 2928 1035 2982 ipsi

161 2996 363 3038 Minerva
383 2995 580 3035 dederat.

213 3062 268 3101 38
313 3057 499 3110 Appetis]
551 3056 777 3106 Vulneras,
821 3054 1034 3106 percutis:

159 3122 173 3146 ¹
198 3121 314 3163 ferro
334 3120 527 3162 coelestia
547 3129 730 3170 corpora
748 3117 921 3157 demens
948 3116 1033 3167 Ap-

159 3184 296 3237 petii,’
317 3184 363 3224 id
382 3187 464 3235 est,
495 3180 728 3222 vulneravi.
758 3179 964 3231 Virgilius
982 3179 1038 3218 de

160 3247 389 3289 Diomede.

218 3308 391 3360 Greges]
433 3307 644 3348 Armenta
661 3305 874 3358 Geryonis
892 3304 1040 3346 tricor·

165 3373 294 3428 poris,
328 3372 375 3414 id
412 3370 530 3426 quod
561 3369 749 3413 refertur
781 3368 837 3410 ad
866 3379 1041 3416 coneor-

1105 2178 1149 2217 in
1180 2179 1330 2231 quibus
1381 2180 1620 2220 innumeros
1650 2182 1779 2220 boves
1821 2181 1977 2232 alebat,

1107 2253 1201 2292 quae
1223 2248 1312 2280 tum
1331 2242 1430 2281 solae
1448 2255 1551 2293 opes
1571 2243 1852 2282 habebantur.

1159 2305 1210 2342 41
1242 2303 1334 2341 Non
1350 2305 1486 2342 cadere
1503 2303 1662 2354 Antaeo]
1709 2302 1887 2343 Antaeus
1917 2304 1978 2355 gi-

1106 2378 1181 2417 gas
1200 2366 1394 2417 Neptuni
1414 2372 1459 2406 et
1476 2366 1617 2406 Terrae
1636 2366 1765 2416 filius,
1785 2368 1978 2419 sexagin-

1105 2435 1151 2469 ta
1185 2429 1340 2470 cubitis
1376 2429 1420 2468 in
1455 2429 1593 2480 Libya
1628 2429 1830 2480 adolevit,
1877 2443 1975 2470 cum

1108 2491 1295 2531 Hercule
1315 2492 1549 2542 pugnabat,
1575 2496 1620 2531 et
1639 2492 1857 2532 exhaustis
1877 2491 1976 2531 viri-

1100 2554 1197 2605 bus,
1217 2554 1261 2593 in
1279 2555 1458 2594 Terram
1478 2559 1655 2594 matrem
1677 2555 1874 2605 cadebat,
1893 2560 1979 2595 sta-

1103 2618 1263 2669 timqne
1295 2617 1403 2656 vires
1435 2616 1688 2667 reparabat:
1720 2616 1761 2655 id
1791 2616 1976 2656 animad-

1104 2680 1233 2720 vertit
1264 2679 1490 2729 Hercules,
1524 2679 1821 2732 gigantemque
1842 2680 1884 2718 iu
1906 2678 1975 2719 ae-

1102 2755 1194 2783 rem
1219 2743 1449 2792 sublatum,
1479 2748 1523 2781 et
1543 2755 1618 2781 suo
1638 2743 1801 2793 pectori
1826 2741 1976 2782 astric-

1103 2812 1194 2847 tum
1214 2806 1427 2857 oppressit
1446 2813 1572 2856 atque
1589 2803 1823 2845 suffocavit.

1157 2870 1249 2909 Non
1266 2880 1432 2908 crescere
1446 2867 1598 2919 profuit
1624 2868 1777 2919 hydras]
1823 2866 1977 2918 Hydra

1101 2935 1335 2971 monstrum
1378 2935 1473 2970 erat
1519 2931 1669 2970 Lernae
1712 2929 1897 2980 paludis,
1932 2930 1978 2970 in

1103 3005 1206 3045 agro
1239 2991 1434 3044 Argivo;
1480 2991 1580 3031 huic
1618 2991 1850 3042 nonaginta
1903 2994 1978 3030 aut

1102 3056 1414 3109 quinquaginta
1447 3059 1570 3094 erant
1598 3052 1765 3104 capita;
1803 3057 1849 3091 et
1878 3063 1976 3091 cum

1103 3129 1234 3159 unum
1251 3121 1516 3169 amputatum
1534 3115 1662 3162 foret,
1694 3115 1777 3154 duo
1797 3113 1975 3165 pullula·

1104 3181 1238 3230 bant;
1257 3185 1303 3220 at
1322 3179 1531 3219 Hercules
1550 3181 1681 3228 caput
1697 3175 1876 3215 recisum
1891 3178 1976 3214 sta-

1106 3244 1184 3285 tim
1210 3242 1434 3294 exurebat‚
1473 3241 1619 3292 sicque
1649 3237 1803 3277 bellum
1829 3233 1973 3276 confe-

1103 3308 1179 3351 cit.
1487 3317 1495 3326 ·

1156 3371 1210 3413 42
1241 3366 1425 3427 Cervam]
1476 3361 1736 3423 AEripedem,
1766 3363 1813 3405 et
1847 3357 1971 3416 (lim
