2300 3906
338 185 451 242 686
883 203 977 240 οι..
1026 186 1375 239 chauonim
1425 189 1611 239 xxiv.
1679 184 1685 188 '

343 317 577 372 Sustulit
601 318 656 370 in
679 317 846 386 Tyria
870 310 1177 384 reptantem
1202 305 1357 369 veste
1382 302 1665 385 nepotem:

344 398 638 471 Romaque
663 403 871 454 venturi
898 401 1174 468 gaudebat
1198 403 1439 469 praescia
1461 402 1579 465 fati,
2063 399 2169 452 180

345 486 510 551 Quod
539 492 590 539 te
610 487 728 555 jam
757 494 905 539 tanto
930 486 1216 537 meruisset
1243 486 1469 552 pignore
1498 486 1692 537 civem.

344 570 473 624 Nec
499 575 677 623 tamen
698 571 990 638 ingratum,
1015 586 1117 621 nec
1145 570 1242 637 qui
1268 568 1554 620 benefacta
1578 567 1777 620 referre

345 654 604 718 Nesciat,
626 656 772 707 hunc
799 654 994 706 credas
1021 653 1304 722 populum.
1382 651 1443 703 Si
1470 652 1689 704 volvere
1714 651 1930 720 priscos

341 737 586 792 Annales
611 741 802 803 libeat,
830 739 1046 807 quoties
1071 738 1162 790 hic
1188 738 1383 806 praelia
1407 738 1599 789 sumsit

344 822 458 876 Pro
484 825 677 887 sociis,
703 824 917 891 quoties
941 823 1082 874 dono
1107 823 1380 875 concessit
1403 822 1600 872 amicis
2065 816 2173 872 185

343 906 594 974 Regibus
620 906 871 958 Ausonio
895 908 1163 974 quaesitas
1182 907 1449 973 sanguine
1472 904 1671 957 terras!

344 989 583 1042 Publica
609 990 705 1041 sed
729 1005 1008 1057 nunquam
1034 993 1190 1041 tanto
1215 1006 1275 1040 se
1303 990 1479 1055 gratia
1503 987 1648 1040 fudit

343 1071 609 1126 Assensu.
688 1071 832 1136 Quis
858 1075 999 1129 enim
1028 1073 1292 1142 Princeps
1315 1089 1422 1125 non
1449 1073 1708 1125 omnibus
1733 1072 1842 1139 egit

346 1156 666 1226 ObsequiiS‚
693 1157 976 1209 dominum
993 1174 1123 1209 sese
1149 1162 1472 1225 patremque
1498 1156 1708 1219 vocari,

346 1240 513 1305 Quod
539 1243 641 1294 tibi
673 1242 954 1293 continuis
979 1246 1232 1293 resonant
1257 1257 1511 1293 convexa
1537 1241 1732 1292 diebus
1752 1242 1776 1291 ’ἒ
2068 1239 2175 1292 190

343 1370 411 1409 sed
431 1369 496 1409 ille
509 1370 684 1419 gaudens
710 1367 856 1408 extulit
885 1372 1062 1419 nepotem
1097 1368 1350 1407 Eucherium
1386 1372 1544 1420 repente
1578 1369 1620 1408 in
1646 1368 1874 1407 vestimento
1889 1379 2109 1418 purpureo5
2137 1371 2177 1407 et

346 1417 472 1462 Roma
501 1434 743 1474 proenoscens
766 1421 901 1470 fatum
932 1421 1026 1472 ejus
1047 1421 1235 1468 saturum
1253 1422 1476 1470 laetabotur,
1500 1424 1603 1473 quod
1623 1422 1710 1471 jam
1721 1422 1996 1472 promeruisset
2013 1421 2175 1461 habere

341 1479 383 1516 te
417 1476 538 1515 cit-em
553 1475 719 1527 pignore
738 1479 859 1514 tanto.
911 1475 1046 1525 Neque
1063 1478 1190 1513 tamen
1208 1479 1320 1526 putes
1342 1476 1440 1514 hanc
1456 1479 1613 1524 gentem
1633 1487 1724 1513 esse
1743 1475 1960 1523 ingratam,
1985 1487 2055 1514 nee
2068 1486 2179 1526 eam,

346 1542 432 1579 qua>
469 1529 623 1578 ignoret
660 1530 868 1579 rependere
905 1527 1102 1579 beneficia.
1146 1527 1196 1566 Si
1234 1529 1348 1576 juvet
1394 1529 1521 1577 legere
1574 1528 1758 1566 historias
1801 1527 1997 1578 antiquos,
2032 1528 2179 1578 quoties

345 1583 427 1621 laec
457 1581 596 1620 Roma
627 1584 798 1631 suscepit
835 1581 931 1620 bella
965 1592 1039 1630 pro
1072 1581 1223 1627 amicis,
1251 1581 1402 1631 quoties
1433 1581 1542 1620 dedit
1578 1593 1650 1631 pro
1684 1593 1838 1619 niunere
1872 1580 2030 1630 regibus
2051 1579 2178 1629 foede·

344 1636 444 1675 rotis
478 1634 699 1685 provincias
740 1637 876 1685 partas
925 1646 1060 1672 eruore
1096 1632 1305 1673 Romarm?
1360 1633 1417 1673 At
1452 1634 1710 1673 benevolentia
1743 1635 1943 1684 popularis
1981 1646 2177 1685 nunqnam

344 1687 492 1738 effudit
525 1700 606 1726 sese
639 1691 753 1726 tantu
799 1687 1055 1737 consensione,
1098 1693 1259 1737 quanta
1292 1699 1372 1738 pro
1413 1693 1470 1732 te.
1529 1687 1688 1726 Etenim
1721 1688 1852 1738 ecquis
1884 1688 2071 1739 Princeps
2104 1699 2180 1727 non

344 1742 493 1795 efficere
520 1741 688 1780 tentavit
724 1740 860 1792 offic-lis
893 1740 1056 1791 cunctis,
1100 1744 1143 1778 ut
1187 1741 1452 1791 appellaretur
1498 1741 1692 1781 Dominus
1737 1745 1774 1780 et
1816 1741 1950 1794 Pater,
1995 1754 2066 1793 qno
2102 1747 2178 1781 tuo

1116 1834 1411 1849 eeeeeeeeeee

345 1888 508 1928 Mazar.
537 1888 637 1927 hunc
656 1888 824 1926 Bonon.
847 1886 931 1926 duo
953 1885 1105 1926 Ambr.
1134 1887 1207 1926 hue
1234 1886 1368 1928 Oisel.
1390 1900 1444 1929 m.
1465 1900 1551 1928 sec.
1569 1888 1861 1928 Thuan.—181
1898 1888 1998 1934 Qnoe
2015 1888 2180 1931 Mazar.

348 1941 507 1981 Mon-et.
540 1954 605 1992 pr.
645 1941 768 1980 Med.
805 1945 906 1979 tert.
951 1953 1027 1979 non
1059 1944 1170 1979 tanto
1207 1941 1368 1981 Mazar.
1414 1945 1498 1981 toto
1528 1942 1649 1982 Rott.
1678 1941 1829 1982 Ambr.
1863 1955 1927 1993 pr.
1971 1946 2080 1981 tanto
2096 1941 2180 1981 duo

348 1994 498 2034 Leidd.
521 2001 565 2033 et
586 1994 763 2045 triginta
793 1991 886 2033 fere
907 1993 993 2043 alii,
1011 1995 1115 2032 Exc.
1152 1994 1280 2041 Laeti,
1314 1995 1494 2034 Gevart.
1524 1996 1696 2036 Schott.
1717 2002 1763 2036 et
1785 1996 1967 2035 Lucens.
1988 2008 2053 2047 pr.
2076 1994 2178 2036 Ald.

347 2054 392 2087 et
406 2048 508 2087 Var.
529 2047 612 2086 LL.
633 2047 703 2085 ed.
723 2046 855 2086 Antv.
903 2051 1013 2086 tanto
1044 2048 1113 2085 vel
1134 2051 1214 2084 coto
1248 2046 1393 2087 Oxon.
1408 2061 1493 2088 sec.
1542 2054 1696 2100 pectore
1715 2049 1784 2089 ed.
1807 2050 1949 2089 Parm.
1970 2057 2014 2088 et
2033 2050 2180 2090 Vicet.

348 2099 499 2140 deerat
519 2101 587 2139 hic
609 2113 668 2139 vs.
688 2100 992 2139 Tholos.—IS2
1024 2101 1114 2138 Non
1133 2099 1231 2140 Vat.
1247 2112 1333 2140 sec.
1354 2101 1479 2141 Fam.
1496 2102 1613 2141 Rott.
1630 2102 1749 2142 Med.
1768 2110 1907 2154 quart.
1923 2103 2008 2142 inc.
2027 2102 2180 2143 Heius.

347 2154 452 2194 Pnt.
467 2154 626 2193 Thoan.
642 2154 794 2192 Petav.
814 2158 917 2191 tert.
938 2153 1106 2192 Thoios.
1124 2152 1228 2192 Lov.
1250 2154 1411 2193 Moret.
1445 2167 1508 2205 pr.
1541 2154 1690 2195 Ambr.
1722 2161 1822 2195 tert.
1844 2156 1912 2196 ed.
1934 2157 2075 2196 Vicet.
2120 2155 2183 2195 in-

345 2210 506 2256 gratum
522 2208 588 2245 vel
605 2207 785 2256 ignarum
808 2206 927 2245 Med.
948 2212 1049 2246 tert.
1093 2218 1168 2244 non
1203 2208 1270 2257 qui
1306 2207 1408 2246 Put.
1450 2212 1519 2246 tua
1544 2208 1660 2256 sacta
1691 2204 1791 2248 Vat.
1813 2222 1875 2260 ρι’.
1897 2214 1943 2248 et
1962 2216 2065 2248 tert.
2085 2209 2182 2249 Pal.

349 2260 473 2300 R'ott.
508 2261 641 2299 Oisel.
683 2261 872 2299 Florent.
908 2259 1050 2299 Oxon.
1089 2271 1155 2310 pr.
1187 2259 1270 2299 duo
1301 2260 1423 2300 Med.
1455 2261 1573 2300 Leid.
1595 2274 1660 2312 pr.
1681 2262 1803 2302 Jnnt.
1824 2263 1979 2312 Isingr.
2013 2261 2179 2314 Gryph.

347 2313 547 2361 benefacta
570 2314 636 2351 vel
655 2312 846 2361 tuafocta
858 2312 1120 2352 Fara—183
1149 2315 1291 2352 condas
1304 2313 1456 2353 Petav.
1475 2326 1560 2354 sec.
1576 2316 1680 2354 Var.
1698 2315 1787 2355 LL.
1804 2315 1873 2355 ed.
1891 2314 2022 2355 Antv.
2039 2327 2096 2354 m.
2116 2327 2179 2366 pr.

346 2368 479 2406 credes
497 2366 580 2405 duo
600 2364 750 2405 Ambr.
795 2368 939 2405 solvere
956 2366 1057 2406 Vat.
1077 2369 1351 2417 quarn—184
1379 2368 1494 2406 liceat
1514 2368 1594 2408 inc.
1615 2368 1766 2408 Heius.
1812 2370 1896 2408 hoec
1915 2369 2072 2408 Moret.
2093 2380 2180 2408 sec.

344 2419 434 2458 hinc
453 2419 555 2458 Vat.
576 2425 620 2458 et
644 2419 790 2458 Ambr.
826 2424 929 2458 tert.
949 2420 1056 2458 Exc.
1086 2419 1212 2458 Laeti.
1259 2419 1323 2459 hic
1354 2419 1438 2459 duo
1460 2421 1610 2461 Leidd.
1633 2427 1678 2460 et
1698 2421 1994 2461 novemdecim
2014 2421 2182 2473 scripti,

348 2471 414 2512 ed.
432 2472 577 2512 Parm.
594 2477 639 2511 et
663 2473 766 2512 Exc.
786 2471 1107 2511 Gevart.——186
1134 2472 1346 2512 Ausoniam
1363 2473 1489 2513 Voss.
1508 2487 1564 2513 m.
1581 2487 1642 2525 pr.
1660 2476 1812 2515 Petav.
1827 2487 1910 2514 sec.
1932 2476 2072 2516 Oxon.
2090 2487 2179 2515 sec.

346 2526 490 2577 quaeris
506 2538 584 2576 pro
602 2529 729 2565 terras
747 2526 867 2565 Voss.
885 2538 941 2563 m.
963 2537 1027 2576 pr.
1042 2524 1195 2566 terras?
1212 2538 1309 2565 cum
1328 2526 1622 2578 interrogandi
1639 2533 1757 2578 nota,
1779 2529 2075 2568 Manu—187
2098 2530 2183 2579 glo-

345 2579 410 2618 ria
438 2580 597 2618 Moret.
636 2590 700 2628 pr.
737 2580 841 2618 Vat.
880 2590 966 2618 sec.
1001 2580 1105 2618 Exc.
1135 2578 1305 2619 Schott.
1342 2579 1486 2630 fundit
1507 2581 1608 2621 Vat.
1630 2585 1867 2622 term—188
1895 2595 1971 2621 non
2007 2582 2184 2622 omnious

347 2632 450 2671 Vat.
466 2644 533 2684 pr.
554 2637 600 2671 et
620 2637 718 2671 tert.
741 2632 850 2682 Reg.
871 2632 1005 2672 Oisel.
1029 2634 1189 2671 Bonon.
1208 2633 1377 2673 Tholos.
1417 2634 1487 2673 hoc
1503 2634 1678 2674 omnibus
1690 2635 1775 2675 duo
1795 2635 1945 2676 Leidd.
1960 2635 2096 2676 Oxon.
2116 2647 2183 2688 pr.

347 2684 456 2724 Lov.
478 2687 630 2728 Petav.
647 2697 713 2737 pr.
731 2686 815 2724 dno
831 2684 979 2724 Ambr.
1022 2686 1105 2724 hoec
1119 2687 1217 2725 Vat.
1237 2698 1320 2726 sec.
1357 2687 1427 2725 hoc
1447 2689 1513 2727 vel
1534 2700 1606 2727 non
1623 2689 1724 2728 Vat.
1743 2694 1886 2741 quart.
1931 2690 2026 2729 emit
2048 2689 2181 2741 conji-

348 2737 494 2779 ciebat
511 2739 797 2779 Heins.—189
823 2751 905 2778 sese
917 2739 1114 2778 dominum
1133 2739 1217 2779 duo
1233 2741 1355 2780 Vatt.
1375 2742 1502 2780 Fam.
1538 2741 1655 2782 Prie.
1679 2743 1778 2782 Vat.
1801 2742 1937 2782 Livin.
1983 2742 2183 2783 dominum

345 2804 424 2831 sese
443 2793 564 2832 Leid.
586 2804 652 2844 pr.
671 2792 812 2833 Oxon.
833 2804 897 2844 pr.
917 2793 1109 2832 Florent.
1145 2798 1231 2832 tres
1267 2792 1387 2833 Med.
1420 2795 1524 2846 Reg.
1552 2795 1715 2835 Mazar.
1738 2796 1842 2836 Exc.
1859 2797 2038 2836 Lucens.
2059 2807 2182 2847 pr.—

349 2848 428 2885 190
459 2846 558 2891 Quae
575 2846 659 2887 inc.
680 2846 832 2886 Heius.
866 2843 1053 2886 Florem.
1073 2847 1192 2887 Med.
1225 2852 1327 2887 tert.
1374 2848 1491 2894 Quod
1519 2853 1607 2888 tres
1627 2849 1746 2889 Med.
1768 2850 1869 2890 Put.
1892 2850 2000 2902 Reg.
2016 2850 2180 2890 Thuan.

1182 2939 1357 2981 NOTAE

402 3022 482 3059 180
515 3019 679 3060 Venturi
710 3020 875 3072 praescia
903 3020 1011 3073 fati]
1058 3022 1231 3062 Futurae
1299 3029 1382 3074 est,
1399 3021 1489 3063 filio
1507 3029 1707 3075 suscepto
1723 3023 1765 3063 in
1786 3025 1879 3064 sinu
1897 3038 1990 3076 suo,
2008 3026 2080 3078 qui
2099 3023 2181 3066 ffli-

347 3081 667 3134 magnitudinis,
703 3095 827 3134 qnam
854 3082 988 3123 fatum
1011 3086 1231 3135 promitte·
1298 3098 1346 3125 us
1366 3086 1450 3126 erit
1469 3086 1549 3137 ipsi
1583 3087 1701 3126 velut
1735 3088 1889 3138 pignus
1909 3089 2062 3128 amoris
2079 3101 2182 3142 erga

347 3143 425 3186 bat
443 3145 679 3184 Eucherio:
708 3145 782 3183 sed
804 3146 885 3185 olio
913 3147 995 3188 ista
1014 3147 1230 3199 abierunt,
1297 3149 1409 3189 iliam
1430 3149 1507 3189 tui.

349 3211 398 3248 ut
417 3213 570 3260 postea
583 3208 835 3248 videbimus.
1352 3215 1430 3252 187
1461 3212 1608 3252 Gratia
1615 3211 1751 3265 fudit]
1799 3213 2027 3266 Nunquam
2059 3212 2181 3255 favor

403 3273 481 3310 181
511 3271 634 3310 Tanto
668 3271 853 3323 pignore]
902 3271 1037 3314 Roma
1073 3273 1231 3315 meruit
1297 3274 1517 3326 popularis
1538 3278 1626 3314 tam
1646 3274 1816 3326 enituit,
1838 3288 1963 3328 quam
1984 3288 2081 3316 cum
2110 3290 2182 3318 vo-

347 3333 506 3375 babere
527 3339 571 3376 te
591 3334 747 3388 civem,
782 3339 903 3377 tanto
932 3337 1127 3391 pignore,
1149 3338 1230 3378 hoe
1298 3344 1420 3379 catus
1458 3349 1526 3391 eu,
1564 3338 1776 3391 Dominus,
1806 3344 1847 3379 et
1868 3340 1991 3395 Pater
2018 3340 2178 3393 patriae.
