2300 3906
282 173 393 228 844
818 188 911 225 οι..
950 186 1302 225 anomANi
1345 184 1582 224 xxviii.

279 307 429 359 Haec
456 311 512 359 et
535 307 824 372 belligeros
851 303 1102 355 exercuit
1127 320 1255 355 area
1281 305 1456 357 lusuS.

278 389 538 443 Armatos
562 390 652 441 hic
681 403 834 455 saepe
855 387 1071 448 chorOS,
1099 390 1356 454 certaque
1381 388 1620 455 vagandi

279 473 496 526 Textas
519 475 642 539 lege
668 471 844 537 fugae,
871 471 1308 540 inconfusosque
1334 488 1611 535 recursuS,

281 557 356 610 Et
379 557 635 624 pulchras
663 571 903 606 errorum
930 559 1093 616 arteS‚
1116 555 1473 623 jucundaque
1502 555 1701 608 Martis

278 640 588 702 CernimuS,
616 640 866 691 insonuit
892 656 1018 691 cum
1045 641 1266 691 verbere
1293 641 1450 708 signa
1475 642 1752 707 magister,

283 722 539 775 Mutatos
560 723 726 775 edunt
750 723 955 792 pariter
973 728 1056 775 tot
1076 729 1310 792 pectora
1326 731 1534 776 motus.

2006 641 2115 694 625

278 871 343 898 um
363 860 478 898 Circi
510 861 717 900 celebravit
737 863 841 900 lusus
866 861 1049 901 Martios.
1108 863 1191 902 Hic
1209 875 1309 913 soepe
1339 863 1513 901 videmus
1533 862 1704 902 cohortes
1721 868 1909 911 armatas,
1928 867 1965 901 et
1985 874 2118 901 cursus

275 913 492 961 implicatos
506 920 611 953 certa
629 919 714 953 arte
733 916 928 964 currendi,
961 920 999 953 et
1017 928 1193 955 recursus
1223 917 1440 955 observatos
1459 919 1554 964 rite,
1574 920 1612 955 et
1630 919 1758 956 modos
1775 922 1911 965 gratos
1928 929 2118 965 errorum,

276 969 316 1004 et
332 970 450 1015 grata
469 970 714 1018 spectacula
750 968 901 1007 Martis
915 982 928 1008 .-
964 981 1051 1007 cum
1078 969 1318 1018 gubernator
1346 972 1455 1009 dedit
1484 970 1826 1021 signnmflagetlo,
1846 971 1991 1009 milites
2009 969 2118 1008 exhi-

1052 1084 1348 1099 eeeeeeeeeeee

276 1151 421 1191 Parm.
466 1152 646 1204 Diffudit
685 1154 769 1194 duo
802 1155 953 1195 Leidd.
979 1157 1080 1195 Vat.
1123 1155 1259 1207 quint.
1293 1156 1420 1195 Farn.
1459 1157 1577 1197 Med.
1603 1161 1742 1209 quart.
1762 1157 2117 1197 Petav.sec.duo

278 1206 425 1245 Ambr.
446 1206 548 1246 Lov.
589 1209 745 1247 Moret.
777 1221 862 1248 sec.
893 1211 1016 1248 Voss.
1036 1210 1138 1250 Jun.
1163 1216 1205 1248 et
1234 1210 1376 1249 Oxon.
1412 1222 1475 1260 pr.
1506 1211 1610 1250 Exc.
1643 1211 1823 1250 Gevart.
1847 1210 1944 1249 edd.
1979 1211 2119 1250 Vicet.

277 1259 425 1299 Parm.
447 1260 597 1310 Isingr.
618 1262 739 1302 Junt.
777 1262 1050 1302 colim—621
1082 1263 1183 1301 Haec
1214 1263 1315 1303 Put.
1346 1264 1454 1315 Reg.
1490 1265 1653 1303 Thuan.
1674 1264 1836 1303 Mazar.
1859 1264 2011 1303 Petav.
2034 1276 2119 1302 sec.

277 1313 443 1352 Bonon.
466 1314 754 1354 Pat.Tnolos.
778 1315 925 1356 Ambr.
954 1329 1039 1355 sec.
1077 1317 1218 1355 Oxon.
1259 1329 1322 1366 pr.
1360 1317 1443 1357 duo
1479 1317 1630 1357 Leidd.
1661 1317 1784 1356 ambo
1819 1318 1978 1357 Moret.
2029 1317 2120 1356 Huc

279 1366 397 1406 Med.
418 1379 483 1418 pr.
506 1368 588 1406 inc.
614 1369 762 1407 Heius.
803 1370 886 1408 Hic
924 1370 1007 1408 duo
1044 1370 1163 1409 Vatt.
1205 1370 1289 1410 alea
1327 1370 1443 1410 Med.
1472 1383 1556 1410 sec.
1598 1372 1705 1410 ludos
1724 1372 1824 1410 Vat.
1844 1371 1978 1422 quint.
2010 1370 2120 1421 Reg.

279 1419 431 1459 PetaV.
468 1433 529 1470 pr.
562 1421 703 1464 Oxou.
733 1427 934 1472 pr.—622
965 1423 1150 1462 Armatus
1170 1423 1275 1463 Lov.
1297 1424 1499 1462 Heinsius
1530 1424 1640 1463 citat
1669 1424 1737 1462 hic
1764 1424 2052 1473 Lindenborg.
2077 1426 2119 1462 in

279 1471 488 1512 Ammian.
507 1486 546 1524 p.
562 1477 766 1514 etQ—effla
798 1476 935 1515 Tectas
953 1477 1119 1514 Thuan.
1142 1476 1239 1515 Pat.
1288 1476 1563 1526 inconfusoque
1584 1477 1737 1514 Petav.
1770 1482 1873 1515 tert.
1916 1477 2123 1516 incon-nex-

277 1538 392 1576 osque
410 1526 437 1566 J
444 1539 511 1566 un.
533 1540 597 1578 pr.
644 1528 942 1578 inconcexosque
963 1529 1031 1567 vel
1051 1527 1345 1578 inconfusosque
1377 1529 1521 1567 Oxon.
1542 1541 1625 1568 sec.
1653 1541 1825 1567 recessus
1846 1541 1924 1579 pro
1947 1541 2123 1569 recursus

277 1579 377 1619 Vat.
398 1591 458 1628 pr.
481 1591 536 1618 m.
556 1572 760 1630 pr.—‡624
790 1593 920 1619 eroum
939 1582 1039 1619 Vat.
1070 1586 1172 1618 tert.
1206 1593 1260 1619 m.
1293 1593 1356 1629 pr.
1405 1594 1451 1619 en
1471 1593 1602 1620 rerum
1622 1582 1749 1621 Farn.
1794 1582 1953 1621 heroum
1974 1582 2040 1621 vel
2066 1595 2126 1622 er-

277 1643 410 1669 rorum
426 1632 581 1671 Petav.
604 1645 669 1682 pr.
712 1637 818 1671 artes
834 1641 1016 1684 quatuor
1031 1634 1151 1672 Vatt.
1175 1633 1267 1672 Pal.
1288 1634 1412 1672 Farn.
1433 1634 1549 1674 Prie.
1565 1635 1726 1674 Thuan.
1750 1635 1902 1674 Petav.
1927 1648 1986 1686 pr.
2015 1648 2130 1687 arces

278 1685 380 1723 Vat.
404 1690 505 1723 tert.
527 1685 643 1723 Pric.
678 1698 732 1725 m.
765 1698 848 1726 sec.
882 1688 1001 1725 Rott.
1033 1687 1224 1725 Florem.
1253 1687 1354 1725 Put.
1388 1688 1493 1738 Reg.
1523 1688 1687 1728 Mazar.
1715 1688 1870 1729 Petav.
1894 1695 1995 1729 tert.
2017 1690 2124 1729 Lov.

280 1737 421 1776 Oxon.
443 1749 507 1788 pr.
524 1738 683 1777 Moret.
701 1751 786 1777 sec.
819 1740 1065 1790 jocundeque
1091 1741 1194 1779 Vat.
1231 1745 1330 1780 tert.
1366 1741 1618 1780 Prie—625
1651 1743 1876 1781 Comminus
1893 1755 1968 1792 pro
1984 1743 2124 1781 Cerni·

279 1803 361 1829 mus
379 1791 405 1831 J
412 1803 483 1829 un.
502 1803 568 1841 pr.
612 1791 734 1840 digna
755 1805 830 1842 pro
851 1794 966 1843 signa
984 1793 1085 1832 Put.
1133 1805 1249 1842 segne
1267 1777 1367 1833 I3at.
1415 1795 1599 1844 magistri
1617 1795 1719 1836 Jun.
1752 1799 1955 1846 pr.—626
1985 1797 2123 1835 Muta·-

280 1848 339 1882 tos
362 1844 445 1883 duo
467 1844 620 1884 Leidd.
645 1846 727 1884 duo
745 1847 887 1887 Oxou.
909 1859 1056 1885 omnes
1077 1847 1198 1885 Vatt.
1224 1848 1311 1887 Pal.
1341 1847 1469 1886 Fam.
1502 1848 1618 1887 Prie.
1640 1849 1757 1887 Rott.
1790 1849 1924 1889 Oisel.
1942 1849 2042 1890 Jun.
2065 1861 2127 1900 pr.

280 1897 386 1936 Lov.
404 1897 529 1937 ambo
546 1899 706 1937 Moret.
726 1900 828 1938 Vat.
848 1900 985 1939 Livin.
1034 1900 1290 1950 Mutatosque
1317 1901 1370 1939 al.
1400 1901 1506 1940 Mss.
1525 1902 1626 1943 item
1650 1903 1781 1942 Gesn.
1802 1908 1843 1942 et
1859 1904 1927 1942 ed.
1948 1904 2125 1952 Bipont.

275 1951 402 1999 pitum
424 1963 502 2000 pro
522 1954 675 2002 pariter
693 1953 861 1992 Tholos.
908 1958 1001 1991 tunc
1030 1954 1132 1993 Put.
1176 1956 1335 1993 munera
1370 1955 1467 1994 Vat.
1494 1967 1578 1994 sec.
1598 1968 1653 1994 m.
1678 1968 1742 2006 pr.
1789 1961 1847 1995 tot
1864 1961 2019 2007 pectora
2041 1957 2125 1995 duo

282 2004 435 2042 Leidd.
454 2016 549 2043 cum
569 2005 720 2056 viginti
742 2007 875 2045 tribus
894 2007 1004 2056 aliis,
1031 2007 1137 2047 Exc.
1159 2006 1343 2046 Gevart.
1373 2008 1538 2048 Schott.
1555 2009 1737 2049 Lucens.
1759 2021 1824 2061 pr.
1843 2010 1994 2049 Sened.
2011 2010 2124 2049 Gud.

1117 2114 1296 2153 NOTAE

284 2236 479 2281 externa,
513 2231 557 2270 in
588 2245 671 2284 qua
705 2244 788 2272 non
817 2232 907 2271 nati
939 2238 1064 2272 erant
1083 2234 1169 2272 leo-

282 2306 375 2333 nes.

1240 2234 1504 2284 spectacula.
1561 2235 1737 2274 Phrasis
1753 2235 1926 2276 Graeca.

1293 2299 1373 2335 626
1405 2298 1584 2335 Mutatos
1614 2298 1760 2348 motus]
1814 2300 1965 2338 Varios
1998 2300 2127 2340 modo

337 2360 415 2396 621
446 2356 671 2406 Belligeros
688 2358 812 2408 lusus]
859 2358 1074 2397 Militares
1099 2370 1172 2397 ex-

284 2418 577 2468 ercitationes,
614 2432 709 2471 quae
745 2420 785 2458 in
821 2433 919 2459 area
949 2421 1079 2468 Circi,
1101 2428 1173 2461 aut

285 2482 426 2533 campi
448 2482 596 2522 Martii
619 2483 953 2524 celebrabantur
975 2499 984 2525 :
1014 2485 1082 2523 vel
1110 2485 1173 2524 lu-

286 2547 362 2586 dos
407 2547 693 2598 gladiatorum
748 2549 992 2601 intelligere
1031 2556 1172 2601 poteS,

285 2608 439 2661 quibus
474 2611 696 2649 commissa
726 2616 771 2651 et
790 2611 980 2651 exhibita
1005 2613 1173 2652 simula-

287 2684 363 2711 cra
378 2671 605 2712 bellorum.

339 2739 419 2776 624
450 2737 645 2776 Errorum
674 2738 798 2789 artes]
845 2739 1004 2778 Cursus
1033 2745 1078 2779 et
1109 2752 1173 2779 re-

286 2810 433 2838 cursus
454 2800 602 2840 ineunt
622 2800 683 2840 ita
712 2801 971 2852 implicatos,
991 2808 1037 2842 ut
1055 2803 1172 2855 equi-

290 2866 355 2899 tes
396 2873 542 2901 errare
573 2863 710 2902 videri
750 2865 928 2914 possint.
980 2865 1029 2904 Id
1061 2866 1172 2917 quod

286 2923 491 2975 Virgilius
508 2926 613 2965 mire
645 2927 884 2979 exprimit}
913 2929 923 2949 ‘
946 2928 1054 2967 Inde
1071 2929 1174 2969 alios

290 2985 443 3025 ineunt
471 2999 618 3028 cursus
639 2990 831 3042 aliosque
850 3004 1059 3042 recursus,
1088 2992 1174 3032 Ad-

287 3050 424 3090 versis
458 3053 630 3101 spatiis,
675 3055 951 3107 alternosque
998 3057 1174 3097 orbibus

288 3112 416 3153 orbes
438 3113 703 3164 Impediunt,
725 3129 962 3169 pngnaeque
984 3119 1101 3160 cient
1120 3121 1173 3160 si-

289 3171 478 3216 mulacra
498 3178 576 3217 sub
606 3179 763 3218 armis!
819 3179 907 3219 Alii
934 3182 1095 3234 legunt,
1115 3197 1175 3224 eu·-

289 3253 428 3280 romtm
461 3241 579 3293 acies,
611 3242 682 3281 alii
715 3242 886 3294 heroum,
910 3245 975 3283 vel
1002 3259 1176 3287 errorum

291 3316 407 3345 actes.

346 3369 602 3420 Jucundaque
620 3369 790 3421 Martis]
818 3369 870 3410 Id
890 3375 975 3422 est,
985 3371 1178 3423 jucunda

1241 2359 1414 2410 clypeo,
1434 2358 1560 2398 modo
1578 2361 1745 2400 ensibus
1760 2367 1901 2401 motus
1923 2362 2071 2402 edunt.

1298 2423 1482 2474 Pecto-ra]
1511 2423 1620 2462 Pars
1654 2437 1730 2474 pro
1758 2431 1880 2465 toto:
1911 2439 1990 2465 nou
2013 2428 2128 2467 enim

1237 2490 1397 2536 pectora
1417 2487 1551 2525 solum
1585 2487 1717 2527 edunt
1744 2495 1901 2538 motus,
1922 2490 1994 2529 sed
2018 2490 2128 2530 mili-

1243 2553 1309 2586 tes
1346 2549 1580 2599 pectorosi,
1612 2562 1685 2588 seu
1718 2557 1894 2600 pectore
1923 2556 1968 2590 et
1988 2553 2128 2591 animo

1244 2611 1376 2662 pleni,
1393 2611 1531 2651 varios
1549 2612 1682 2651 edunt
1695 2619 1834 2654 motus
1847 2615 2026 2667 clypeiS‚
2040 2628 2129 2655 um-

1242 2674 1438 2726 bonibus,
1471 2681 1516 2715 et
1547 2677 1640 2716 aliis
1659 2678 1800 2718 armis.
1859 2679 1986 2719 Hanc
2007 2681 2127 2719 ὅπλο-

1238 2737 1406 2789 μαχίαν,
1417 2741 1736 2781 exercitationem
1752 2742 2004 2794 armisonam,
2023 2744 2129 2783 mul·

1243 2803 1276 2841 ti
1297 2802 1613 2854 explicuerunt.
1671 2804 1792 2844 Inter
1812 2805 1914 2844 alios
1933 2806 2127 2857 Scaliger

1240 2864 1283 2903 in
1305 2864 1503 2916 Poetica,
1524 2866 1776 2918 Pyrrhicam
1808 2868 1993 2919 saltavit,
2013 2868 2126 2907 unde

1241 2930 1335 2970 haec
1354 2930 1405 2969 de
1423 2942 1466 2969 se
1484 2930 1662 2970 scribit:
1691 2934 1702 2954 ⁴
1721 2932 1846 2971 Hanc
1861 2944 1936 2970 nos
1951 2937 1996 2971 et
2011 2945 2126 2984 saepe

1242 2998 1288 3033 et
1314 2993 1384 3032 diu
1406 3006 1547 3033 coram
1577 2995 1691 3035 Divo
1711 2995 2005 3034 Maximiliano
2024 2995 2129 3046 [Im-

1242 3055 1474 3109 peratore]‚
1500 3057 1623 3107 jussu
1638 3055 1854 3096 Bonifacii
1871 3058 2027 3110 patrui,
2042 3071 2126 3098 non

1243 3119 1334 3158 sine
1354 3124 1533 3169 stupore
1555 3118 1686 3161 totius
1708 3119 1953 3159 Germaniae
1970 3133 2129 3173 reprae-

1240 3181 1516 3230 sentavimus,
1559 3194 1644 3233 quo
1675 3187 1871 3233 tempore
1898 3183 2126 3236 aliquando

1242 3258 1325 3285 vox
1346 3245 1415 3284 illa
1434 3246 1738 3298 Imperatoris:
1781 3247 1865 3286 Hic
1905 3261 2013 3299 puer
2050 3255 2126 3291 aut

1243 3310 1461 3350 thoracem
1482 3321 1559 3361 pro
1584 3310 1695 3361 pelle
1715 3314 1789 3351 aut
1810 3322 1885 3363 pro
1917 3311 2037 3352 cunis
2054 3312 2126 3352 ha·

1243 3371 1369 3412 buit.’
