2300 3906
642 202 708 241 ιΝ
751 202 1114 243 nUrRoPmM
1156 203 1277 242 mn.
1317 202 1386 242 11.
1809 186 1923 249 539

104 325 165 377 Si
190 328 379 375 contra
402 327 649 390 paterere
674 321 856 375 viros:
894 341 1039 376 nunc
1067 327 1201 377 alter
1224 326 1282 377 in
1306 323 1472 375 armis

102 408 307 469 SexuS,
333 412 389 458 et
415 406 674 457 eunuchis
698 422 757 457 se
780 407 1159 462 defensoribus
1178 410 1332 461 -orbis

104 490 374 544 Credidit:
412 489 513 540 hos
542 488 762 557 Aquilae
790 490 1162 561 Romanaque
1182 493 1341 559 signa
1364 493 1682 559 sequuntur.
1809 492 1919 546 225

101 574 299 641 Incipe
324 574 630 625 barbaricae
660 574 876 625 tandem
906 581 958 626 te
983 577 1212 628 reddere
1231 576 1382 627 vitae.

97 656 180 709 Te
206 674 422 725 quoque
441 658 560 725 jam
585 658 832 720 timeant,
862 659 1304 726 admirenturque
1326 662 1632 722 nocentem,

101 738 281 802 Quem
311 758 568 809 sprevere
592 742 761 809 pium.
839 743 1049 809 Spoliis
1072 742 1376 810 praedaque
1399 741 1669 808 repletuS,

80 821 241 887 ,Cum
259 824 447 888 libeat,
475 824 764 877 Romanus
791 827 918 877 eris.
994 826 1089 878 Sic
1114 826 1250 890 fata,
1276 831 1503 893 repente

97 905 165 958 In
189 907 361 959 diram
386 925 444 960 se
470 911 631 961 vertit
656 926 830 973 avem,
852 915 1129 978 rostroque
1154 926 1386 963 recurvo
1813 909 1921 962 230

97 989 319 1058 TurpiS,
346 998 400 1043 et
420 991 647 1043 infernis
673 995 910 1046 tenebris
935 994 1222 1046 obscurior
1247 994 1367 1046 alas

95 1071 429 1141 Auspicium
455 1076 627 1126 veteri
655 1075 799 1127 sedit
821 1076 988 1127 ferale
1015 1077 1326 1144 sepulchro.

170 1157 290 1220 Ille,
317 1174 491 1224 pavor
514 1166 814 1227 postquam
837 1161 1082 1212 resoluto
1108 1160 1276 1212 corde
1302 1160 1530 1227 quievit,

97 1239 173 1292 Et
194 1240 386 1308 rigidae
412 1242 605 1294 sedere
634 1259 829 1306 comae,
855 1260 963 1295 non
988 1244 1204 1295 distulit
1223 1249 1385 1295 atrox

97 1323 134 1378 J
137 1340 268 1377 ussa
292 1325 461 1379 Deae:
501 1327 694 1391 sociiS‚
718 1344 842 1395 quae
869 1319 1088 1392 viderit,
1113 1327 1300 1379 ordine
1324 1328 1540 1395 pandit,
1815 1327 1923 1380 235

95 1490 160 1519 ros
173 1491 222 1519 ex
240 1482 412 1520 adverso.
470 1483 588 1522 Nunc
601 1496 717 1523 sexus
734 1484 837 1524 alius
866 1489 932 1525 est
961 1485 1002 1525 in
1022 1484 1158 1536 armis,
1189 1490 1227 1524 et
1253 1486 1417 1525 mundus
1436 1485 1626 1525 commisit
1639 1497 1719 1525 sese
1738 1484 1924 1525 eunuchis

92 1532 461 1584 propugnatoribus.
516 1537 659 1588 Aquila
676 1542 716 1576 et
734 1538 876 1585 vexilla
910 1539 1087 1578 Romana
1105 1543 1316 1589 sequuntur
1332 1540 1414 1577 hos.
1476 1539 1605 1590 Incipe
1629 1541 1783 1579 demum
1812 1552 1922 1579 resu-

97 1597 201 1625 mere
205 1585 412 1635 feritatem
428 1588 683 1631 barbaricam.
738 1591 918 1630 Romani
946 1591 1168 1640 formident
1195 1605 1292 1630 nunc
1312 1593 1430 1631 etiam
1449 1597 1489 1632 te
1515 1597 1676 1644 sontem,
1705 1605 1814 1643 quem
1832 1604 1920 1632 con-

98 1642 309 1680 temserunt
320 1641 480 1691 probum
492 1656 505 1681 .·
529 1644 664 1692 plenus
676 1644 828 1683 exuviis
843 1649 878 1683 et
899 1646 1053 1684 divitiis
1073 1646 1270 1684 Romanus
1286 1646 1377 1694 eris,
1405 1659 1489 1684 cum
1504 1647 1617 1686 voles.
1677 1647 1835 1685 Bellona
1862 1645 1920 1683 ita

100 1693 242 1741 locuta,
261 1693 399 1732 statim
416 1695 713 1742 transformavit
726 1709 808 1735 sese
824 1698 867 1735 in
885 1700 1074 1736 volucrem
1081 1697 1296 1745 funestam,
1311 1703 1348 1736 et
1367 1698 1538 1737 obscaena
1557 1704 1682 1737 rostro
1701 1701 1862 1747 adunco,
1882 1702 1921 1736 et

98 1743 239 1783 habens
254 1746 519 1796 nigrantiores
542 1761 687 1798 pennas
714 1749 883 1798 caligine
914 1750 1075 1801 Stygia,
1107 1751 1277 1789 consedit
1297 1752 1337 1789 in
1357 1753 1503 1789 tumulo
1523 1752 1694 1801 antiquo,
1723 1757 1923 1802 tanquam

96 1799 304 1846 augurium
309 1798 454 1845 fatale.
511 1800 587 1839 Ille
605 1801 857 1851 Targibilus‚
881 1808 1129 1853 posteaquam
1147 1804 1265 1841 timor
1277 1804 1438 1843 cessavit
1457 1806 1568 1842 corde
1587 1806 1763 1853 liberato,
1790 1808 1828 1842 et
1847 1804 1923 1842 cri-

96 1861 163 1888 nes
177 1850 324 1889 hirsuti
339 1852 508 1902 depressi
526 1857 633 1903 sunt,
664 1866 740 1892 non
766 1856 984 1893 retardavit
1002 1868 1126 1893 saevus
1144 1856 1307 1906 imperia
1328 1857 1445 1894 Divae
1467 1857 1680 1895 Bellonae:
1712 1858 1839 1908 aperit
1866 1868 1924 1895 so-

866 1956 1158 1971 eeeeeeeeeeee

98 2008 166 2048 vel
174 2008 350 2058 jaberem
375 2011 478 2050 Exc.
513 2011 773 2052 Laeti.—223
802 2017 974 2064 peterere
995 2013 1159 2054 Thuan.
1192 2015 1297 2054 Exc.
1330 2015 1512 2053 Lucens.
1544 2026 1606 2063 pr.
1630 2026 1769 2065 parere
1803 2014 1923 2055 Leid.

98 2073 181 2102 sec.
202 2062 343 2103 Oxon.
364 2076 427 2114 pr.
445 2070 491 2103 et
507 2065 613 2116 Reg.
640 2078 695 2105 m.
713 2078 798 2106 sec.
821 2067 973 2106 Ambr.
995 2079 1058 2118 pr.
1076 2073 1163 2106 tres
1202 2068 1321 2106 Vatt.
1358 2067 1452 2107 Pal.
1490 2068 1614 2115 Fam.
1653 2067 1736 2105 duo
1770 2067 1926 2108 Petav.

98 2127 274 2165 moveare
294 2115 442 2157 Ambr.
463 2129 551 2157 sec.
575 2130 785 2169 properare
816 2121 918 2161 Jun.
948 2133 1011 2171 pr.
1028 2122 1195 2160 Tholas.
1221 2126 1399 2171 paterere
1428 2122 1496 2160 vel
1526 2132 1704 2171 raperere
1724 2121 1823 2159 Vat.
1855 2133 1921 2171 pr.

100 2168 250 2209 Petav.
279 2181 344 2220 pr.
360 2175 535 2220 peterere
553 2172 622 2210 vel
634 2176 814 2222 paterere
835 2171 953 2213 Med.
984 2185 1067 2213 sec.
1095 2172 1170 2213 non
1189 2175 1287 2212 alter
1306 2174 1402 2213 Pat.
1439 2173 1554 2212 Med.
1575 2186 1637 2224 pr.
1669 2174 1826 2212 Moret.
1859 2186 1922 2224 pr.

99 2232 198 2261 nunc
214 2222 314 2262 Var.
337 2223 422 2262 LL.
444 2223 510 2264 ed.
529 2224 658 2264 Antv.
685 2238 810 2265 nonne
828 2227 1092 2277 conjiciebat
1125 2227 1276 2267 Heins.
1304 2227 1466 2266 inermis
1485 2228 1607 2266 Farn.
1629 2234 1712 2266 vet.
1728 2226 1836 2277 Gyr.
1863 2226 1924 2265 in-

98 2276 220 2313 ermis
234 2276 300 2314 vel
320 2276 363 2315 in
383 2277 505 2315 armis
524 2278 850 2319 Florem—225
879 2284 1085 2330 sequentur
1101 2281 1260 2320 Thuan.
1285 2280 1441 2319 Mazar.
1463 2280 1615 2319 Petav.
1638 2285 1738 2319 tert.
1758 2292 1816 2318 m.
1836 2291 1923 2320 sec.

94 2330 284 2379 petuntur
303 2328 534 2370 Pan—226
561 2333 714 2370 credere
733 2332 852 2373 Med.
872 2345 959 2372 sec.
994 2334 1155 2373 Mazar.
1189 2332 1336 2372 Ambr.
1373 2345 1436 2383 pr.
1464 2346 1569 2372 curoe
1598 2333 1681 2371 inc.
1718 2332 1925 2372 Heius.—

99 2382 178 2419 227
206 2385 385 2433 stupeant
407 2383 524 2423 Med.
555 2391 692 2435 quart.
720 2391 897 2425 nocentes
916 2386 1145 2426 Pam-228
1173 2388 1300 2425 virum
1320 2386 1437 2426 Prie.
1467 2385 1636 2434 refertus
1654 2386 1773 2423 Rott.
1798 2386 1923 2435 reple-

100 2435 166 2472 tus
185 2435 254 2473 vel
271 2436 413 2484 repleri
430 2437 530 2476 Vat.
559 2449 626 2488 pr.
659 2439 832 2488 repletus
849 2440 917 2478 vel
936 2443 1110 2489 receptus
1145 2439 1308 2478 Mazar.
1336 2439 1505 2488 repletus
1542 2438 1610 2476 vel
1643 2437 1794 2487 potitus
1818 2438 1924 2477 Vat.

102 2491 374 2536 quarn—229
405 2489 486 2532 Qui
515 2491 585 2528 vel
607 2491 704 2529 Cum
722 2490 843 2530 libeat
862 2492 967 2530 Exc.
1009 2491 1131 2530 Laeti.
1165 2492 1263 2530 Cum
1283 2491 1384 2529 Put.
1418 2491 1487 2541 qui
1516 2496 1560 2529 et
1586 2490 1700 2528 liceat
1721 2491 1788 2528 vel
1806 2490 1926 2529 libeat

101 2537 246 2578 habet.
275 2540 352 2578 erit
386 2541 487 2580 Vat.
517 2553 581 2591 pr.
610 2555 666 2582 m.
701 2547 899 2593 pix—231
936 2544 1078 2593 Turpis
1114 2544 1233 2583 Med.
1255 2555 1342 2582 sec.
1371 2543 1546 2591 infernas
1569 2550 1653 2581 tres
1672 2544 1774 2582 Vat.
1797 2543 1922 2586 Farn.

101 2589 218 2631 Prie.
236 2593 358 2630 Rott.
373 2592 507 2632 Oisel.
529 2594 720 2633 Florent.
742 2607 795 2634 m.
817 2608 901 2635 sec.
923 2596 1039 2635 Med.
1060 2608 1145 2635 sec.
1160 2597 1281 2635 Leid.
1303 2608 1386 2635 sec.
1408 2598 1490 2634 duo
1511 2596 1651 2635 Oxou.
1673 2597 1780 2634 Exc.
1795 2596 1923 2635 Laeti.

101 2642 265 2689 infernis
283 2646 469 2685 Florent.
506 2659 563 2684 m.
585 2659 648 2696 pr.
669 2649 834 2686 Thuan.
859 2648 1011 2687 PetaV.
1029 2661 1093 2699 pr.
1128 2649 1288 2688 Mor-et.
1309 2661 1393 2688 sec.
1415 2649 1497 2687 duo
1534 2649 1651 2688 Med.
1671 2650 1755 2687 duo
1775 2647 1924 2688 Ambr.

101 2696 249 2745 inferni
269 2699 337 2736 vel
355 2699 530 2745 infernas
548 2700 649 2738 Vat.
681 2707 817 2751 quart.
838 2701 1077 2751 tenebrisque
1105 2702 1274 2741 Thuan.
1302 2702 1511 2741 obscoenior
1545 2702 1639 2740 Pal.
1669 2702 1786 2742 Med.
1807 2713 1928 2752 pr.—

102 2751 182 2790 232
200 2749 331 2798 fatale
350 2752 470 2791 Med.
492 2756 763 2804 quarn—233
794 2754 890 2793 Inde
911 2767 987 2805 pro
1007 2756 1072 2794 itte
1102 2754 1360 2806 conjiciebat
1378 2755 1658 2794 Heins.-—235
1687 2756 1784 2805 quod
1819 2754 1925 2793 vide-

923 2866 1103 2907 NOTAE

155 2946 234 2983 223
263 2944 469 2995 Paterere]
486 2945 530 2984 Si
549 2943 684 2984 ferres
702 2946 815 2985 viros
831 2946 981 2985 adver·
1050 2941 1263 2997 sepulcro}
1282 2950 1484 2997 tanquam
1505 2944 1595 2984 avis
1612 2943 1772 2984 funesti
1794 2955 1924 2995 augu-

103 3015 185 3057 sos,
202 3006 358 3046 hostes.
415 3006 503 3046 Alii
522 3009 688 3059 legunt,
706 3020 902 3059 raperere,
937 3009 980 3048 id
1050 3008 1116 3048 rii.
1182 3006 1255 3047 Sic
1294 3012 1340 3046 et
1372 3007 1564 3057 Megaera
1602 3007 1716 3057 apud
1737 3006 1891 3058 Virgil.
1910 3020 1921 3045 ς

100 3073 180 3117 est,
198 3068 233 3107 si
252 3068 335 3108 ires
357 3075 624 3121 pugnaturus
642 3077 794 3110 contra
815 3072 940 3111 viros.
1049 3071 1060 3092 ‘
1082 3069 1212 3109 Alitis
1231 3069 1275 3108 in
1295 3081 1440 3121 parvae
1461 3069 1604 3109 subito
1625 3070 1807 3109 collecta
1821 3068 1927 3121 figu-

156 3133 238 3170 229
264 3132 464 3171 Romanus
481 3132 576 3184 eris]
612 3133 656 3171 Si
678 3132 867 3172 abundas
887 3146 981 3185 spo·
1050 3145 1155 3181 ram,
1177 3134 1283 3174 Qnae
1303 3132 1519 3184 quondam
1535 3133 1578 3171 in
1599 3131 1761 3180 bustis,’
1779 3134 1860 3172 &c-

104 3191 174 3232 liis
192 3199 237 3232 et
257 3194 427 3244 opibus,
449 3196 662 3235 Romanus
675 3196 774 3246 eris,
793 3196 828 3235 si
850 3198 979 3237 voles.
1101 3198 1180 3235 233
1210 3195 1411 3246 Resoluta]
1431 3195 1573 3235 Corde
1586 3195 1783 3246 liberato,
1797 3199 1846 3235 et
1862 3205 1926 3236 so·

105 3252 262 3297 Juven.
279 3268 292 3295 ι
319 3256 331 3278 ‘
353 3257 411 3296 Et
428 3269 560 3307 genus
592 3262 638 3298 et
656 3270 810 3299 nomen
832 3261 980 3312 regina
1047 3258 1140 3298 luto
1160 3257 1212 3298 ab
1233 3258 1346 3297 omni
1367 3270 1539 3309 pavore.

110 3317 289 3366 pecunia
305 3317 465 3359 donat?
1099 3324 1179 3361 234
1206 3320 1368 3371 Sedere]
1405 3320 1641 3372 Postquam
1667 3320 1822 3370 crines,
1853 3315 1926 3370 qui

162 3378 242 3420 282
281 3379 528 3436 Auspicium]
573 3385 754 3428 Bellona
790 3386 905 3428 sedit
923 3386 981 3443 *in
1047 3395 1140 3436 prae
1167 3383 1344 3425 horrore
1361 3382 1515 3425 hirsuti
1531 3385 1821 3433 surrexerant,
1851 3379 1926 3422 de-
