2300 3906
279 165 388 221 888
816 179 909 220 οι.
946 173 1298 217 obsonum
1338 175 1532 237 xxxi.

285 298 437 351 Mira
463 298 715 351 Dionaeae
743 295 909 348 sumit
931 293 1204 345 velamina
1230 295 1376 347 telae.

286 383 543 436 Floribus
568 381 862 433 exstruitur
886 393 1074 430 currus
1096 395 1108 430 :
1141 378 1280 446 juga
1302 379 1526 432 floribus
1548 379 1769 446 halant3

286 467 483 519 Florea
508 477 810 533 purpureas
836 466 1134 514 annectunt
1155 461 1330 514 fraena
1354 463 1659 515 columbas.

286 549 546 616 Undique
571 551 900 599 concurrunt
925 546 1203 608 volucreS,
1225 563 1591 616 quaecumque
1614 547 1929 599 frementem
2001 545 2109 598 105

288 633 640 684 Permulcent
659 630 894 683 Athesin
917 635 1099 695 cantu,
1127 647 1265 699 quas
1290 631 1488 683 Larius
1511 631 1682 695 audit,

289 716 447 780 Quas
473 716 728 767 Benacus
752 715 869 779 alit,
894 731 1035 784 quas
1059 716 1273 784 exeipit
1298 732 1456 767 amne
1483 717 1671 784 quieto

291 802 568 854 Mincius:
608 801 816 867 ereptis
843 800 1120 851 obmutuit
1142 800 1291 851 unda
1317 800 1569 867 querelis.

203 901 208 906 ·
291 883 521 937 Eridani
545 884 714 952 ripaS,
745 888 801 935 et
824 899 1010 936 raucae
1039 886 1238 951 stagna
1260 882 1506 935 Padusae

291 1009 347 1048 les
376 1010 467 1047 telae
498 1008 674 1048 Dionaeae
705 1011 870 1048 exemtoe
904 1021 959 1048 ex
997 1008 1133 1059 prelis.
1192 1007 1341 1047 Currus
1368 1006 1553 1046 Veneris
1579 1007 1769 1047 sternitur
1783 1005 1975 1060 floribus:
2015 1006 2122 1046 sedes

292 1074 439 1101 currus
471 1064 631 1100 odorata
663 1067 730 1101 est
762 1062 816 1100 ob
836 1062 986 1113 flores.-
1031 1062 1189 1101 habenae
1209 1061 1371 1113 floridae
1402 1061 1669 1111 constringunt
1703 1061 1896 1101 columbas
1921 1060 2123 1112 pulchras.

290 1117 394 1155 Aves
427 1116 675 1166 undequaque
710 1114 922 1166 confluunt,
955 1127 1197 1167 quoecumque
1233 1115 1458 1154 exhilarant
1477 1114 1644 1154 Athesin
1673 1115 1876 1155 cantilenis
1906 1112 2143 1163 resonanti,

295 1168 380 1217 bus,
413 1181 507 1219 quas
533 1168 677 1207 Larius
702 1170 830 1217 audit,
849 1165 944 1220 quas
972 1171 1152 1209 Benacus
1183 1167 1327 1218 nutrit,
1360 1180 1456 1219 quas
1487 1168 1661 1208 Mincius
1687 1168 1848 1219 suscipit
1879 1166 1933 1206 ad
1959 1165 2125 1220 fluvium

291 1222 500 1277 placidum.
546 1223 659 1272 Aqua
683 1222 858 1274 reticuit,
877 1235 1070 1262 murmure
1084 1222 1226 1276 posito.
1274 1223 1427 1274 Cycnus
1445 1222 1595 1262 evolans
1612 1221 1776 1274 reliquit
1794 1221 1930 1260 littora
1948 1220 2069 1269 Padi,
2087 1221 2126 1257 et

1063 1329 1208 1344 ‘0900‘
1215 1326 1358 1344 '‘ee“

295 1397 563 1449 pemplumque
582 1397 689 1436 Exc.
710 1396 813 1436 Cod.
834 1396 983 1437 Rhem.
1001 1399 1127 1437 soluta
1144 1399 1244 1437 Vat.
1264 1408 1330 1448 pr.
1353 1397 1480 1437 solute
1495 1395 1659 1436 Buslid.
1678 1394 1882 1436 Heinsius
1901 1396 2129 1434 notaverat

298 1451 408 1489 hanc
441 1461 588 1489 vocem
617 1450 659 1488 in
690 1450 845 1489 menda
876 1451 1031 1490 cubare
1063 1452 1106 1489 in
1137 1451 1320 1490 Lucens.
1353 1452 1559 1500 pr.—102
1589 1450 1765 1487 Cleoneoe
1791 1448 1921 1486 reddit
1939 1447 2130 1486 miracula

298 1503 402 1543 Vnt.
423 1515 486 1554 pr.
507 1504 607 1543 Vat.
630 1504 766 1542 Livin.
786 1503 891 1543 sunit
911 1515 987 1554 pro
1005 1504 1122 1542 sumit
1140 1502 1294 1542 Sched.
1312 1502 1430 1553 Gud.
1462 1503 1652 1540 miracula
1674 1499 1823 1539 Ambr.
1842 1512 1903 1551 pr.
1931 1500 2032 1538 tedoe
2050 1511 2129 1550 pro

301 1557 390 1595 telae
408 1556 513 1595 Exc.
530 1556 713 1595 Lucens.
735 1558 936 1606 pre-103
964 1567 1099 1594 cursus
1118 1555 1222 1594 Vat.
1252 1566 1319 1605 pr.
1348 1566 1503 1594 currum
1519 1553 1605 1593 duo
1623 1554 1745 1594 Vatt.
1765 1553 1957 1593 Florent.
1976 1552 2132 1591 Petav.

299 1620 385 1648 sec.
414 1608 556 1647 Ursin.
586 1608 692 1648 Cod.
720 1609 868 1659 Epigr.
901 1606 1050 1647 Ambr.
1087 1607 1156 1648 ed.
1183 1608 1329 1647 Parm.
1364 1619 1467 1657 vaga
1503 1618 1579 1658 pro
1597 1606 1702 1657 juga
1741 1607 1901 1646 More‘t.
1933 1607 2133 1657 piu—104

301 1662 511 1700 adnectunt
543 1661 644 1701 Var.
682 1661 768 1700 LL.
796 1661 866 1700 ed.
896 1660 1031 1701 Antv.
1067 1662 1289 1712 columpnas
1311 1660 1612 1700 Buslid.-105
1630 1660 1864 1708 frementem
1891 1664 1982 1699 tres
2010 1659 2133 1699 Vatt.

301 1714 396 1754 Pal.
418 1714 539 1752 Rott.
565 1712 765 1761 fremente
797 1714 901 1753 Exc.
936 1714 1117 1754 Lucens.
1152 1726 1216 1766 pr.
1244 1717 1480 1765 strepentem
1513 1713 1688 1765 legebat
1718 1713 1936 1762 Heinsius,
1966 1717 2015 1751 ut
2034 1713 2135 1752 Fes-

306 1779 431 1806 cenn.
467 1778 527 1805 vs,
557 1770 623 1807 52.
653 1768 664 1789 ‘
686 1766 861 1806 Athesis
894 1772 1064 1819 strepat
1096 1767 1431 1808 choreis.'-106
1459 1767 1713 1807 Promulcent
1746 1767 1841 1808 Pal.
1872 1766 2034 1806 Moret.
2069 1777 2136 1817 pra

305 1819 413 1860 Cod.
447 1819 595 1871 Epigr.
630 1819 782 1860 Ambr.
814 1820 882 1859 ed.
917 1821 1060 1860 Parm.
1084 1820 1260 1860 Athesim
1280 1821 1364 1861 duo
1382 1822 1506 1861 Vatt.
1543 1821 1677 1861 Oisel.
1707 1819 1874 1860 Athesin
1905 1818 2027 1859 Med.
2047 1830 2135 1859 sec.

305 1875 413 1913 Exc.
435 1874 617 1912 Lucens.
639 1886 703 1925 pr.
734 1879 866 1913 cantu.
905 1886 1000 1913 cum
1036 1873 1171 1927 τελείᾳ
1205 1877 1368 1928 στιγμῇ,
1398 1875 1590 1914 Florent.
1619 1887 1714 1925 quos
1742 1874 1863 1914 Med.
1883 1885 1950 1925 pr.
1971 1873 2138 1912 Bonou.

304 1927 391 1967 duo
413 1927 566 1966 Petav.
591 1927 754 1968 Buslid.
775 1928 934 1968 Moret.
955 1940 1020 1979 pr.
1041 1928 1183 1969 Oxou.
1203 1941 1290 1970 sec.
1311 1928 1419 1970 Cod.
1452 1929 1601 1980 Epigr.
1621 1927 1770 1968 Ambr.
1790 1940 1865 1979 quo
1893 1926 1964 1967 ed.
1992 1926 2139 1974 Parni,

306 1980 478 2019 Laurius
491 1981 589 2021 vat.
610 1992 695 2020 sec.
714 1981 816 2024 aulis
834 1993 912 2033 pro
941 1982 1053 2021 audit
1074 1982 1181 2022 Cod.
1215 1983 1365 2033 Epigr.
1384 1981 1669 2022 Ambr.-—107
1701 1981 1808 2026 Quos
1826 1979 1947 2022 Med.
1967 1991 2033 2031 pr.
2053 1979 2139 2018 duo

307 2034 464 2074 Petav.
484 2034 647 2076 Bonon.
668 2035 828 2073 Moret.
857 2046 922 2087 pr,
942 2035 1084 2075 Oxou.
1112 2047 1198 2076 sec.
1227 2035 1334 2077 Cod.
1352 2035 1504 2087 Epigr.
1526 2033 1676 2077 Ambr.
1696 2035 1766 2074 ed.
1797 2035 1941 2073 Parm.
1966 2033 2141 2073 Venacns

309 2086 396 2126 duo
414 2087 538 2126 Vatt.
560 2087 682 2127 Rott.
703 2087 839 2127 Oisel.
858 2088 1052 2127 Florent.
1072 2088 1157 2128 duo
1184 2088 1305 2128 Med.
1333 2088 1420 2130 inc.
1451 2087 1604 2130 Heius.
1623 2100 1717 2141 quos
1750 2086 1871 2128 Med.
1888 2098 1953 2137 pr.
1971 2086 2140 2125 Bonon.

309 2139 470 2179 Moret.
491 2151 555 2190 pr.
576 2140 720 2179 Oxou.
740 2152 827 2179 sec.
849 2139 955 2181 Cod.
976 2141 1127 2192 Epigr.
1148 2139 1298 2181 Ambr.
1329 2141 1414 2180 duo
1444 2141 1598 2180 Petav.
1620 2141 1706 2191 quis
1723 2140 1805 2182 inc.
1827 2139 1978 2181 Heins.
1997 2138 2149 2191 accipit.

311 2204 390 2243 pro
406 2192 553 2243 excipit
571 2194 673 2232 Vat.
694 2205 779 2233 sec.
802 2193 904 2232 Put.
920 2195 1022 2234 Var.
1050 2194 1138 2235 LL.
1161 2193 1228 2234 ed.
1249 2193 1380 2234 Antv.
1407 2194 1548 2246 recipit
1576 2193 1877 2233 Buslid.-108
1906 2192 2045 2232 erectis
2064 2204 2142 2244 pro

312 2246 456 2298 ereptis
474 2245 571 2286 Pal.
591 2246 915 2287 Floreat—109
941 2247 1026 2300 ripe
1042 2247 1142 2287 Vat.
1162 2259 1227 2299 pr.
1245 2247 1356 2287 rauci
1372 2247 1467 2287 Pal.
1486 2246 1572 2287 duo
1593 2246 1713 2286 Med.
1726 2248 1877 2297 glaucae
1895 2246 2145 2298 conjecerat

1137 2340 1320 2383 NOTAE

313 2420 358 2459 in
379 2432 473 2471 usu,
492 2420 559 2460 his
588 2425 637 2461 ut
657 2426 800 2461 vestes
817 2421 1003 2462 subditae
1023 2421 1197 2462 coerce-

315 2487 482 2535 rentur,
510 2487 554 2524 et
574 2484 757 2530 nitorem
773 2483 1039 2539 formamque
1055 2498 1197 2527 serva-

316 2551 431 2587 rent.

373 2613 454 2650 102
473 2611 670 2663 Dionoeae]
689 2611 809 2652 Telae
829 2618 1053 2665 maternae,
1071 2625 1198 2666 quam

320 2672 415 2723 ipsa
434 2673 578 2715 Dione
611 2675 756 2715 Mater
774 2677 956 2717 Veneris
971 2676 1054 2728 ipsi
1073 2688 1200 2717 neve-

320 2740 402 2775 rat.
450 2737 509 2776 Et
539 2738 633 2778 haec
666 2739 808 2780 omnia
840 2740 896 2780 ad
918 2740 1203 2792 ‹magnificen-

1264 2434 1345 2476 per
1358 2434 1575 2475 purpureas
1593 2421 1797 2473 intelligit
1829 2420 2051 2473 pulchras:
2083 2418 2146 2462 sic

1266 2487 1475 2527 Horatius
1494 2486 1619 2538 dicit,
1653 2488 1665 2510 ‘
1683 2485 1838 2527 Olores
1866 2494 2105 2537 purpureos
2118 2480 2147 2523 τ’

1268 2549 1486 2590 Columbae
1532 2555 1678 2590 autem
1727 2549 1928 2589 dicuutur
1975 2548 2148 2587 trahere

1268 2623 1439 2651 currum
1456 2612 1654 2662 Veneris,
1672 2611 1770 2664 quia
1782 2611 1848 2650 hae
1869 2622 1971 2650 aves
1990 2608 2148 2651 deditae

1268 2678 1369 2714 sunt
1389 2674 1535 2714 amori.
1580 2673 1708 2713 Unde
1740 2672 1995 2725 Oppianus:
2025 2669 2083 2711 Εὖ
2104 2685 2151 2711 τε

1267 2736 1346 2789 ’γὰρ
1366 2737 1405 2777 ἐς
1422 2735 1619 2789 φιλότητα.
1637 2735 1722 2776 θοαὶ
1745 2735 1933 2788 τρήρωνες
1959 2735 2059 2786 ἴωσι,
2079 2738 2151 2774 Μι-

319 2798 425 2839 tium
462 2800 786 2842 ostendendam.
833 2802 1066 2855 Virgilius:
1095 2805 1109 2826 ‘
1130 2803 1203 2843 Sa·

324 2872 400 2961 ἱνα
445 2862 636 2904 Dionaeae
673 2865 809 2906 Matri
842 2866 1052 2919 Divisque
1093 2865 1204 2906 fere-

359 2923 455 2964 am!

383 2991 461 3028 103
490 2990 746 3042 Exstruitur]
803 2992 965 3032 Currus
1001 2991 1210 3033 sternitur

326 3046 530 3100 floribus;
558 3057 604 3091 et
627 3051 805 3094 floridus
834 3059 902 3094 est
933 3059 1052 3095 totus
1070 3056 1208 3095 Vene-

328 3113 385 3153 ris
408 3119 663 3165 apparatus,
685 3119 813 3167 atque
834 3116 1079 3157 comitatus.

383 3174 514 3226 Juga]
544 3175 571 3217 J
578 3187 660 3227 uga
674 3183 775 3217 sunt
789 3177 912 3218 sedes
931 3177 975 3218 in
989 3191 1075 3231 qua
1091 3179 1212 3220 sedet

332 3249 494 3292 auriga.

388 3303 465 3341 104
496 3301 723 3353 Purpureas
752 3302 964 3354 columbas]
993 3304 1212 3346 Columbae

333 3364 528 3418 quaedam
560 3369 661 3406 sunt
694 3364 875 3407 violacei
917 3365 1098 3409 eoloris:
1145 3369 1214 3409 vel

1268 2801 1454 2853 ’γνύμεναι
1480 2800 1721 2852 στομάτεσσι
1747 2799 2036 2854 βαρυφθόγγοις
2060 2796 2152 2839 &Mi-

1273 2879 1390 2917 xmo:
1423 2865 1589 2910 Quando
1618 2865 1721 2905 enim
1751 2864 1796 2904 in
1817 2875 1985 2903 amorem
2013 2862 2154 2902 celeres

1277 2929 1475 2969 Columba»
1492 2929 1658 2980 coirent,
1690 2926 1839 2968 Mixto·
1864 2924 2004 2965 rostris
2023 2935 2154 2974 geme-

1278 2993 1417 3033 bundis
1431 2992 1621 3042 conjugis.

1333 3059 1413 3095 106
1439 3055 1615 3104 Athesis,
1640 3051 1804 3103 Larius,
1830 3050 2025 3100 Benacus,
2044 3049 2156 3089 Min·

1278 3117 1382 3168 cius]
1407 3116 1520 3156 Sunt-
1535 3114 1717 3155 totidem
1735 3111 1910 3154 flumina
1938 3118 2013 3152 aut
2040 3113 2156 3153 lacus

1280 3179 1436 3221 Gauiae
1471 3176 1718 3229 Cisalpinae,
1762 3188 1838 3217 seu
1884 3177 2064 3228 Italicae,
2103 3175 2159 3216 de

1281 3241 1437 3295 quibus
1456 3251 1599 3291 supra.
2143 3286 2158 3294 ,Α

1336 3307 1417 3344 109
1443 3302 1634 3354 Padusae]
1679 3303 1747 3342 Ex
1778 3302 1901 3343 Pado
1928 3301 1941 3323 ‘
1962 3300 2161 3354 Angusta

1282 3363 1397 3407 fossa
1414 3365 1662 3407 Ravennam
1673 3364 1877 3417 trahitur,
1894 3364 1969 3406 ubi
1986 3363 2163 3407 Padusa
