2300 3906
699 231 778 270 nn
820 231 904 270 vt.
940 232 1113 273 cous,
1152 232 1383 273 nonon.
1831 219 1939 275 801

131 349 481 417 Dispositum
506 349 780 401 turbasset
802 366 959 417 opus,
1033 352 1216 420 Prope
1240 356 1439 420 captus
1464 350 1714 403 anhelum
1833 350 1943 403 225

130 431 376 486 Verbere
403 433 556 497 cogis
578 448 784 498 equum
806 449 818 481 t
856 452 957 487 nec
984 440 1039 487 te
1062 436 1268 487 vitasse
1294 436 1566 488 dolemus·

131 516 163 569 1
187 518 373 584 potius
402 515 579 581 gentis
605 510 890 584 reliquum,
915 520 1194 587 tantisque
1221 524 1503 586 superstes

132 599 381 652 Danubii
407 599 649 665 populis,
676 602 713 663 i,
739 608 979 654 nostrum
1003 602 1131 654 vive
1156 607 1445 669 tropaeum.

130 681 260 734 Non
286 687 470 734 tamen
494 684 763 748 ingenium
792 688 958 737 tantis
983 702 1045 738 se
1070 685 1324 738 cladibus
1350 691 1511 739 atrox

132 764 367 833 Dejicit:
405 766 627 818 occulto
654 770 900 820 tentabat
922 769 1138 822 tramite
1157 768 1380 831 montiS,
1835 767 1945 824 230

131 847 196 900 Si
220 864 329 916 qua
345 864 441 915 per
464 851 732 916 scopulos
758 853 968 904 subitas
992 853 1274 920 exquirere
1299 857 1489 920 posset

132 932 202 985 In
226 931 461 984 Rhaetos
487 932 790 1003 Gallosque
811 938 956 989 vias.
1030 937 1142 990 Sed
1166 938 1355 990 fortior
1378 940 1564 991 obstat

135 1015 280 1070 Cura
304 1016 458 1069 ducis
480 1034 492 1069 z
532 1020 656 1085 quis
682 1021 829 1072 enim
852 1022 1101 1075 divinum
1125 1023 1313 1074 fallere
1339 1026 1533 1091 pectus

132 1154 240 1194 deret
260 1154 392 1201 morti,
407 1154 486 1193 nisi
504 1156 620 1194 ardor
633 1155 755 1195 Alani
773 1157 1028 1209 imprudentis
1043 1160 1160 1199 stulte
1174 1163 1406 1211 properatus
1421 1159 1620 1200 evertisset
1635 1159 1837 1200 consilium
1851 1171 1953 1211 proe-

128 1213 323 1259 paratum.
378 1209 437 1246 Tu
449 1206 541 1255 fere
558 1213 693 1260 eaptus
704 1211 832 1261 adigis
846 1211 1002 1251 stimulo
1021 1225 1156 1263 equum
1167 1212 1390 1262 fatigatum
1402 1226 1418 1259 ;
1436 1225 1556 1264 neque
1573 1226 1772 1253 moeremus
1792 1218 1831 1253 te
1850 1213 1950 1265 effu·-

129 1261 250 1323 gisse.
276 1261 355 1300 Abi
374 1262 509 1300 melius
527 1266 574 1300 ut
589 1263 765 1312 reliquia>
781 1265 920 1316 stirpis
939 1271 1040 1316 tuae,
1059 1270 1096 1304 et
1111 1265 1382 1316 superfuturus
1399 1269 1457 1304 tot
1475 1266 1695 1305 nationibus
1713 1266 1810 1305 Istri
1823 1281 1836 1305 .-
1868 1266 1950 1316 abi,

131 1327 219 1354 vive
238 1319 286 1354 ut
304 1321 621 1354 monumentum
656 1317 845 1366 triumphi
876 1319 1014 1357 nostri.
1070 1320 1203 1368 Neque
1230 1322 1360 1357 tamen
1383 1320 1533 1357 animus
1563 1319 1657 1369 ejus
1678 1319 1887 1358 indomitus
1911 1331 1952 1358 se

132 1368 307 1408 demittit
336 1368 459 1407 tantis
476 1368 667 1409 coedibus:
690 1370 885 1420 quaerebat
911 1372 1025 1410 colles
1051 1372 1116 1410 via
1130 1371 1341 1419 incognita,
1360 1371 1396 1410 si
1422 1383 1496 1422 qua
1512 1371 1579 1409 via
1597 1373 1739 1410 valeret
1765 1383 1836 1422 per
1856 1383 1955 1411 saxa

131 1421 306 1461 invenire
333 1422 412 1461 iter
441 1422 683 1472 repentinum
706 1424 748 1462 in
777 1424 937 1463 Rhaetos
953 1428 991 1463 et
1014 1424 1160 1464 Gallos.
1216 1424 1273 1463 At
1287 1425 1497 1475 prudentia
1516 1424 1689 1463 ductoris
1707 1424 1952 1464 Stilichonis

131 1475 354 1526 generosior
371 1475 496 1516 obest.-
521 1488 610 1515 nam
628 1476 712 1527 quis
731 1478 858 1517 valeat
887 1478 1065 1528 decipere
1090 1477 1323 1529 sapientiam
1342 1489 1476 1530 prope
1494 1477 1680 1529 divinam,
1696 1481 1734 1517 et
1752 1479 1876 1517 oculos
1893 1476 1954 1516 in-

899 1594 1195 1611 omOCGOOO‘O

137 1674 281 1715 Oxon.
304 1686 388 1715 sec.
408 1674 624 1724 festinatus
643 1676 710 1716 vel
721 1676 955 1725 festinantis
969 1677 1090 1718 Med.
1109 1682 1211 1717 tert.
1246 1677 1400 1716 Halani
1417 1677 1518 1717 Vat.
1537 1679 1757 1717 sem—225
1791 1676 1957 1728 Deposi-

134 1732 219 1783 tum
238 1729 399 1768 Moret.
422 1741 485 1779 pr.
504 1730 672 1769 Tholos.
715 1730 928 1770 trabeasset
961 1744 1036 1782 pro
1062 1731 1253 1770 turbasset
1276 1731 1360 1770 inc.
1390 1730 1541 1769 Heius.
1582 1734 1716 1769 cautus
1733 1731 1850 1770 Rott.
1871 1730 1954 1768 duo

137 1781 291 1822 Petav.
322 1783 487 1822 Borion.
510 1782 609 1822 Pat.
627 1784 795 1822 Tholos.
816 1785 918 1823 Var.
941 1785 1026 1823 LL.
1048 1784 1116 1823 ed.
1138 1783 1404 1824 Antv.—226
1422 1783 1577 1831 jurasse
1596 1795 1673 1834 pro
1690 1783 1831 1823 vitasse
1855 1783 1953 1822 Pat.

137 1838 271 1875 —227
297 1836 430 1883 gentis
445 1836 635 1886 reliquum
654 1836 738 1876 duo
757 1838 878 1876 Vatt.
899 1838 995 1878 Pal.
1017 1839 1142 1877 Farn.
1162 1838 1283 1877 Rott.
1323 1837 1436 1887 genti
1453 1836 1643 1887 reliquum
1663 1836 1799 1875 Oisel.
1823 1836 1958 1886 gentis

137 1887 255 1928 Prie.
294 1889 408 1937 genti
428 1889 548 1927 Med.
566 1894 669 1929 tert.
699 1901 753 1929 m.
784 1903 845 1941 pr.
880 1891 982 1929 Put.
1010 1891 1165 1929 Petav.
1199 1903 1287 1930 sec.
1319 1896 1364 1928 et
1397 1902 1461 1940 pr.
1494 1901 1551 1928 m.
1582 1901 1667 1929 sec.
1686 1890 1853 1929 Bonon.
1873 1889 1957 1928 duo

138 1939 289 1981 Ambr.
310 1941 417 1980 Exc.
437 1941 620 1980 Lucens.
642 1953 727 1982 sec.
771 1944 884 1992 genti
902 1945 969 1982 vel
986 1943 1119 1993 gentis
1137 1944 1236 1982 Pat.
1286 1943 1444 1994 reliquae
1470 1941 1587 1981 Med.
1605 1949 1743 1993 quart.
1787 1942 1959 1992 reliquus

138 1994 268 2035 Leni.-
295 2006 360 2044 pr.
391 1999 479 2034 tres
498 1995 621 2034 Vatt.
640 1995 724 2035 inc.
745 1996 898 2035 Heius.
919 1997 1082 2036 Mazar.
1114 1996 1197 2035 duo
1225 1996 1382 2035 Petav.
1401 1996 1565 2034 Bonou.
1585 1995 1685 2034 Pat.
1703 1994 1787 2033 duo
1806 1994 1957 2034 Ambr.

134 2048 247 2098 genti
264 2047 436 2098 reliquus
465 2048 625 2088 Moret.
646 2061 710 2099 pr.
733 2049 831 2090 Vat.
853 2049 990 2090 Livin.
1009 2050 1111 2089 Var.
1140 2050 1226 2088 LL.
1251 2049 1319 2087 ed.
1345 2046 1477 2087 Antv.
1515 2049 1648 2097 gentis
1666 2047 1833 2098 reliquus
1852 2054 1895 2087 et
1915 2047 1960 2086 in

134 2101 322 2151 margine
337 2101 568 2152 ascriptum
598 2100 627 2142 f.
652 2102 766 2152 genti
784 2104 1030 2142 Low—228
1047 2103 1090 2141 in
1108 2106 1282 2141 nostrum
1299 2101 1401 2141 Vat.
1419 2113 1506 2140 sec.
1530 2101 1647 2140 Med.
1666 2106 1768 2140 tert.
1798 2100 1959 2140 Thuan.

139 2155 305 2194 Mazar.
342 2155 498 2193 Petav.
531 2160 633 2195 tert.
659 2155 831 2196 Tholos.
852 2154 1002 2194 Ambr.
1023 2161 1125 2195 tert.
1144 2156 1303 2194 Moret.
1326 2167 1413 2194 sec.
1435 2154 1518 2193 duo
1539 2154 1681 2194 Oxon.
1728 2158 1767 2192 et
1787 2157 1962 2193 nostrum

138 2208 242 2248 Vat.
264 2220 328 2259 pr.
349 2213 393 2247 et
414 2213 516 2247 tert.
536 2209 633 2248 Pal.
655 2209 769 2248 Prie.
787 2210 904 2248 Rott.
935 2209 1069 2249 oisel.
1096 2207 1246 2248 Ambr.
1282 2220 1365 2247 sec.
1395 2209 1600 2247 inostrum
1630 2206 1751 2247 Leid.
1770 2219 1854 2246 sec.
1876 2206 1961 2246 duo

137 2261 261 2301 Vatt.
281 2262 405 2301 Farn.
424 2261 543 2302 Med.
563 2267 703 2314 quart.
723 2262 807 2302 inc.
829 2262 982 2302 Heius.
1010 2262 1111 2301 Put.
1144 2262 1228 2301 duo
1248 2262 1401 2300 Petav.
1420 2261 1585 2300 Bonon.
1604 2260 1703 2299 Pat.
1725 2259 1873 2300 Ambr.
1895 2272 1962 2310 pr.

139 2314 247 2355 Exc.
267 2314 446 2354 Gevart.
476 2315 518 2353 in
537 2316 605 2354 vel
623 2316 639 2354 i
656 2319 832 2354 nostrum
849 2317 952 2354 Var.
973 2316 1058 2356 LL.
1080 2327 1103 2353 e
1123 2326 1259 2365 marg.
1276 2315 1421 2353 Parm.
1450 2314 1659 2364 triumphis
1677 2325 1754 2364 pro
1773 2316 1962 2365 tropaeum

139 2368 242 2408 Vat.
263 2368 536 2420 quinte—229
564 2370 648 2408 Nec
668 2371 797 2408 tumen
816 2369 900 2408 inc.
919 2368 1068 2408 Heins.
1085 2368 1302 2407 Tholos.—
1311 2370 1391 2406 230
1417 2367 1597 2405 tendebat
1615 2366 1779 2405 Tholos.
1817 2365 1964 2406 vertice

143 2421 267 2461 Leid.
301 2433 387 2461 sec.
421 2421 539 2460 Prie.
576 2423 691 2461 Rott.
723 2421 843 2460 Med.
878 2433 963 2460 sec.
995 2421 1160 2461 Thuan.
1192 2420 1348 2459 Petav.
1376 2431 1463 2458 sec.
1491 2420 1663 2458 Tholos.
1692 2417 1841 2459 Ambr.
1860 2424 1962 2458 tert.

142 2475 268 2513 Voss.
287 2474 389 2514 Jun.
410 2486 473 2524 pr.
496 2473 638 2514 Oxon.
668 2485 754 2513 sec.
782 2475 887 2514 LoV.
906 2475 1067 2513 Moret.
1092 2486 1175 2513 sec.
1205 2474 1311 2512 Exc.
1333 2472 1512 2511 Gevart.
1555 2471 1715 2511 tramite
1732 2472 1803 2510 vel
1821 2472 1964 2511 vertice

145 2527 287 2567 Oxou.
309 2538 374 2577 pr.
401 2526 551 2577 obliquo
569 2527 715 2566 vertice
735 2528 804 2566 vel
829 2528 972 2566 occulto
1000 2527 1161 2566 tramite
1194 2526 1288 2565 Pal.
1317 2524 1435 2564 Med.
1468 2537 1531 2574 pr.
1577 2526 1719 2564 montis
1738 2524 1821 2564 duo
1839 2525 1979 2564 Vatt.

143 2581 239 2620 Pal.
274 2580 400 2619 Farn.
435 2580 556 2619 Rott.
596 2583 742 2619 montes
771 2579 891 2620 Leid.
913 2592 978 2630 pr.
998 2580 1081 2619 duo
1101 2580 1220 2618 Vatt.
1241 2578 1374 2618 Oisel.
1396 2577 1516 2616 Med.
1539 2584 1678 2629 quart.
1700 2577 1783 2617 inc.
1813 2577 1964 2619 Heius.

144 2634 248 2673 Put.
282 2633 379 2672 Pat.
408 2633 563 2672 PetaV.
595 2637 700 2672 tert.
730 2632 814 2672 duo
844 2631 995 2674 Ambr.
1028 2633 1188 2672 Moret.
1210 2644 1276 2684 pr.
1295 2630 1666 2671 Vat.Livin.Exe.
1685 2630 1791 2670 Cod.
1811 2631 1962 2673 Rhem.

144 2686 248 2726 Var.
270 2687 357 2726 LL.
378 2686 446 2725 ed.
466 2685 597 2726 Antv.
643 2686 786 2725 montis
812 2687 879 2725 vel
911 2690 1058 2725 montes
1088 2687 1189 2725 Vat.
1221 2687 1416 2737 pin—231
1446 2683 1493 2722 Si
1510 2697 1584 2735 qua
1603 2684 1686 2723 duo
1706 2683 1857 2724 Leidd.
1878 2684 1965 2724 duo

145 2740 267 2780 Vatt.
286 2739 402 2779 Prie.
421 2740 610 2780 Florent.
633 2738 780 2779 Ambr.
801 2752 864 2789 pr.
884 2740 1024 2779 Oxon.
1044 2751 1110 2790 pr.
1125 2740 1225 2778 Vat.
1245 2738 1382 2777 Livin.
1403 2738 1510 2777 Exc.
1528 2738 1707 2777 Gevart.
1723 2743 1769 2776 et
1781 2738 1965 2777 Lucens.

147 2805 214 2844 pr.
252 2793 300 2832 Si
321 2805 415 2843 quas
434 2799 521 2832 tres
540 2794 664 2832 Vatt.
680 2792 774 2832 Pal.
797 2794 926 2832 Farn.
943 2794 1063 2832 Rott.
1088 2792 1140 2831 Si
1158 2805 1271 2844 quam
1287 2792 1390 2831 Put.
1415 2792 1574 2842 populos
1590 2791 1715 2830 Voss.
1736 2790 1857 2830 Leid.
1876 2802 1966 2830 see.

147 2847 254 2886 Exc.
274 2846 450 2886 Gevart.
475 2846 597 2897 possit
618 2847 779 2886 Moret.
799 2849 1019 2887 sem—232
1050 2846 1179 2884 Renos
1209 2847 1314 2884 Lov.
1337 2844 1478 2884 oxon.
1498 2856 1563 2895 pr.
1604 2845 1647 2883 in
1668 2845 1802 2883 Cretes
1821 2843 1966 2884 Oxou.

148 2911 235 2940 sec.
275 2899 430 2938 Rhenes
448 2900 555 2949 Reg.
575 2900 735 2939 Moret.
756 2911 844 2939 sec.
889 2900 1024 2938 Gallos
1050 2899 1270 2950 Rhetosque
1297 2899 1455 2937 Moret.
1489 2909 1553 2947 pr.
1595 2901 1725 2937 exstat
1745 2909 1822 2947 pro
1841 2896 1967 2936 obstat

147 2953 269 2993 Med.
287 2956 562 3005 quarn—233
589 2953 766 2992 divorum
797 2965 875 3005 pro
907 2953 1082 2993 divinum
1114 2952 1215 2992 Pat.
1258 2951 1382 3003 possit
1412 2952 1557 2991 Pectus
1585 2952 1690 2991 Lov.
1721 2951 1882 2990 Mor-et.
1903 2961 1975 3002 pr.

970 3059 1151 3100 NOTAE

149 3151 444 3204 praevertisset
470 3152 647 3192 consilia
674 3153 932 3205 Stilichonis,
950 3153 1029 3192 sic·
1099 3151 1239 3191 vivum
1259 3149 1343 3190 fuit
1361 3151 1567 3190 Romanae
1591 3147 1854 3189 fortitudinis
1880 3159 1969 3189 mo-

151 3210 237 3268 que
256 3215 337 3267 ipsi
357 3215 568 3255 evadendi
586 3216 851 3256 occasionem
871 3216 1030 3269 impru-
1097 3220 1360 3256 numentum.

153 3277 259 3317 dens
278 3278 479 3319 dedisset.
1148 3281 1228 3319 233
1257 3278 1449 3319 Divinum
1463 3276 1616 3329 pectus]
1645 3275 1801 3315 Omnia
1820 3272 1970 3326 praevi-

209 3342 289 3379 228
321 3341 545 3393 'R-opaeum]
594 3342 690 3382 Nec
721 3341 956 3382 immerito:
997 3340 1031 3380 si
1098 3341 1220 3395 dens,
1240 3342 1373 3382 instar
1391 3341 1521 3382 divini
1539 3340 1734 3383 numinis..

156 3402 268 3443 enim
304 3401 366 3441 ita
401 3403 604 3453 spoliatus
635 3408 702 3443 est
738 3408 883 3445 tantus
919 3405 1033 3453 Rex,

265 3468 408 3521 Πειρη.
428 3472 468 3509 et
487 3468 581 3510 ναν.
603 3470 711 3512 σιω.
1001 3471 1143 3514 ctam.
1774 3470 1798 3505 ³
1827 3466 1864 3505 E
