2300 3906
314 179 423 235 876
885 196 976 235 01..
1017 191 1369 233 oLAumAm
1412 192 1581 232 xxx.

318 314 435 367 Hic
457 316 660 377 socius,
688 313 802 365 dux
826 311 917 363 ille
941 309 1071 361 mihi
1097 326 1111 374 ;
1149 310 1437 377 nostrique
1461 327 1560 378 per
1582 311 1763 363 aulam

389 398 610 450 Ordinis
635 398 726 448 hic
754 410 976 449 consors
1002 395 1219 457 emicat,
1242 395 1336 445 ille
1362 398 1531 461 prior.

319 485 489 537 Hunc·
515 484 643 533 mihi
671 480 947 548 conjungit
972 480 1168 532 studiis
1194 481 1573 532 communibus
1600 485 1770 547 aetas3

391 569 560 619 Hunc
586 567 716 617 mihi
742 567 1003 632 proponit
1027 565 1114 616 vel
1141 565 1351 617 senium
1380 564 1469 615 vel
1493 565 1682 617 honOS.

320 650 549 704 Carmen
577 665 730 701 amor
756 651 959 716 generi,
987 651 1165 701 soceri
1190 649 1491 700 reverentia
1517 650 1724 716 poscit,

389 733 590 788 Officio
614 736 783 797 vatiS,
812 736 999 786 militis
1024 733 1311 800 obsequie.

2105 483 2141 533 2⁷1

314 905 426 956 potui
447 905 585 945 Socero
603 905 841 945 stilichoni.
901 905 982 944 Hic
1003 905 1221 944 Palladius
1252 904 1376 944 socius
1403 903 1499 943 mihi
1518 907 1601 952 est,
1618 903 1685 943 ille
1711 902 1887 943 Stilicho
1917 905 2080 951 ductor;
2107 908 2147 944 et

317 959 361 997 in
391 960 517 1007 Regia
536 959 599 998 hic
618 971 740 998 comes
768 962 886 997 coetus
912 959 1050 1007 nostri,
1080 959 1145 999 ille
1167 959 1322 1010 primus
1351 957 1517 997 eminet.-
1545 960 1643 995 oetas
1670 958 1825 1005 colligat
1859 958 1957 996 hunc
1987 959 2083 997 mihi
2101 958 2147 996 ob

319 1012 448 1050 studia
465 1012 625 1059 similia,
642 1016 679 1049 et
699 1017 872 1051 senectus
903 1015 943 1050 et
971 1011 1148 1061 dignitas
1164 1016 1402 1062 anteponunt
1422 1010 1519 1050 mihi
1537 1010 1670 1049 illum:
1698 1010 1871 1050 amicitia
1892 1024 1985 1050 mea
2003 1011 2045 1049 in
2068 1011 2149 1050 Ge-

317 1076 451 1156 ngrgm
474 1064 575 1114 petit
606 1076 735 1104 versus
768 1077 822 1104 ex
853 1077 1012 1105 munere
1032 1064 1184 1118 Poetae,
1202 1064 1399 1105 veneratio
1417 1076 1512 1105 mea
1530 1064 1574 1102 in
1594 1063 1779 1103 Socerum
1796 1065 1908 1116 petit
1927 1076 2072 1105 versus
2093 1076 2147 1103 ex

319 1129 340 1155 o
367 1129 385 1156 e
414 1116 536 1157 ientia
553 1117 705 1158 militis.

1090 1226 1384 1242 OOOO‘IOOO‘OO

319 1304 489 1345 videtur
526 1304 570 1343 in
589 1304 1036 1353 Junianis‚v0ssianis
1067 1312 1113 1346 et
1142 1307 1403 1356 Heinsianis,
1437 1318 1603 1346 necnon
1635 1307 1677 1345 in
1712 1307 1854 1347 Oxon.
1879 1318 1945 1357 pr.
1978 1318 2032 1346 ex
2061 1307 2150 1346 solo

321 1358 480 1410 quippe
502 1358 642 1398 Oxon.
665 1370 750 1397 sec.
776 1360 878 1399 Var.
899 1360 985 1398 LL.
1019 1360 1073 1398 ab
1109 1360 1291 1399 Heinsio
1321 1366 1508 1399 enotatae
1539 1366 1806 1410 comparent.
1863 1360 1915 1399 Iu
1946 1360 2047 1400 Put.
2082 1361 2155 1400 In-

318 1411 495 1462 criptio,
526 1413 565 1449 in
588 1412 740 1453 Sched.
774 1425 874 1451 vero
898 1413 1010 1452 Gnd.
1035 1412 1242 1452 Praefatio
1278 1412 1443 1451 deerat.
1501 1413 1552 1452 In
1585 1413 1743 1452 Aldina
1769 1413 1957 1452 editione
1990 1412 2155 1453 Praefa-

321 1463 382 1502 tio
413 1464 525 1503 inter
556 1466 878 1516 Epigrammata
912 1466 1082 1514 legitur.
1151 1466 1203 1505 In
1236 1466 1343 1505 Cod.
1376 1467 1526 1504 Rhem.
1553 1466 1809 1504 inscribitur
1849 1467 2156 1515 Epithalamium

320 1516 491 1557 Serenoe.
548 1518 599 1556 In
619 1518 777 1557 Moret.
798 1530 862 1568 pr.
884 1524 978 1557 erat
998 1517 1145 1568 Incipit
1167 1517 1457 1567 Epithalamius
1487 1517 1629 1556 dictus.
1684 1517 1769 1555 Sed
1789 1517 2022 1568 Inscriptio
2042 1519 2156 1558 simi-

319 1569 421 1608 liter
440 1570 603 1608 deerat.
623 1571 725 1609 Vat.
748 1569 886 1609 Livin.
921 1576 968 1608 et
999 1570 1153 1608 Sched.
1188 1569 1302 1607 Gud.
1352 1569 1660 1620 Epithalamium
1692 1570 1866 1609 Palladii
1892 1576 1930 1610 et
1967 1573 2157 1612 Celerinae

320 1627 489 1661 vocant.
547 1621 597 1659 In
619 1623 802 1662 Lucem.
822 1635 884 1672 pr.
904 1622 1063 1661 dicitur
1083 1623 1439 1662 Epi-rnAmmus
1464 1633 1620 1662 merus
1637 1623 1872 1663 PAmeo
1886 1625 2155 1666 ...ΤιιιΒυΝο

322 1685 378 1714 m·
399 1674 619 1714 NoTAmo
639 1686 695 1713 m·
725 1675 947 1714 CELmum
975 1676 1024 1726 [l.
1047 1675 1328 1725 Cannium]
1363 1676 1460 1714 Vat.
1483 1688 1546 1725 pr.
1568 1676 1760 1725 exhibet,
1784 1677 1932 1728 Incipit
1955 1678 2160 1730 Epithala-

320 1727 442 1766 mium
455 1728 602 1766 dictum
619 1727 799 1767 Palladio
824 1729 870 1768 V.
892 1729 953 1766 ct.
972 1733 1010 1767 et
1032 1728 1234 1768 Celerinae.
1280 1727 1329 1766 In
1352 1730 1526 1779 antiquo
1548 1728 1727 1780 Gya-aldi
1747 1730 1853 1769 Coa.
1875 1738 1983 1780 erat,
2014 1732 2160 1783 Incipit

321 1780 634 1831 Epithalamium
653 1781 798 1820 dictum
819 1781 1001 1821 Palladio
1026 1782 1073 1822 V.
1095 1782 1154 1821 Cl.
1178 1780 1348 1822 Tribuno
1367 1785 1406 1821 et
1425 1782 1606 1822 Notat-io.
1627 1786 1769 1822 caetera
1786 1797 1857 1823 non
1877 1785 2157 1836 percipiuntur.

322 1834 426 1872 Var.
448 1835 531 1873 LL.
551 1834 620 1872 ed.
644 1833 775 1873 Antv.
797 1834 1054 1885 simpliciter
1074 1835 1405 1885 Epithalamium
1425 1841 1580 1876 vocant
1599 1835 1690 1876 sine
1710 1837 1795 1876 ulla
1815 1837 2117 1888 Inscriptione.

377 1890 399 1925 1
422 1886 569 1934 festiva
604 1887 742 1926 Oisel.
789 1900 973 1938 negarem
1008 1889 1092 1927 dno
1124 1889 1246 1928 Vatt.
1283 1889 1404 1928 Rott.
1443 1888 1566 1930 Med.
1597 1901 1686 1930 sec.
1730 1895 1936 1940 negantem
1957 1892 2052 1931 Pal.
2074 1891 2158 1932 duo

322 1940 441 1979 Med.
469 1941 629 1988 tegmini
643 1941 746 1979 Vat.
768 1954 830 1990 pr.
871 1946 1117 1991 nostramque
1134 1954 1206 1993 per
1224 1943 1354 1988 aulam
1374 1942 1542 1982 Buslid.
1578 1955 1733 1982 consors
1746 1944 1902 1992 emicat,
1920 1945 1988 1983 ille
2005 1945 2159 1986 Petav.

322 2004 387 2044 pr.
407 1991 508 2033 Ald.
539 1994 739 2044 conjunxit
758 1995 858 2034 Vat.
881 2001 1020 2043 quart.
1040 1995 1188 2034 Ambr.
1210 2007 1276 2046 pr.
1305 1996 1484 2047 proponit
1504 1995 1626 2035 Med.
1647 2008 1734 2036 sec.
1751 1997 1912 2036 Mor-et.
1932 2009 1998 2048 pr.
2039 1998 2160 2038 honor

325 2046 446 2085 Med.
466 2059 531 2098 pr.
554 2046 701 2086 Ambr.
722 2059 785 2096 pr.
814 2046 929 2095 ignos
948 2060 1025 2097 pro
1043 2048 1160 2087 honos
1176 2050 1280 2087 Exc.
1297 2049 1477 2088 Lucens.
1507 2061 1570 2099 pr.
1610 2061 1720 2090 amor
1736 2050 1875 2099 soceri,
1900 2051 2038 2099 generi
2055 2063 2162 2091 reve-

323 2099 454 2138 rentia
482 2100 577 2139 Pal.
612 2099 731 2138 Med.
761 2111 828 2149 pr.
871 2102 995 2149 poscit
1024 2101 1174 2140 deerat
1191 2101 1292 2141 Vat.
1322 2113 1389 2151 pr.
1430 2105 1595 2152 poscunt
1612 2103 1719 2142 Exc.
1738 2104 1838 2143 Pat.
1860 2115 1948 2144 rec.
1971 2103 2159 2156 Obsequio

323 2152 428 2204 nati,
446 2153 587 2192 militis
601 2152 724 2205 officio
740 2152 904 2192 Buslid.
930 2152 1054 2205 officio
1072 2165 1152 2206 pro
1170 2153 1349 2205 obsequio
1364 2154 1470 2196 Exc.
1489 2154 1588 2194 Par.
1609 2166 1694 2194 rec.

1158 2290 1342 2334 No'rAE

380 2394 406 2430 7
438 2390 604 2429 Carmen
638 2388 767 2438 amor]
812 2387 958 2428 offero
993 2388 1210 2440 Epithala-
1333 2393 1360 2429 8
1391 2390 1529 2443 Officio
1546 2391 1666 2445 vatis]
1692 2391 1942 2434 Officiosum
1962 2396 2077 2437 euim
2095 2404 2163 2440 est

326 2453 456 2493 mium
486 2451 697 2500 Palladio,
727 2451 827 2502 qnia
854 2464 945 2492 sum
978 2457 1117 2503 vates,
1148 2452 1212 2504 ip·
1278 2453 1369 2493 vati
1389 2454 1551 2496 socium
1572 2468 1694 2495 suum
1713 2456 1906 2497 versibus
1927 2460 2160 2509 praedicare

328 2526 505 2566 sumque
525 2526 634 2554 amo.
683 2512 834 2554 Offero
853 2513 1092 2565 stilichoni,
1112 2515 1213 2569 quia
1276 2515 1322 2558 in
1341 2522 1462 2560 tanta
1479 2516 1716 2560 festivitate
1733 2519 1990 2573 nuptiarum.

329 2589 422 2619 sum
441 2576 565 2631 hujus
585 2576 720 2630 miles,
737 2576 960 2634 ipsumque
977 2587 1171 2622 veneror.
