2300 3906
2 1440 4 1449 Ι
57 1420 69 1430 ,,
90 1394 129 1429 et
147 1401 315 1429 amorem
343 1390 491 1430 mariti.

553 196 619 234 IN
663 196 707 235 1.
747 197 920 236 CONS·
959 196 1226 237 STILIGH.
1267 196 1389 235 [ΑΒ.
1432 200 1469 237 1.

106 317 340 369 Deterso
367 314 599 366 necdum
625 316 905 380 repetebat
929 318 1195 382 sanguine
1223 332 1494 384 campum.

105 400 228 452 Nec
255 400 402 451 stetit
428 398 683 449 Eucherii
708 398 838 448 dum
863 407 1116 467 carperet
1141 402 1336 452 oscula
1357 400 1556 452 saltem

103 483 215 534 Per
239 483 475 547 galeam.
551 481 742 532 Patris
768 484 1021 535 stimulos
1049 486 1314 551 ignesque
1340 484 1525 536 mariti

101 565 294 618 Vincit
318 581 451 618 cura
476 564 655 616 duciS.
733 566 969 630 Quoties
995 569 1098 619 sub
1125 567 1359 634 pellibus
1384 567 1498 632 egit

99 648 321 702 Edonas
345 650 586 716 hyemeS‚
614 654 668 701 et
692 650 831 701 tardi
856 651 1035 702 fiabra
1060 651 1261 702 Bootae

99 732 214 784 Sub
240 731 332 783 dio
359 731 604 799 Riphaea
629 732 781 784 tulit!
822 749 1056 801 cumque
1081 734 1207 799 igne
1233 733 1541 800 propinquo

99 814 325 881 Frigora
350 817 449 867 vix
470 816 669 867 ferrent
694 816 810 879 alii,
838 820 965 868 tunc
991 817 1144 867 triste
1165 817 1435 883 rigentem

97 900 414 952 Danubium
441 901 700 952 calcabat
724 917 913 968 equcS,
939 902 1273 969 nivibusque
1299 900 1635 969 profundum

95 981 410 1035 Scandebat
436 984 694 1034 cristatus
721 982 930 1046 Athon,
955 985 1179 1052 lateque
1206 1001 1443 1037 corusco

94 1064 364 1118 Curvatas
390 1067 568 1133 glacie
594 1067 781 1133 sylvas
803 1067 1043 1117 umbone
1067 1069 1274 1120 ruebat.

94 1147 260 1201 Nunc
285 1165 460 1217 prope
486 1147 766 1201 Cimmerii
787 1148 1056 1201 tendebat
1078 1150 1263 1202 littora
1289 1151 1455 1202 Ponti
1476 1168 1489 1202 :

1821 398 1926 449 120

1817 817 1923 869 125

92 1283 182 1322 dum
199 1294 332 1322 eruore
345 1282 531 1335 absterso,
549 1283 748 1324 remeabat
767 1284 808 1324 iu
827 1297 1002 1335 campum
1021 1285 1245 1325 Martium.
1292 1286 1429 1337 Neque
1447 1285 1627 1326 constitit
1642 1287 1762 1326 donec
1777 1284 1921 1336 libaret

91 1336 218 1376 oscula
239 1336 428 1376 Eucherii
460 1336 538 1376 filii
555 1339 693 1376 saltem
709 1350 782 1389 per
809 1339 1012 1378 cassidem.
1073 1340 1179 1378 Cura
1205 1340 1378 1378 ductoris
1407 1343 1564 1390 superat
1588 1340 1762 1379 studium
1792 1340 1922 1390 patris

551 1391 715 1435 Quoties
734 1392 915 1430 traduxit
942 1392 1010 1430 sub
1031 1393 1214 1431 tentoriis
1242 1393 1394 1444 hyemes
1414 1393 1618 1442 Thracias,
1651 1397 1690 1432 et
1719 1404 1920 1443 perpessus

90 1446 148 1487 est
163 1441 231 1481 sub
249 1443 348 1482 Jove
376 1441 535 1494 frigido
562 1448 695 1483 ventos
722 1444 933 1495 Rhiphoeos
952 1446 1091 1484 Bootoe
1109 1444 1237 1484 lenti!
1264 1450 1304 1485 et
1332 1459 1419 1485 cum
1446 1447 1565 1485 ceteri
1593 1447 1662 1485 vix
1692 1449 1921 1496 paterentur

3 1523 7 1547 ι,
86 1495 177 1545 gelu
191 1495 282 1542 igne
294 1496 489 1547 propiore,
506 1500 600 1536 tunc
618 1497 796 1538 Stilicho
816 1511 927 1549 eques
948 1499 1169 1549 proterebat
1189 1499 1340 1538 Istrum
1366 1499 1618 1538 constrictum
1637 1499 1749 1538 tristi
1769 1498 1920 1549 glacie,

4 1555 8 1593 τ’
89 1551 128 1588 et
154 1549 334 1598 galeatus
362 1549 567 1600 superabat
595 1550 727 1590 Athon
746 1553 869 1590 altum
901 1552 1070 1602 nivibus,
1102 1556 1141 1591 et
1171 1552 1394 1603 impellebat
1423 1553 1588 1603 undique
1604 1557 1714 1591 scuto
1733 1552 1919 1592 rutilante

34 3268 39 3349 ἰ,

37 3361 40 3402 ἒ

6 1627 9 1666 4
88 1602 220 1652 sylvas
245 1604 446 1653 depressas
463 1603 564 1644 nive.
620 1604 742 1644 Modo
761 1605 845 1644 ibat
869 1607 921 1644 ad
940 1605 1077 1644 littora
1099 1607 1213 1657 ponti
1235 1606 1454 1658 Cimmerii,
1474 1608 1583 1646 modo
1604 1606 1790 1657 Rhodope
1808 1604 1919 1651 uubis

853 1709 1150 1725 OOOOOOOOOOO

90 1778 168 1816 119
195 1777 362 1815 nondum
382 1776 548 1816 Thuan.
567 1777 726 1819 Moret.
755 1790 817 1829 pr.
837 1778 921 1820 inc.
941 1778 1092 1818 Heius.
1131 1779 1331 1831 repetebas
1349 1779 1446 1819 Pal.
1479 1780 1670 1819 Florent.
1698 1778 1819 1818 Med.
1849 1791 1916 1830 pr.
1945 1816 1963 1832 ,

87 1829 445 1874 Τὴιιειι,.Μειῑαι’.
473 1830 577 1870 Jun.
608 1835 654 1869 et
686 1831 804 1872 Leid.
825 1836 1024 1882 pru—120
1056 1833 1232 1871 Exstitit
1262 1834 1345 1872 inc.
1367 1833 1517 1874 Heius.
1560 1833 1776 1872 Eucherius
1796 1832 1917 1873 Med.

89 1885 363 1934 quam—121
392 1884 559 1921 tumulos
577 1883 731 1923 Petav.
752 1896 838 1923 sec.
867 1886 1071 1935 ignemque
1092 1887 1199 1935 Reg.
1215 1886 1384 1925 Tholos.
1402 1887 1506 1925 Lov.
1523 1898 1578 1924 m.
1600 1898 1688 1924 sec.
1711 1886 1852 1925 Oxon.
1871 1890 1919 1925 et

90 1935 249 1974 Moret.
271 1947 357 1974 sec.
376 1936 526 1984 patrios
538 1935 714 1975 stimulos
727 1937 911 1988 ignesque
925 1939 1086 1977 maritos
1102 1938 1287 1977 malebat
1302 1939 1588 1978 Heins.-122
1615 1938 1742 1976 Vincit
1753 1939 1916 1977 Thuan.

11 1990 15 2010 ¹
87 1987 330 2029 Vat.Livin.
357 1988 464 2028 Vicit
480 1988 631 2039 viginti
652 1990 788 2029 Codd.
805 1990 903 2029 And.
917 1991 1024 2030 Exc.
1041 1991 1220 2031 Gevart.
1237 1992 1339 2031 Var.
1355 1992 1441 2031 LL.
1455 1991 1524 2030 ed.
1542 1990 1806 2030 Antv.—l23
1837 1990 1919 2029 Hi·

12 2076 16 2087 ,
87 2038 214 2081 bernis
231 2041 332 2082 Jun.
354 2054 419 2092 pr.
437 2042 595 2082 Edonas
612 2043 712 2083 Vat.
735 2048 833 2082 tert.
862 2043 981 2083 Pric.
1010 2056 1065 2083 m.
1087 2056 1150 2095 pr.
1188 2045 1364 2083 AEdonas
1384 2043 1504 2083 Med.
1534 2050 1636 2083 tert.
1663 2044 1764 2084 Var.
1783 2043 1870 2083 LL.
1891 2054 1916 2082 e

85 2092 215 2145 marg.
239 2095 382 2134 Par-m.
407 2095 583 2135 Edonias
602 2095 723 2136 Leid.
738 2108 805 2147 pr.
833 2109 928 2136 cum
950 2097 1137 2137 sedecim
1158 2098 1267 2148 aliis,
1295 2098 1403 2137 Exc.
1423 2098 1549 2147 Laeti,
1574 2098 1757 2136 Lucens.
1784 2109 1848 2147 pr.
1871 2101 1918 2135 et
1933 2096 1945 2105 ⁵

87 2146 156 2187 ed.
173 2147 314 2188 Vicet.
328 2148 533 2187 Sithonias
544 2149 662 2188 Med.
680 2155 819 2201 quart.
823 2151 964 2201 flagra
979 2150 1120 2190 Boiitoe
1136 2152 1240 2190 Lov.
1263 2151 1408 2190 Bootes
1421 2151 1522 2190 Vat.
1540 2152 1815 2202 quirin—124
1835 2148 1916 2188 Sub

87 2199 150 2240 dio
162 2201 280 2241 Med.
301 2207 439 2253 quart.
462 2202 567 2242 Exc.
583 2203 710 2243 Laeti.
737 2204 834 2243 duro
854 2203 972 2244 Med.
994 2209 1095 2244 tert.
1115 2205 1205 2243 divo
1226 2216 1370 2243 omnes
1393 2205 1515 2244 Vatt.
1535 2204 1631 2243 Pal.
1651 2204 1776 2243 Farn.
1798 2202 1917 2243 Prie.

87 2253 488 2295 Rott.oise1.-125
509 2268 609 2295 nuuc
627 2255 702 2296 iste
721 2258 842 2296 Rott.
870 2257 963 2307 igne
982 2258 1083 2297 Put.
1103 2257 1199 2297 Pat.
1221 2257 1337 2297 triste
1353 2258 1479 2298 Fam.
1498 2261 1598 2297 teste
1615 2258 1642 2298 J
1649 2269 1718 2296 un.
1740 2268 1803 2307 pr.
1834 2256 1917 2306 ipse

84 2313 279 2358 regentem
294 2308 462 2347 Thurin.
484 2309 581 2351 ister
594 2314 773 2359 agentem
787 2311 888 2351 Vat.
908 2323 972 2362 pr.
987 2323 1044 2351 m.
1062 2323 1126 2362 pr.
1146 2311 1223 2350 iste
1241 2323 1386 2350 omnes
1402 2312 1520 2352 Vatt.
1539 2311 1632 2350 Pal.
1646 2310 1761 2349 Prie.
1781 2309 1916 2350 Oisel.

86 2359 194 2401 Exc.
214 2361 474 2402 Laeti.—126
500 2363 668 2402 calcavit
689 2363 829 2405 Oxon.
850 2370 892 2403 et
910 2363 1060 2404 Ambr.
1084 2376 1148 2415 ρι’.
1180 2365 1339 2403 Moret.
1362 2375 1445 2403 sec.
1472 2363 1676 2414 profundis
1691 2363 1915 2402 Tholas.—

18 2414 20 2421 “
87 2411 164 2452 127
193 2413 328 2454 Athox
346 2414 450 2456 Lov.
496 2414 650 2455 corusco
684 2417 943 2456 Rott.—128
983 2418 1179 2456 Curvatus
1211 2417 1280 2456 ed.
1314 2417 1593 2455 Vicet.—-129
1620 2427 1765 2465 quoque
1794 2413 1914 2454 Med.

20 2483 22 2487 v
89 2477 178 2507 sec.
197 2479 254 2508 m.
273 2479 340 2519 ρι’.
365 2468 487 2520 probe
505 2469 678 2509 Miceuei
696 2470 790 2510 Pal.
836 2471 987 2510 Cumaei
1006 2470 1126 2510 Med.
1145 2474 1286 2521 quart.
1332 2469 1511 2508 miceneii
1532 2468 1652 2508 Med.
1671 2480 1734 2518 pr.
1751 2468 1913 2509 Thuan.

916 2589 1092 2630 NOTAE

139 2669 218 2706 119
238 2666 422 2717 Deterso]
446 2666 595 2706 Adhuc
609 2668 750 2719 gladio
762 2669 959 2708 rubente.

141 2731 219 2768 120
252 2729 456 2779 Eucherii]
499 2729 597 2768 Fuit
625 2730 694 2769 hic
728 2729 962 2770 infortuna-

25 2800 30 2826 :
85 2794 180 2837 tus:
201 2802 296 2829 nam
317 2791 462 2831 occiso
484 2796 606 2841 patre
624 2792 860 2832 Stilichone
877 2794 961 2831 Ro·

85 2864 196 2902 mam
211 2852 339 2905 fugit,
370 2854 442 2894 ubi
463 2854 515 2894 ab
535 2853 715 2894 Arsacio
734 2860 779 2894 et
798 2855 979 2895 Teren-⁸

87 2916 148 2963 tio
166 2917 379 2956 Eunuchis
395 2915 648 2958 interfectus
666 2922 746 2958 est.

139 2982 217 3020 122
278 2980 411 3020 Vincit
441 2992 537 3019 eura
569 2979 698 3031 ducis]
752 2981 857 3020 Dux
894 2986 961 3021 est

31 3053 35 3092 ζ
87 3046 173 3088 tam
195 3046 393 3083 strenuus
424 3048 470 3083 et
500 3043 696 3094 Principi
728 3047 818 3082 tam
847 3042 958 3083 fidus

30 3101 35 3142 ἒ
86 3111 216 3159 atque
235 3106 446 3156 addictus,
463 3110 525 3157 ut,
541 3107 746 3158 Principe
766 3112 960 3157 vocante,

31 3158 37 3209 ἶ.
87 3167 159 3214 vix
177 3181 223 3209 se
239 3170 436 3210 maritum
456 3176 500 3209 et
515 3175 684 3222 patrem
705 3183 796 3210 esse
816 3170 962 3210 memi-

33 3225 38 3260 3
87 3231 216 3283 nevit,
230 3236 362 3285 utque
381 3234 568 3285 deponat
585 3246 752 3274 omnem
771 3243 959 3274 amorem

90 3294 278 3347 familia,
295 3297 489 3349 Principi
506 3299 894 3350 obtemperaturus.

109 3396 116 3405 ,
142 3357 335 3411 Pellibuu]
359 3359 447 3402 Sub
464 3361 680 3416 tentqriis‚
712 3361 792 3403 sub
816 3361 958 3402 taber-

1029 2668 1190 2707 naculis
1213 2681 1307 2719 quae
1327 2666 1511 2718 pellibus
1532 2664 1803 2717 tegebantur.

1083 2734 1160 2769 123
1191 2729 1368 2779 Edonas]
1408 2729 1628 2778 Thraciam,
1660 2728 1712 2767 ab
1750 2727 1912 2768 Edonis

1028 2793 1222 2832 Thraeiae
1246 2791 1431 2843 populis.
1486 2791 1718 2842 Virgilius:
1741 2790 1754 2811 ‘
1769 2789 1911 2829 Edoni

1029 2856 1182 2895 Boreae
1200 2854 1226 2903 ;'
1256 2854 1356 2906 quia
1373 2851 1480 2892 flant
1499 2864 1524 2892 a
1541 2852 1720 2892 Thracia
1748 2852 1908 2892 violen-

1028 2919 1129 2968 tius,
1149 2918 1294 2971 sicque
1314 2918 1458 2969 hyems
1487 2916 1674 2956 Thracia
1705 2921 1774 2957 est
1793 2927 1913 2956 acer-

1026 2982 1135 3022 bior.

1086 3043 1240 3095 Bootae]
1270 3045 1409 3096 Supra
1442 3044 1484 3084 in
1502 3055 1573 3083 111.
1594 3043 1768 3083 Consul.
1794 3043 1910 3084 Hon'.

1025 3121 1086 3148 vs.
1107 3112 1200 3148 170.
1691 3128 1693 3130 ·

1081 3175 1159 3211 124
1180 3169 1366 3221 Riphoea]
1414 3170 1587 3223 Riphaei
1602 3174 1701 3210 sunt
1717 3167 1907 3218 Scythiae

1026 3240 1207 3274 montes.

1081 3300 1159 3335 129
1200 3296 1424 3347 Cimmerii]
1458 3297 1630 3348 ‘Populi
1663 3300 1762 3335 sunt
1792 3295 1906 3334 ultra

1026 3361 1214 3401 Pontum
1233 3359 1447 3400 Euxinum
1467 3358 1523 3399 ad
1535 3360 1777 3411 Bosporum
1794 3356 1905 3397 Cim-
