2300 3906
3 1574 6 1594 ·
60 1559 62 1561 '
141 1562 310 1598 nantem.

702 252 784 291 nn
827 250 1022 291 sunno
1058 253 1282 292 eurico
1325 253 1441 293 me.
1859 245 1966 300 ’123

148 371 385 423 Pectora
416 369 673 432 Fabricii,
697 369 859 420 donis
884 372 1088 423 invicta
1110 372 1200 424 vel
1225 375 1409 438 armiS,

150 456 325 506 Plena
347 455 505 505 datur
532 446 698 504 Curio
725 454 874 520 pulsi
903 455 1134 506 victoria
1163 455 1377 524 Pyrrhi.

150 538 372 602 Quanto
391 537 571 605 majus
595 553 738 603 opus
764 540 886 590 solo
913 540 1217 592 Stilichone
1242 548 1525 608 peractum

149 622 462 674 Cernimus!
500 621 589 672 hic
611 621 852 674 validam
879 630 1109 691 gentem,
1135 640 1301 692 quam
1328 625 1465 676 dura
1488 624 1699 677 nivosis

148 704 365 757 Educat
389 704 538 756 Ursa
557 707 758 772 plagis,
784 723 891 760 non
919 707 1174 760 Chaonas
1197 714 1363 776 atque
1390 708 1692 771 MolossoS,

149 789 305 853 Quos
331 789 531 855 Epirus
553 790 670 853 alit,
694 808 796 843 nec
819 792 1116 844 Dodonaea
1140 793 1358 860 subegit

145 871 399 940 Agmina,
427 872 715 926 fatidicam
740 875 942 929 frustra
961 876 1234 944 jactantia
1259 894 1541 945 quercum.

148 955 365 1008 Primus
393 957 712 1010 fulmineum
737 962 884 1014 lento
909 962 1207 1014 luctamine
1232 962 1464 1014 Poenum

147 1039 488 1107 Compressit
517 1041 754 1095 Fabius:
795 1061 993 1113 campo
1019 1052 1149 1113 post
1175 1063 1343 1098 ausus
1370 1051 1563 1114 aperto

146 1123 450 1178 Marcellus
476 1126 625 1177 vinci
652 1125 875 1180 docuit:
917 1130 1017 1180 sed
1035 1131 1195 1182 tertia
1220 1131 1394 1184 virtus

1863 708 1970 762 135

1860 1132 1966 1185 140

139 1302 314 1343 pugnam
344 1290 477 1341 Decii,
503 1294 542 1330 et
574 1294 674 1342 post
701 1292 874 1331 animum
907 1291 1099 1342 Fabricii,
1127 1294 1223 1335 nulli
1251 1295 1457 1334 obnoxium
1475 1294 1588 1343 vilio,
1607 1298 1653 1334 et
1671 1294 1967 1346 insuperabilem

143 1344 363 1384 muneribus
381 1349 419 1384 et
439 1344 550 1394 bello,
580 1351 720 1384 tamen
740 1347 824 1384 laus
841 1350 925 1385 tota
944 1347 1094 1398 Pyrrhi
1112 1348 1264 1398 expulsi
1291 1348 1510 1386 decernitur
1529 1349 1592 1387 illi
1615 1349 1751 1387 Curio.
1809 1349 1966 1393 Quanto

143 1397 269 1446 maius
277 1396 434 1445 sactum
451 1399 626 1438 videmus
641 1402 796 1448 gestum
814 1400 867 1438 ab
885 1412 960 1438 uno
993 1399 1209 1439 Stilichone
1223 1401 1243 1440 l
1270 1401 1332 1439 hic
1356 1401 1574 1451 superavit
1602 1402 1757 1451 populos
1781 1406 1970 1452 potentes,

143 1463 236 1503 quos
252 1463 364 1501 asper
380 1451 620 1502 Septemtrio
638 1452 710 1492 alit
730 1452 772 1491 in
790 1453 1010 1502 regionibus
1029 1453 1220 1493 nivalibus
1231 1466 1246 1500 ,·
1272 1466 1346 1492 non
1372 1454 1467 1493 vicit
1491 1454 1670 1493 Chaonas
1695 1458 1734 1493 et
1768 1454 1971 1504 Molossos,

144 1515 240 1554 quos
262 1504 410 1555 Epirus
426 1505 581 1551 nutrit,·
609 1517 729 1556 neque
747 1505 940 1545 exercitus
963 1507 1182 1546 Dodonoeos
1198 1511 1433 1546 ostentantes
1460 1506 1657 1546 inutiliter
1671 1519 1851 1557 quercum
1869 1507 1971 1546 divi-

385 1558 528 1597 Fabius
554 1559 704 1608 primus
733 1559 901 1598 coercuit
942 1562 1049 1598 lucta
1082 1565 1278 1599 constante
1318 1561 1668 1611 Carthaginensem
1695 1559 1973 1608 fulminantem

143 1610 462 1652 Hannibalem:
491 1615 625 1663 postea
646 1612 860 1652 Marcellus
887 1625 1002 1651 ausus
1021 1624 1227 1664 pugnare,
1259 1614 1427 1653 ostendit
1444 1625 1537 1653 eum
1555 1625 1677 1665 posse
1700 1614 1902 1666 superari.-
1930 1618 1974 1653 at

910 1764 1103 1780 “Ueste“
1110 1765 1207 1779 ‘Oe‘

139 1881 271 1918 —131
301 1878 427 1919 invita
472 1879 627 1920 Petav.
665 1892 750 1921 sec.
789 1881 935 1929 insecta
972 1882 1132 1922 Moret.
1189 1894 1275 1922 sec.
1318 1881 1492 1921 invincta
1530 1881 1622 1921 Pal.
1658 1883 1717 1920 vel
1749 1882 1871 1920 armis
1904 1881 1973 1920 vel

140 1931 295 1983 paratis
323 1932 481 1972 Moret.
517 1937 717 1983 pr.—-132
764 1935 879 1973 Curii
922 1936 1028 1975 Exc.
1071 1936 1251 1975 Lucens.
1287 1938 1485 1985 pr.-—133
1524 1938 1726 1985 peractum
1762 1938 1832 1972 est.
1870 1934 1976 1975 Lov.

143 1987 276 2024 —135
324 1985 455 2036 plagis
491 1987 555 2025 vel
581 1986 696 2036 jugis
730 1987 891 2027 Mon-et.
931 2000 993 2038 pr.
1051 2000 1142 2027 nam
1174 1990 1354 2027 Chaonas
1385 1988 1485 2027 Put.
1534 1988 1703 2025 Molosos
1738 1987 1838 2026 Vat.
1872 1992 1975 2026 tert.

143 2037 304 2085 Moret.
324 2042 526 2089 pr.—-·136
553 2041 641 2088 agit
655 2040 756 2079 Pal.
777 2041 861 2079 duo
890 2041 1008 2079 Med.
1028 2041 1133 2080 Var.
1159 2041 1247 2080 LL.
1269 2040 1336 2079 ed.
1364 2039 1632 2079 Antv.--137
1642 2039 1818 2087 fatidica
1836 2051 1978 2090 quercu

144 2092 246 2132 Vat.
266 2092 402 2143 quint.
422 2092 648 2140 jaculantia
671 2093 788 2132 Med.
817 2105 902 2133 sec.
934 2097 1077 2133 sortem
1105 2094 1174 2132 vel
1206 2105 1386 2144 quercum
1413 2093 1571 2132 Moret.
1592 2095 1792 2142 [ηπ-138
1819 2095 1976 2131 cuncta..

144 2144 247 2184 mine
265 2146 374 2186 Exc.
401 2145 660 2186 Laeti.—-139
691 2147 938 2198 Consumpsit
955 2147 1055 2187 Vat.
1075 2147 1211 2199 quint.
1244 2145 1447 2199 Oppressit
1474 2146 1557 2185 inc.
1587 2145 1979 2186 Heins.—140tra.

974 2302 1152 2344 NOTAE

202 2426 277 2462 131
308 2422 505 2474 Fabricii]
560 2421 643 2463 Qui
687 2421 789 2462 civis
813 2421 1031 2462 Romanus

148 2485 408 2525 admirandae
445 2485 596 2524 itidem
629 2491 675 2524 et
704 2484 968 2536 frugalitatis
985 2491 1031 2524 et

149 2546 442 2586 fortitudinis:
491 2558 638 2585 aurum
683 2546 938 2596 Samnitum,
966 2546 1031 2597 ip-

149 2622 324 2662 sumque
356 2610 568 2661 Pyrrhum
588 2609 818 2649 secundum
843 2609 956 2660 apud
985 2621 1030 2648 se

147 2674 287 2713 locum
308 2672 409 2712 dare
428 2673 660 2723 volentem,
679 2672 921 2721 contemsit,
948 2683 1034 2711 me-

149 2735 393 2788 dicumque,
429 2735 585 2787 Pyrrhi
616 2740 747 2786 caput
767 2735 918 2774 venale
950 2734 1031 2774 sibi

149 2799 420 2848 offerentem,
438 2799 519 2850 ipsi
539 2798 705 2850 Pyrrho
720 2799 894 2838 remisit.

205 2867 282 2904 134
318 2863 516 2914 Validam]
572 2862 848 2902 Gloriabatur
878 2861 1032 2913 Ulpius

149 2927 369 2978 Trnjanus,
399 2926 509 2978 quod
538 2926 716 2966 Geticas
736 2925 927 2965 nationes
948 2937 1033 2964 om-

149 2989 267 3029 nium
287 2988 640 3038 bellicosissimas,
666 2992 710 3026 et
730 2987 920 3039 corporis
937 2988 1034 3026 viri-

149 3052 231 3094 bus
280 3051 534 3105 praevalidas
589 3051 758 3103 (quibus
804 3051 1034 3102 Zamolxis,

154 3127 278 3167 quem
316 3120 364 3155 ut
393 3117 537 3155 Deum
569 3116 730 3165 colunt,
762 3114 945 3153 animam
979 3114 1033 3153 ab

151 3178 334 3220 interitu
365 3179 593 3218 immunem
613 3177 841 3229 promisit),
874 3175 1037 3217 fuderit

156 3241 282 3292 paulo
301 3243 436 3283 minus
454 3254 579 3293 quam
595 3241 898 3294 quinquennia

211 3305 443 3356 issvrsa]
517 3304 596 3345 Est
629 3305 796 3357 signum
837 3304 1037 3345 Coeleste.

158 3364 245 3405 Hic
266 3366 438 3416 ponitur
453 3379 531 3419 pro
557 3368 731 3420 regione
758 3367 1036 3421 Septemtrio-

158 3427 260 3467 nali.

1153 2422 1347 2472 Chaonas]
1403 2421 1597 2460 Chaones
1618 2423 1662 2459 et
1678 2416 1859 2458 Molossi
1878 2422 1977 2458 sunt

1096 2485 1245 2537 populi
1265 2485 1385 2534 Epiri
1407 2483 1450 2522 in
1470 2482 1655 2522 Graecia.
1868 2499 1872 2501 ·

1153 2550 1231 2586 136
1258 2545 1480 2596 Dodonaea]
1542 2544 1727 2585 Dodone
1764 2547 1832 2583 est
1873 2541 1976 2582 urbs

1099 2611 1332 2660 Chaoniae3
1361 2609 1414 2648 ad
1436 2621 1561 2661 quam
1591 2613 1658 2648 est
1689 2608 1809 2658 sylva
1837 2604 1980 2644 Dodo-

1097 2685 1208 2724 naea,
1237 2673 1308 2713 ubi
1327 2683 1507 2724 quercus
1540 2669 1732 2710 fatidicae
1754 2680 1845 2708 esse
1865 2668 1982 2708 dice-

1098 2736 1267 2776 bantur.

1153 2802 1232 2839 139
1261 2797 1426 2847 Fabius]
1480 2796 1492 2819 ‘
1510 2796 1678 2836 Novam
1698 2794 1752 2834 de
1765 2792 1979 2834 Annibale

1098 2861 1322 2902 victoriam
1359 2864 1623 2899 commentus
1656 2858 1734 2907 es't,
1771 2869 1854 2897 non
1875 2869 1983 2908 pug-

1098 2936 1218 2964 nare.
1275 2922 1403 2963 Unde
1427 2921 1491 2961 illi
1511 2931 1744 2972 cognomen
1760 2930 1916 2958 novum
1936 2922 1980 2957 et

1097 2988 1228 3039 Reip.
1277 2987 1480 3034 salutare,
1536 2985 1775 3024 Cunctator
1795 2981 1823 3021 :'
1877 2981 1979 3021 hinc

1097 3052 1203 3092 illud
1231 3051 1243 3073 ‘
1275 3063 1327 3090 ex
1349 3049 1522 3101 populo,
1553 3055 1602 3088 ut
1626 3046 1797 3098 imperii
1816 3049 1982 3086 scutum

1102 3113 1356 3155 vocaretur!
1386 3113 1550 3152 Florus.

1157 3180 1236 3217 140
1264 3173 1495 3225 Marcellus]
1551 3171 1679 3212 Vinci
1703 3181 1829 3222 posse
1851 3166 1983 3209 Anni-

1102 3242 1242 3281 balem
1261 3240 1423 3289 docuit,
1456 3237 1556 3277 dum
1576 3235 1630 3276 ab
1651 3233 1872 3276 obsidione
1892 3231 1982 3271 No-

1103 3306 1157 3345 1ae
1192 3303 1309 3344 urbis
1344 3300 1550 3349 excussit,
1591 3298 1666 3338 sed
1711 3302 1854 3337 tamen
1888 3292 1978 3343 ipse

1103 3366 1329 3408 Annibalis
1346 3364 1509 3404 insidiis
1536 3363 1579 3402 in
1595 3360 1743 3402 Sicilia
1760 3358 1983 3407 deceptus,

1102 3430 1283 3482 occisus,
1302 3433 1353 3479 et*
1365 3424 1592 3479 magnifice
1610 3422 1803 3474 sepul-tus
1819 3424 1898 3458 est.
