2300 3906
678 226 758 264 οε
798 224 996 266 nanno
1034 223 1258 264 enrico
1300 224 1424 265 mn.
1853 214 1963 267 737

151 341 425 406 Vulturis,
445 340 692 394 incidunt
711 342 1025 408 properatis
1055 342 1266 395 saecula
1287 343 1468 396 metis,

154 426 320 479 Solus
346 429 463 478 erat
490 423 781 486 Stilichon,
809 426 905 492 qui
931 426 1353 494 desperantibus
1379 441 1548 493 augur

155 508 460 577 Sponderet
482 507 709 558 meliora
733 523 898 560 manu
920 525 934 562 τ
973 510 1266 577 dubiaeque
1292 510 1486 561 salutis

155 593 293 645 Dux
316 592 462 642 idem
486 595 747 657 vatesque
771 592 891 646 fuit.
965 593 1175 645 Durate
1199 607 1514 660 parumper,

155 674 362 742 Inquit,
388 678 460 734 et,
487 675 745 726 excussis
767 675 1132 727 muliebribus
1150 690 1244 726 ore
1267 673 1525 742 querebat,
1865 676 1975 730 270

157 754 418 810 Fatorum
450 757 741 809 toleremus
766 773 933 821 onus2
1006 758 1107 811 Nil
1128 758 1349 810 nautica
1370 762 1606 826 prosunt

155 838 420 892 Turbatae
446 840 682 893 lamenta
706 844 810 894 rati
832 860 845 895 :
884 859 984 895 nec
1011 843 1266 909 segnibus
1290 841 1454 894 undae

157 923 501 985 PlanctibuS,
529 928 622 975 aut
646 926 804 977 vanis
829 929 1119 979 mitescunt
1142 926 1366 980 flamina
1386 926 1555 980 votis·

159 1005 327 1059 Nunc
351 1006 547 1057 instare
571 1019 755 1071 manu,
782 1015 902 1062 toto
929 1027 1075 1063 nunc
1101 1011 1292 1062 robore
1315 1009 1438 1073 niti,

161 1087 452 1142 Communi
479 1105 579 1156 pro
602 1091 729 1141 luce
753 1092 943 1147 decet:
984 1110 1305 1146 succurrere
1329 1093 1489 1156 veliS,
1872 1091 1982 1145 275

161 1172 461 1226 Exhaurire
487 1174 699 1237 fretum,
723 1177 907 1229 varios
935 1183 1126 1245 aptare
1150 1177 1426 1239 rudentes»,

163 1251 437 1309 Omnibus
462 1262 517 1308 et
540 1257 686 1309 docti
706 1259 887 1325 jussis
911 1278 1102 1328 parere
1129 1260 1392 1326 magistri.

162 1338 297 1393 Non
321 1340 370 1392 si
395 1340 625 1408 perfidia
648 1343 799 1394 nacti
826 1345 1164 1410 penetrabile
1189 1348 1405 1409 tem-pus

161 1449 249 1491 cula
262 1449 448 1500 imperii,
462 1450 577 1490 metis
594 1451 829 1492 acceleratis.
884 1451 1050 1492 Stilicho
1068 1448 1168 1492 unus
1183 1455 1282 1498 erat,
1311 1451 1378 1502 qui
1396 1449 1643 1501 promitteret
1663 1460 1738 1488 sua
1748 1447 2010 1497 fortitudine

162 1513 232 1542 res
247 1504 493 1542 secundiores
505 1504 798 1554 desperantibus
815 1505 1031 1554 Romanis,
1059 1519 1130 1546 eas
1170 1504 1464 1556 praenuntians:
1503 1507 1540 1542 et
1573 1503 1675 1541 idem
1710 1504 1845 1541 ductor
1862 1506 1901 1542 et
1924 1514 1993 1541 au-

161 1567 242 1606 gur
259 1555 397 1596 extitit
410 1555 451 1594 in
469 1557 592 1595 salute
611 1557 774 1597 incerta.
832 1558 985 1598 Durate
1017 1559 1223 1609 tantisper,
1257 1558 1331 1606 ait,
1357 1560 1395 1595 et
1413 1555 1611 1607 questibus
1630 1554 1826 1605 foemineis
1843 1568 1907 1594 ore
1924 1567 1993 1594 ex-

161 1607 306 1660 pulsis,
323 1607 521 1658 patiamur
536 1611 685 1659 pondus
693 1608 886 1659 fatorum.
946 1612 1081 1651 Fletus
1099 1615 1307 1650 nautarum
1334 1609 1436 1647 nihil
1462 1609 1607 1656 javant
1627 1620 1759 1646 navem
1777 1609 1971 1657 agitatam
1982 1620 1996 1647 .·

166 1672 238 1701 uec
253 1673 365 1712 aquae
382 1665 451 1700 aut
469 1662 576 1701 venti
607 1662 845 1713 mitigantur
884 1664 1070 1715 lacrymis
1090 1663 1297 1709 inertibus,
1331 1663 1391 1700 vel
1423 1661 1599 1712 precibus
1632 1660 1822 1700 inanibus.
1878 1660 1997 1699 Nunc

166 1714 343 1760 convenit
360 1726 478 1764 agere
494 1714 655 1766 virtute,
680 1727 781 1755 nunc
807 1718 1032 1756 contendere
1063 1717 1158 1756 totis
1175 1714 1338 1763 viribus,
1364 1726 1435 1765 pro
1453 1715 1576 1752 salute
1590 1714 1763 1764 patrioe,·
1790 1711 1997 1752 convenit

167 1766 363 1817 impellere
378 1768 478 1814 vela,
496 1779 652 1817 egerere
670 1780 806 1819 aquas,
819 1771 1105 1809 accommodare
1114 1769 1233 1818 funes
1250 1769 1437 1816 diversos,
1455 1770 1493 1805 et
1511 1765 1664 1805 obedire
1682 1766 1859 1816 imperiis
1873 1765 1997 1804 omni-

170 1818 240 1859 bu
252 1820 527 1869 gubernatoris
538 1821 677 1871 periti.
734 1822 827 1861 Non
843 1821 929 1861 ideo
945 1825 1030 1861 tota
1046 1835 1133 1874 spes
1162 1823 1417 1870 evanesceret,
1449 1819 1484 1858 si
1516 1818 1631 1861 Getoe
1663 1818 1897 1870 arripientes
1912 1819 1997 1858 dolo

939 1900 1204 1916 ”‘ONOO“O
1208 1901 1229 1916 O

169 1947 293 1990 Med.
309 1951 513 2000 pre-266
547 1949 725 1988 Vulneris
743 1962 821 2000 pro
843 1951 1024 1991 Vulturis
1042 1951 1143 1990 Put.
1171 1951 1317 1990 incedit
1351 1950 1442 1989 Pal.
1470 1950 1649 1988 incedunt
1670 1948 1788 1987 Med.
1806 1960 1871 1997 pr.
1897 1948 1999 1988 Put.

169 2001 335 2043 Macar.
357 2001 481 2041 ambo
499 2000 658 2042 Moret.
677 2004 783 2043 Exc.
803 2003 928 2043 Laeti.
944 2004 1045 2042 Var.
1079 2004 1163 2042 LL.
1183 2016 1206 2042 e
1235 2014 1368 2053 marg.
1398 2003 1544 2040 Parin.
1575 2008 1619 2040 et
1640 2002 1707 2040 ed.
1727 2000 1858 2039 AntV.
1885 2001 2002 2039 soecla

171 2054 340 2095 mauis
356 2055 618 2094 Pria—268
645 2056 802 2095 meliore
815 2056 918 2096 Vat.
935 2061 1036 2095 tert.
1054 2055 1178 2095 Fam.
1193 2056 1310 2095 Med.
1326 2067 1414 2094 sec.
1437 2055 1542 2093 Exc.
1554 2054 1680 2093 Laeti.
1709 2054 1867 2092 meliore
1893 2063 2002 2091 mora

172 2108 339 2149 Bonon.
386 2119 503 2147 manu
539 2109 606 2147 vel
644 2119 754 2147 mora
789 2108 931 2149 Oxou.
965 2111 1186 2148 sec.—-2⁷0
1226 2113 1271 2147 ut
1305 2107 1478 2147 excussis
1509 2108 1592 2146 inc.
1616 2106 1895 2145 Heins.—271
1944 2109 2004 2144 to·

173 2161 344 2201 mamus
381 2159 482 2201 Jun.
521 2173 586 2212 pr.
629 2172 726 2211 opus
762 2161 884 2201 Med.
919 2163 1141 2201 sem—2⁷3
1190 2160 1376 2200 Flatibus
1410 2171 1488 2210 pro
1524 2159 1751 2198 planctibus
1785 2157 1888 2198 Jun.
1940 2170 2004 2208 pr.

174 2214 320 2255 oxon.
366 2225 454 2253 sec.
501 2225 557 2254 m.
591 2225 656 2265 pr.
697 2214 811 2253 unde
862 2214 1014 2254 Heins.
1063 2213 1248 2253 faciebat
1296 2213 1486 2253 Fletibus.
1545 2213 1751 2251 mitescant
1801 2211 1903 2252 Jun.
1939 2222 2005 2261 pr.

162 2267 335 2321 flamina
364 2267 472 2307 Exc.
506 2266 620 2307 Laeti
658 2271 706 2306 et
737 2267 917 2306 Lucens.
964 2279 1031 2318 pr.
1069 2267 1244 2318 flumina
1275 2267 1375 2307 Vat.
1415 2278 1481 2317 pr.
1532 2266 1659 2305 Fam.
1700 2266 1806 2304 Lov.
1844 2264 2006 2304 Mazar.

175 2320 330 2360 Ambr.
365 2332 451 2361 sec.
485 2318 554 2360 ed.
582 2319 867 2360 'vicen—2⁷4
906 2320 1013 2359 Time
1039 2319 1186 2358 instare
1223 2320 1382 2359 Moret.
1416 2331 1480 2367 pr.
1511 2331 1611 2356 nunc
1644 2322 1725 2356 toto
1758 2315 1853 2355 Pal.
1885 2316 2006 2356 Med.

177 2382 247 2425 pr.
264 2372 424 2412 Mazar.
451 2372 588 2411 robore
608 2372 716 2411 Lov.
735 2372 898 2411 Moret.
919 2384 1003 2412 sec.
1022 2372 1147 2410 Voss.
1163 2371 1264 2411 Ald.
1284 2373 1389 2411 Exc.
1411 2371 1590 2410 Gevart.
1610 2369 1763 2408 Sched.
1783 2367 1896 2407 Gud.
1931 2368 2008 2407 Vi.

179 2427 265 2465 eet.
279 2431 326 2464 et
345 2426 488 2464 Parin.
514 2428 670 2475 pectore
686 2425 788 2465 Vat.
807 2430 908 2464 tert.
925 2426 1045 2464 Rott.
1062 2424 1251 2463 Florent.
1268 2424 1375 2463 Exc.
1393 2422 1518 2462 Laeti.
1547 2422 1625 2461 tuti
1646 2433 1722 2472 pro
1741 2420 1818 2459 niti
1845 2419 2007 2460 Moret.

179 2481 380 2530 pre—276
412 2478 560 2516 Conari
579 2489 657 2528 pro
679 2478 883 2516 Communi
901 2476 1001 2517 Jun.
1025 2489 1089 2525 pr.
1110 2477 1254 2516 Oxon.
1284 2487 1368 2514 sec.
1396 2476 1594 2514 succedere
1615 2475 1773 2512 Moret.
1808 2475 2007 2521 pre-276

180 2534 316 2580 optare
337 2530 576 2580 Rege—27⁷
604 2530 729 2568 edocti
751 2530 857 2568 Exc.
874 2529 998 2569 Laeti.
1017 2529 1138 2579 jussit
1159 2529 1265 2567 Exc.
1282 2527 1405 2567 Laeti.
1425 2540 1480 2566 m.
1501 2530 1723 2566 sem—278
1751 2526 1842 2566 Non
1854 2525 1910 2564 sic
1919 2537 2009 2576 per-

169 2582 319 2636 fidiam
339 2581 458 2621 Leid.
478 2594 545 2632 pr.
573 2581 652 2621 nisi
671 2582 771 2621 vat.
788 2587 891 2621 tert.
918 2582 1040 2621 Rott.
1059 2581 1179 2620 Prie.
1199 2593 1253 2620 m.
1273 2592 1362 2619 sec.
1381 2580 1573 2620 Florent.
1600 2578 1740 2618 Oxou.
1760 2590 1843 2617 sec.
1873 2578 1909 2616 si
1924 2577 2009 2618 duo

182 2635 305 2675 Med.
318 2635 401 2674 inc.
418 2633 567 2674 Heius.
584 2635 690 2686 Reg.
709 2635 874 2675 Thuan.
893 2634 1052 2674 Mazar.
1072 2634 1182 2673 Bon.
1217 2633 1317 2673 Pat.
1335 2633 1504 2673 Tholos.
1531 2638 1618 2671 tres
1643 2633 1797 2671 Petav.
1827 2630 2008 2671 totidem

181 2686 331 2730 Ambr.
349 2688 452 2728 Lov.
471 2687 630 2728 Moret.
645 2698 731 2727 sec.
754 2688 860 2728 Exc.
876 2686 1057 2727 Gevart.
1074 2687 1257 2727 Lucens.
1275 2698 1338 2738 pr.
1357 2685 1459 2726 Ald.
1480 2685 1548 2726 ed.
1562 2685 1703 2725 Vicet.
1721 2683 1875 2725 Sched.
1894 2682 2009 2724 Gud.

1008 2765 1187 2808 NOTAE

234 2835 315 2874 2⁶⁷
345 2831 509 2883 Augur]
559 2833 615 2873 In
646 2833 774 2873 solius
811 2832 1060 2874 Stilichonis
1133 2835 1301 2872 vosmet
1319 2830 1448 2871 rebus
1466 2833 1638 2870 servate
1654 2825 1881 2868 secundis?

183 2893 439 2938 fortitudine
474 2895 631 2935 bonnm
647 2895 867 2947 augurium
883 2895 1070 2948 positum
1188 2896 1266 2933 271
1306 2892 1495 2933 Fatorum
1541 2889 1655 2942 onus]
1736 2887 2013 2928 Perferamus

185 2963 298 3009 arat,
343 2958 457 3010 quod
506 2958 708 2998 Romanis
744 2956 1070 3011 desperantibus
1135 2958 1247 2997 hanc
1269 2956 1576 2997 adversitatem
1610 2955 1761 2994 duram
1790 2957 1836 2992 et
1868 2962 2016 2991 onero·

186 3021 406 3063 meliorem
427 3033 549 3073 spem
569 3020 709 3062 daret.
1139 3031 1228 3059 sam
1247 3031 1272 3059 a
1292 3009 1393 3059 fat'is
1412 3018 1658 3058 immissam.

240 3087 322 3124 269
352 3084 448 3123 Dux
482 3082 682 3134 vatesque]
736 3082 860 3122 Idem
894 3081 1072 3122 Stilicho
1191 3085 1270 3122 275
1299 3081 1551 3131 Succurrere]
1609 3081 1868 3120 Succurrere
1901 3077 2020 3129 velis,

189 3144 320 3189 dubia
346 3147 412 3197 {et
445 3146 718 3197 periclitante
758 3146 928 3198 Repub.
968 3146 1073 3184 Dux
1140 3145 1362 3185 exhaurire
1390 3143 1565 3192 fretum,
1582 3150 1732 3194 aptare
1755 3140 1895 3192 funes,
1921 3141 2018 3181 obe-

191 3208 355 3259 ωάῑίῑ,
373 3215 419 3249 et
438 3209 561 3248 simul
581 3209 731 3259 Vates,
750 3209 851 3262 quia
870 3208 1075 3261 praedixit
1142 3208 1231 3248 dire
1252 3207 1470 3259 magistro,
1502 3206 1546 3246 id
1579 3212 1663 3255 est,
1690 3205 1792 3245 nihil
1819 3215 1904 3244 non
1929 3213 2015 3242 mo-

191 3279 239 3312 ue
255 3270 466 3311 victurum
488 3284 580 3311 esse
601 3271 752 3323 Getas,
771 3277 816 3312 et
833 3271 951 3312 vicit.
1031 3295 1033 3297 -
1143 3281 1258 3319 vere,
1273 3269 1376 3309 nihil
1397 3281 1480 3308 non
1495 3267 1655 3308 facere.

245 3330 419 3384 Danu]
445 3333 580 3384 Furti,
599 3333 722 3386 duro,
741 3339 787 3374 et
806 3333 990 3385 patienti
1005 3346 1072 3373 es·
1193 3335 1272 3372 278
1301 3331 1497 3384 Perfidia]
1535 3329 1717 3371 Etiamsi
1752 3327 1879 3369 Getae
1906 3324 2017 3364 irru-

194 3396 289 3435 tote
320 3393 472 3435 animo.
524 3395 727 3448 Virgilius
744 3408 757 3436 ι
783 3395 798 3417 ‘
816 3397 1000 3448 Durate,
1028 3400 1076 3436 et
1139 3396 1305 3446 pissent
1320 3395 1363 3435 in
1383 3394 1556 3435 Italiam
1573 3404 1685 3433 novo
1704 3391 1845 3443 aliquo
1863 3390 2017 3427 strate-

303 3459 448 3512 Πειρη.
466 3463 505 3500 ee
536 3461 627 3502 var.
642 3461 751 3517 cias.
1061 3462 1204 3503 claua.
1815 3457 1839 3492 3
1869 3450 1911 3492 Α
