<?xml version="1.0" encoding="UTF-8"?>
<!DOCTYPE html PUBLIC "-//W3C//DTD XHTML 1.0 Transitional//EN"
    "http://www.w3.org/TR/xhtml1/DTD/xhtml1-transitional.dtd">
<html xmlns="http://www.w3.org/1999/xhtml" xml:lang="en" lang="en">
 <head>
  <title>
</title>
<meta http-equiv="Content-Type" content="text/html;charset=utf-8" />
  <meta name='ocr-system' content='tesseract 3.04.00' />
  <meta name='ocr-capabilities' content='ocr_page ocr_carea ocr_par ocr_line ocrx_word'/>
</head>
<body>
  <div class='ocr_page' id='page_1' title='image "./operaomniaexedit02clauuoft/operaomniaexedit02clauuoft_0213.png"; bbox 0 0 2300 3906; ppageno 0'>
   <div class='ocr_carea' id='block_1_1' title="bbox 0 1327 52 3524">
    <p class='ocr_par' dir='ltr' id='par_1_1' title="bbox 0 1327 52 3524">
     <span class='ocr_line' id='line_1_1' title="bbox 0 1327 52 3524; baseline 0 0"><span class='ocrx_word' id='word_1_1' title='bbox 0 1327 52 3524; x_wconf 95' lang='lat' dir='ltr'><strong> </strong></span> 
     </span>
    </p>
   </div>
   <div class='ocr_carea' id='block_1_2' title="bbox 695 209 1971 262">
    <p class='ocr_par' dir='ltr' id='par_1_2' title="bbox 695 209 1971 262">
     <span class='ocr_line' id='line_1_2' title="bbox 695 209 1971 262; baseline 0.002 -2"><span class='ocrx_word' id='word_1_2' title='bbox 695 223 775 260; x_wconf 72' lang='grc' dir='ltr'><strong>ΠΕ</strong></span> <span class='ocrx_word' id='word_1_3' title='bbox 817 222 1013 260; x_wconf 67' lang='lat' dir='ltr'><strong>nunno</strong></span> <span class='ocrx_word' id='word_1_4' title='bbox 1054 222 1275 261; x_wconf 75' lang='lat' dir='ltr'><strong>cs&#39;rico</strong></span> <span class='ocrx_word' id='word_1_5' title='bbox 1319 221 1439 260; x_wconf 77' lang='lat' dir='ltr'><strong>mn.</strong></span> <span class='ocrx_word' id='word_1_6' title='bbox 1861 209 1971 262; x_wconf 81' lang='lat'><strong>715</strong></span> 
     </span>
    </p>
   </div>
   <div class='ocr_carea' id='block_1_3' title="bbox 161 339 1978 1161">
    <p class='ocr_par' dir='ltr' id='par_1_3' title="bbox 164 339 1623 408">
     <span class='ocr_line' id='line_1_3' title="bbox 164 339 1623 408; baseline -0.003 -15"><span class='ocrx_word' id='word_1_7' title='bbox 164 340 311 393; x_wconf 87' lang='lat' dir='ltr'><strong>Urbs</strong></span> <span class='ocrx_word' id='word_1_8' title='bbox 339 356 592 408; x_wconf 83' lang='lat' dir='ltr'><strong>aequaeva</strong></span> <span class='ocrx_word' id='word_1_9' title='bbox 610 341 766 406; x_wconf 87' lang='lat' dir='ltr'><strong>polo.</strong></span> <span class='ocrx_word' id='word_1_10' title='bbox 839 340 979 392; x_wconf 88' lang='lat' dir='ltr'><strong>Tum</strong></span> <span class='ocrx_word' id='word_1_11' title='bbox 1006 341 1226 393; x_wconf 90' lang='lat' dir='ltr'><strong>demum</strong></span> <span class='ocrx_word' id='word_1_12' title='bbox 1247 341 1420 392; x_wconf 87' lang='lat' dir='ltr'><strong>ferrea</strong></span> <span class='ocrx_word' id='word_1_13' title='bbox 1444 339 1623 391; x_wconf 88' lang='lat' dir='ltr'><strong>sumet</strong></span> 
     </span>
    </p>

    <p class='ocr_par' dir='ltr' id='par_1_4' title="bbox 161 420 1974 569">
     <span class='ocr_line' id='line_1_4' title="bbox 161 420 1974 484; baseline -0.003 -7"><span class='ocrx_word' id='word_1_14' title='bbox 161 425 198 476; x_wconf 86' lang='lat' dir='ltr'><strong>J</strong></span> <span class='ocrx_word' id='word_1_15' title='bbox 202 441 269 477; x_wconf 90' lang='lat' dir='ltr'><strong>us</strong></span> <span class='ocrx_word' id='word_1_16' title='bbox 295 425 349 475; x_wconf 90' lang='lat' dir='ltr'><strong>in</strong></span> <span class='ocrx_word' id='word_1_17' title='bbox 376 429 428 475; x_wconf 87' lang='lat' dir='ltr'><strong>te</strong></span> <span class='ocrx_word' id='word_1_18' title='bbox 451 422 739 484; x_wconf 84' lang='lat' dir='ltr'><strong>LachesiS‚</strong></span> <span class='ocrx_word' id='word_1_19' title='bbox 765 438 885 473; x_wconf 92' lang='lat' dir='ltr'><strong>cum</strong></span> <span class='ocrx_word' id='word_1_20' title='bbox 914 425 994 476; x_wconf 89' lang='lat' dir='ltr'><strong>sic</strong></span> <span class='ocrx_word' id='word_1_21' title='bbox 1019 425 1314 476; x_wconf 87' lang='lat' dir='ltr'><strong>mutaverit</strong></span> <span class='ocrx_word' id='word_1_22' title='bbox 1336 441 1496 476; x_wconf 83' lang='lat' dir='ltr'>axem</span> <span class='ocrx_word' id='word_1_23' title='bbox 1903 420 1974 472; x_wconf 85' lang='lat'><strong>55</strong></span> 
     </span>
     <span class='ocr_line' id='line_1_5' title="bbox 164 504 1464 569; baseline -0.001 -10"><span class='ocrx_word' id='word_1_24' title='bbox 164 508 493 560; x_wconf 88' lang='lat' dir='ltr'><strong>Foederibus</strong></span> <span class='ocrx_word' id='word_1_25' title='bbox 519 504 736 556; x_wconf 86' lang='lat' dir='ltr'><strong>Natura</strong></span> <span class='ocrx_word' id='word_1_26' title='bbox 759 507 937 569; x_wconf 81' lang='lat' dir='ltr'><strong>noviS,</strong></span> <span class='ocrx_word' id='word_1_27' title='bbox 975 511 1034 558; x_wconf 88' lang='lat' dir='ltr'><strong>ut</strong></span> <span class='ocrx_word' id='word_1_28' title='bbox 1056 507 1277 558; x_wconf 90' lang='lat' dir='ltr'><strong>flumine</strong></span> <span class='ocrx_word' id='word_1_29' title='bbox 1302 523 1464 558; x_wconf 84' lang='lat' dir='ltr'><strong>verso</strong></span> 
     </span>
    </p>

    <p class='ocr_par' dir='ltr' id='par_1_5' title="bbox 163 589 1452 657">
     <span class='ocr_line' id='line_1_6' title="bbox 163 589 1452 657; baseline -0.002 -14"><span class='ocrx_word' id='word_1_30' title='bbox 163 592 358 657; x_wconf 84' lang='lat' dir='ltr'><strong>Irriget</strong></span> <span class='ocrx_word' id='word_1_31' title='bbox 382 591 683 656; x_wconf 82' lang='lat' dir='ltr'><strong>AEgyptum</strong></span> <span class='ocrx_word' id='word_1_32' title='bbox 707 589 937 653; x_wconf 85' lang='lat' dir='ltr'><strong>Tanais,</strong></span> <span class='ocrx_word' id='word_1_33' title='bbox 965 590 1235 642; x_wconf 81' lang='lat' dir='ltr'><strong>Maeotida</strong></span> <span class='ocrx_word' id='word_1_34' title='bbox 1258 589 1452 654; x_wconf 86' lang='lat' dir='ltr'><strong>Nilus3</strong></span> 
     </span>
    </p>

    <p class='ocr_par' dir='ltr' id='par_1_6' title="bbox 163 670 1612 824">
     <span class='ocr_line' id='line_1_7' title="bbox 163 670 1612 742; baseline -0.003 -16"><span class='ocrx_word' id='word_1_35' title='bbox 163 674 343 726; x_wconf 88' lang='lat' dir='ltr'><strong>Eurus</strong></span> <span class='ocrx_word' id='word_1_36' title='bbox 369 675 439 724; x_wconf 89' lang='lat' dir='ltr'><strong>ab</strong></span> <span class='ocrx_word' id='word_1_37' title='bbox 467 687 692 737; x_wconf 78' lang='lat' dir='ltr'><strong>occasa,</strong></span> <span class='ocrx_word' id='word_1_38' title='bbox 717 673 1006 742; x_wconf 80' lang='lat' dir='ltr'><strong>Zephyrus</strong></span> <span class='ocrx_word' id='word_1_39' title='bbox 1031 690 1092 726; x_wconf 91' lang='lat' dir='ltr'><strong>se</strong></span> <span class='ocrx_word' id='word_1_40' title='bbox 1115 673 1314 740; x_wconf 89' lang='lat' dir='ltr'><strong>prodat</strong></span> <span class='ocrx_word' id='word_1_41' title='bbox 1340 673 1410 723; x_wconf 88' lang='lat' dir='ltr'><strong>ab</strong></span> <span class='ocrx_word' id='word_1_42' title='bbox 1436 670 1612 733; x_wconf 88' lang='lat' dir='ltr'><strong>Indis,</strong></span> 
     </span>
     <span class='ocr_line' id='line_1_8' title="bbox 163 755 1574 824; baseline -0.002 -14"><span class='ocrx_word' id='word_1_43' title='bbox 163 757 567 824; x_wconf 84' lang='lat' dir='ltr'><strong>Caucasiisque</strong></span> <span class='ocrx_word' id='word_1_44' title='bbox 586 758 739 824; x_wconf 83' lang='lat' dir='ltr'><strong>jugis</strong></span> <span class='ocrx_word' id='word_1_45' title='bbox 765 758 948 810; x_wconf 91' lang='lat' dir='ltr'><strong>calido</strong></span> <span class='ocrx_word' id='word_1_46' title='bbox 974 757 1321 824; x_wconf 85' lang='lat' dir='ltr'><strong>nigrantibus</strong></span> <span class='ocrx_word' id='word_1_47' title='bbox 1347 755 1574 818; x_wconf 83' lang='lat' dir='ltr'><strong>Austm,</strong></span> 
     </span>
    </p>

    <p class='ocr_par' dir='ltr' id='par_1_7' title="bbox 162 838 1978 993">
     <span class='ocr_line' id='line_1_9' title="bbox 162 838 1978 908; baseline -0.002 -15"><span class='ocrx_word' id='word_1_48' title='bbox 162 839 420 893; x_wconf 77' lang='lat' dir='ltr'><strong>Gaetulas</strong></span> <span class='ocrx_word' id='word_1_49' title='bbox 447 839 653 908; x_wconf 88' lang='lat' dir='ltr'><strong>Aquilo</strong></span> <span class='ocrx_word' id='word_1_50' title='bbox 679 841 851 907; x_wconf 86' lang='lat' dir='ltr'><strong>glacie</strong></span> <span class='ocrx_word' id='word_1_51' title='bbox 871 842 1208 907; x_wconf 84' lang='lat' dir='ltr'><strong>constringat</strong></span> <span class='ocrx_word' id='word_1_52' title='bbox 1231 856 1445 892; x_wconf 85' lang='lat' dir='ltr'><strong>arenas.</strong></span> <span class='ocrx_word' id='word_1_53' title='bbox 1907 838 1978 890; x_wconf 87' lang='grc'><strong>60</strong></span> 
     </span>
     <span class='ocr_line' id='line_1_10' title="bbox 162 924 1509 993; baseline 0.001 -18"><span class='ocrx_word' id='word_1_54' title='bbox 162 924 387 976; x_wconf 83' lang='lat' dir='ltr'><strong>Fatales</strong></span> <span class='ocrx_word' id='word_1_55' title='bbox 410 924 693 991; x_wconf 91' lang='lat' dir='ltr'><strong>hucusque</strong></span> <span class='ocrx_word' id='word_1_56' title='bbox 714 942 928 988; x_wconf 83' lang='lat' dir='ltr'><strong>manuS,</strong></span> <span class='ocrx_word' id='word_1_57' title='bbox 969 927 1281 993; x_wconf 85' lang='lat' dir='ltr'><strong>crebrisque</strong></span> <span class='ocrx_word' id='word_1_58' title='bbox 1308 929 1509 977; x_wconf 84' lang='lat' dir='ltr'><strong>notatae</strong></span> 
     </span>
    </p>

    <p class='ocr_par' dir='ltr' id='par_1_8' title="bbox 163 1007 1428 1078">
     <span class='ocr_line' id='line_1_11' title="bbox 163 1007 1428 1078; baseline -0.001 -16"><span class='ocrx_word' id='word_1_59' title='bbox 163 1007 436 1074; x_wconf 86' lang='lat' dir='ltr'><strong>Prodigiis</strong></span> <span class='ocrx_word' id='word_1_60' title='bbox 462 1007 648 1058; x_wconf 88' lang='lat' dir='ltr'><strong>abiere</strong></span> <span class='ocrx_word' id='word_1_61' title='bbox 676 1010 868 1061; x_wconf 77' lang='lat' dir='ltr'><strong>minae:</strong></span> <span class='ocrx_word' id='word_1_62' title='bbox 908 1025 1008 1060; x_wconf 88' lang='lat' dir='ltr'><strong>nec</strong></span> <span class='ocrx_word' id='word_1_63' title='bbox 1035 1009 1214 1061; x_wconf 87' lang='lat' dir='ltr'><strong>sidera</strong></span> <span class='ocrx_word' id='word_1_64' title='bbox 1234 1026 1428 1078; x_wconf 89' lang='lat' dir='ltr'><strong>pacem</strong></span> 
     </span>
    </p>

    <p class='ocr_par' dir='ltr' id='par_1_9' title="bbox 164 1091 1823 1161">
     <span class='ocr_line' id='line_1_12' title="bbox 164 1091 1823 1161; baseline 0.001 -18"><span class='ocrx_word' id='word_1_65' title='bbox 164 1092 396 1160; x_wconf 84' lang='lat' dir='ltr'><strong>Semper</strong></span> <span class='ocrx_word' id='word_1_66' title='bbox 420 1091 653 1142; x_wconf 86' lang='lat' dir='ltr'><strong>habent:</strong></span> <span class='ocrx_word' id='word_1_67' title='bbox 694 1092 983 1159; x_wconf 88' lang='lat' dir='ltr'><strong>ipsumque</strong></span> <span class='ocrx_word' id='word_1_68' title='bbox 1009 1091 1046 1144; x_wconf 86' lang='lat' dir='ltr'><strong>J</strong></span> <span class='ocrx_word' id='word_1_69' title='bbox 1051 1109 1229 1156; x_wconf 88' lang='lat' dir='ltr'><strong>ovem,</strong></span> <span class='ocrx_word' id='word_1_70' title='bbox 1267 1094 1523 1145; x_wconf 83' lang='lat' dir='ltr'><strong>turbante</strong></span> <span class='ocrx_word' id='word_1_71' title='bbox 1547 1091 1823 1161; x_wconf 84' lang='lat' dir='ltr'><strong>TyphoeO,</strong></span> 
     </span>
    </p>
   </div>
   <div class='ocr_carea' id='block_1_4' title="bbox 150 1239 1983 1612">
    <p class='ocr_par' dir='ltr' id='par_1_10' title="bbox 150 1239 1983 1612">
     <span class='ocr_line' id='line_1_13' title="bbox 160 1239 1982 1292; baseline 0 -13"><span class='ocrx_word' id='word_1_72' title='bbox 160 1240 338 1281; x_wconf 82' lang='lat' dir='ltr'><strong>timorem</strong></span> <span class='ocrx_word' id='word_1_73' title='bbox 349 1241 539 1291; x_wconf 79' lang='lat' dir='ltr'><strong>abjectum</strong></span> <span class='ocrx_word' id='word_1_74' title='bbox 551 1241 772 1291; x_wconf 73' lang='lat' dir='ltr'><strong>senectutis,</strong></span> <span class='ocrx_word' id='word_1_75' title='bbox 790 1245 833 1280; x_wconf 84' lang='lat' dir='ltr'><strong>tu</strong></span> <span class='ocrx_word' id='word_1_76' title='bbox 849 1253 941 1292; x_wconf 84' lang='lat' dir='ltr'><strong>quae</strong></span> <span class='ocrx_word' id='word_1_77' title='bbox 959 1253 1003 1280; x_wconf 88' lang='lat' dir='ltr'><strong>es</strong></span> <span class='ocrx_word' id='word_1_78' title='bbox 1019 1242 1109 1281; x_wconf 85' lang='lat' dir='ltr'><strong>urbs</strong></span> <span class='ocrx_word' id='word_1_79' title='bbox 1121 1245 1322 1292; x_wconf 83' lang='lat' dir='ltr'><strong>oequatura</strong></span> <span class='ocrx_word' id='word_1_80' title='bbox 1336 1241 1659 1281; x_wconf 87' lang='lat' dir='ltr'><strong>diuturnitatem</strong></span> <span class='ocrx_word' id='word_1_81' title='bbox 1666 1241 1778 1281; x_wconf 87' lang='lat' dir='ltr'><strong>Coeli.</strong></span> <span class='ocrx_word' id='word_1_82' title='bbox 1798 1239 1982 1280; x_wconf 77' lang='lat' dir='ltr'><strong>Lachesis</strong></span> 
     </span>
     <span class='ocr_line' id='line_1_14' title="bbox 160 1294 1981 1345; baseline -0.001 -12"><span class='ocrx_word' id='word_1_83' title='bbox 160 1294 411 1334; x_wconf 79' lang='lat' dir='ltr'><strong>inexorabilis</strong></span> <span class='ocrx_word' id='word_1_84' title='bbox 423 1299 505 1333; x_wconf 85' lang='lat' dir='ltr'><strong>tum</strong></span> <span class='ocrx_word' id='word_1_85' title='bbox 518 1296 670 1334; x_wconf 83' lang='lat' dir='ltr'><strong>demum</strong></span> <span class='ocrx_word' id='word_1_86' title='bbox 679 1295 802 1345; x_wconf 77' lang='lat' dir='ltr'><strong>capiet</strong></span> <span class='ocrx_word' id='word_1_87' title='bbox 815 1299 1042 1345; x_wconf 84' lang='lat' dir='ltr'><strong>potestatem</strong></span> <span class='ocrx_word' id='word_1_88' title='bbox 1059 1296 1099 1333; x_wconf 84' lang='lat' dir='ltr'><strong>in</strong></span> <span class='ocrx_word' id='word_1_89' title='bbox 1114 1299 1257 1343; x_wconf 88' lang='lat' dir='ltr'><strong>te,cum</strong></span> <span class='ocrx_word' id='word_1_90' title='bbox 1268 1299 1409 1333; x_wconf 90' lang='lat' dir='ltr'><strong>natura</strong></span> <span class='ocrx_word' id='word_1_91' title='bbox 1424 1295 1484 1334; x_wconf 85' lang='lat' dir='ltr'><strong>ita</strong></span> <span class='ocrx_word' id='word_1_92' title='bbox 1498 1294 1702 1334; x_wconf 75' lang='lat' dir='ltr'><strong>inverterit</strong></span> <span class='ocrx_word' id='word_1_93' title='bbox 1716 1295 1910 1343; x_wconf 78' lang='lat' dir='ltr'><strong>mundum,</strong></span> <span class='ocrx_word' id='word_1_94' title='bbox 1921 1305 1981 1332; x_wconf 80' lang='lat' dir='ltr'><strong>or·</strong></span> 
     </span>
     <span class='ocr_line' id='line_1_15' title="bbox 160 1347 1980 1399; baseline -0.001 -13"><span class='ocrx_word' id='word_1_95' title='bbox 160 1347 250 1386; x_wconf 85' lang='lat' dir='ltr'><strong>dine</strong></span> <span class='ocrx_word' id='word_1_96' title='bbox 261 1361 372 1398; x_wconf 82' lang='lat' dir='ltr'><strong>novo,</strong></span> <span class='ocrx_word' id='word_1_97' title='bbox 384 1352 428 1387; x_wconf 88' lang='lat' dir='ltr'><strong>ut</strong></span> <span class='ocrx_word' id='word_1_98' title='bbox 441 1348 593 1398; x_wconf 87' lang='lat' dir='ltr'><strong>Tanais,</strong></span> <span class='ocrx_word' id='word_1_99' title='bbox 600 1347 729 1399; x_wconf 82' lang='lat' dir='ltr'><strong>fluvio</strong></span> <span class='ocrx_word' id='word_1_100' title='bbox 741 1351 905 1397; x_wconf 87' lang='lat' dir='ltr'><strong>mutato,</strong></span> <span class='ocrx_word' id='word_1_101' title='bbox 917 1349 1040 1387; x_wconf 82' lang='lat' dir='ltr'><strong>alluat</strong></span> <span class='ocrx_word' id='word_1_102' title='bbox 1052 1349 1270 1399; x_wconf 80' lang='lat' dir='ltr'><strong>AEgyptum</strong></span> <span class='ocrx_word' id='word_1_103' title='bbox 1277 1361 1293 1395; x_wconf 87' lang='lat'><em>;</em></span> <span class='ocrx_word' id='word_1_104' title='bbox 1310 1353 1357 1386; x_wconf 90' lang='lat' dir='ltr'><strong>ut</strong></span> <span class='ocrx_word' id='word_1_105' title='bbox 1371 1348 1489 1386; x_wconf 84' lang='lat' dir='ltr'><strong>Nilus</strong></span> <span class='ocrx_word' id='word_1_106' title='bbox 1499 1347 1633 1386; x_wconf 87' lang='lat' dir='ltr'><strong>alluat</strong></span> <span class='ocrx_word' id='word_1_107' title='bbox 1648 1347 1844 1397; x_wconf 82' lang='lat' dir='ltr'><strong>paludem</strong></span> <span class='ocrx_word' id='word_1_108' title='bbox 1858 1347 1980 1385; x_wconf 73' lang='grc' dir='ltr'><strong><em>Μωυ-</em></strong></span> 
     </span>
     <span class='ocr_line' id='line_1_16' title="bbox 161 1399 1982 1451; baseline -0.001 -12"><span class='ocrx_word' id='word_1_109' title='bbox 161 1401 281 1440; x_wconf 83' lang='lat' dir='ltr'><strong>tidem</strong></span> <span class='ocrx_word' id='word_1_110' title='bbox 296 1415 312 1449; x_wconf 91' lang='lat'><em>;</em></span> <span class='ocrx_word' id='word_1_111' title='bbox 332 1407 379 1441; x_wconf 90' lang='lat' dir='ltr'><strong>ut</strong></span> <span class='ocrx_word' id='word_1_112' title='bbox 400 1402 533 1441; x_wconf 82' lang='lat' dir='ltr'><strong>Eurus</strong></span> <span class='ocrx_word' id='word_1_113' title='bbox 544 1405 683 1451; x_wconf 83' lang='lat' dir='ltr'><strong>surgat</strong></span> <span class='ocrx_word' id='word_1_114' title='bbox 701 1400 749 1440; x_wconf 89' lang='lat' dir='ltr'><strong>ab</strong></span> <span class='ocrx_word' id='word_1_115' title='bbox 761 1401 984 1451; x_wconf 83' lang='lat' dir='ltr'><strong>Occidente,</strong></span> <span class='ocrx_word' id='word_1_116' title='bbox 999 1401 1196 1440; x_wconf 82' lang='lat' dir='ltr'><strong>Favonius</strong></span> <span class='ocrx_word' id='word_1_117' title='bbox 1210 1401 1257 1439; x_wconf 89' lang='lat' dir='ltr'><strong>ab</strong></span> <span class='ocrx_word' id='word_1_118' title='bbox 1274 1401 1404 1448; x_wconf 84' lang='lat' dir='ltr'><strong>India,</strong></span> <span class='ocrx_word' id='word_1_119' title='bbox 1421 1405 1460 1439; x_wconf 89' lang='lat' dir='ltr'><strong>et</strong></span> <span class='ocrx_word' id='word_1_120' title='bbox 1479 1400 1706 1439; x_wconf 80' lang='lat' dir='ltr'><strong>culminibus</strong></span> <span class='ocrx_word' id='word_1_121' title='bbox 1717 1399 1881 1438; x_wconf 78' lang='lat' dir='ltr'><strong>Caucasi</strong></span> <span class='ocrx_word' id='word_1_122' title='bbox 1899 1403 1982 1437; x_wconf 88' lang='lat' dir='ltr'><strong>tur-</strong></span> 
     </span>
     <span class='ocr_line' id='line_1_17' title="bbox 160 1452 1983 1505; baseline -0.001 -13"><span class='ocrx_word' id='word_1_123' title='bbox 160 1454 261 1494; x_wconf 85' lang='lat' dir='ltr'><strong>batis</strong></span> <span class='ocrx_word' id='word_1_124' title='bbox 290 1456 395 1494; x_wconf 87' lang='lat' dir='ltr'><strong>Noto</strong></span> <span class='ocrx_word' id='word_1_125' title='bbox 427 1455 596 1503; x_wconf 78' lang='lat' dir='ltr'><strong>ardenti,</strong></span> <span class='ocrx_word' id='word_1_126' title='bbox 626 1455 776 1494; x_wconf 80' lang='lat' dir='ltr'><strong>Boreas</strong></span> <span class='ocrx_word' id='word_1_127' title='bbox 809 1456 1011 1493; x_wconf 71' lang='lat' dir='ltr'><strong>condense-t</strong></span> <span class='ocrx_word' id='word_1_128' title='bbox 1044 1455 1134 1505; x_wconf 87' lang='lat' dir='ltr'><strong>gelu</strong></span> <span class='ocrx_word' id='word_1_129' title='bbox 1163 1466 1302 1493; x_wconf 81' lang='lat' dir='ltr'><strong>arenas</strong></span> <span class='ocrx_word' id='word_1_130' title='bbox 1332 1454 1512 1505; x_wconf 83' lang='lat' dir='ltr'><strong>Libycas.</strong></span> <span class='ocrx_word' id='word_1_131' title='bbox 1544 1453 1743 1492; x_wconf 82' lang='lat' dir='ltr'><strong>Hactenus</strong></span> <span class='ocrx_word' id='word_1_132' title='bbox 1773 1452 1983 1503; x_wconf 79' lang='lat' dir='ltr'><strong>petitiones</strong></span> 
     </span>
     <span class='ocr_line' id='line_1_18' title="bbox 150 1506 1983 1558; baseline -0.002 -12"><span class='ocrx_word' id='word_1_133' title='bbox 150 1506 320 1555; x_wconf 81' lang='lat' dir='ltr'><strong>funestoe</strong></span> <span class='ocrx_word' id='word_1_134' title='bbox 339 1509 539 1557; x_wconf 88' lang='lat' dir='ltr'><strong>hostium,</strong></span> <span class='ocrx_word' id='word_1_135' title='bbox 555 1513 593 1548; x_wconf 88' lang='lat' dir='ltr'><strong>et</strong></span> <span class='ocrx_word' id='word_1_136' title='bbox 608 1508 837 1547; x_wconf 80' lang='lat' dir='ltr'><strong>minutiones</strong></span> <span class='ocrx_word' id='word_1_137' title='bbox 851 1508 1053 1558; x_wconf 83' lang='lat' dir='ltr'><strong>proedictae</strong></span> <span class='ocrx_word' id='word_1_138' title='bbox 1071 1509 1254 1547; x_wconf 84' lang='lat' dir='ltr'><strong>monstris</strong></span> <span class='ocrx_word' id='word_1_139' title='bbox 1263 1507 1537 1558; x_wconf 85' lang='lat' dir='ltr'><strong>frequentibus</strong></span> <span class='ocrx_word' id='word_1_140' title='bbox 1555 1510 1803 1546; x_wconf 81' lang='lat' dir='ltr'><strong>evanuerunt.</strong></span> <span class='ocrx_word' id='word_1_141' title='bbox 1846 1506 1983 1556; x_wconf 85' lang='lat' dir='ltr'><strong>Neque</strong></span> 
     </span>
     <span class='ocr_line' id='line_1_19' title="bbox 167 1558 1982 1612; baseline -0.002 -12"><span class='ocrx_word' id='word_1_142' title='bbox 167 1573 268 1601; x_wconf 88' lang='lat' dir='ltr'><strong>vero</strong></span> <span class='ocrx_word' id='word_1_143' title='bbox 284 1569 394 1601; x_wconf 86' lang='lat' dir='ltr'><strong>astra</strong></span> <span class='ocrx_word' id='word_1_144' title='bbox 414 1561 609 1610; x_wconf 83' lang='lat' dir='ltr'><strong>fruuntur</strong></span> <span class='ocrx_word' id='word_1_145' title='bbox 627 1562 755 1612; x_wconf 80' lang='lat' dir='ltr'><strong>quiete</strong></span> <span class='ocrx_word' id='word_1_146' title='bbox 784 1565 1003 1612; x_wconf 82' lang='lat' dir='ltr'><strong>perpetua;</strong></span> <span class='ocrx_word' id='word_1_147' title='bbox 1030 1565 1070 1600; x_wconf 88' lang='lat' dir='ltr'><strong>et</strong></span> <span class='ocrx_word' id='word_1_148' title='bbox 1088 1561 1201 1600; x_wconf 86' lang='lat' dir='ltr'><strong>aiunt</strong></span> <span class='ocrx_word' id='word_1_149' title='bbox 1218 1562 1355 1600; x_wconf 84' lang='lat' dir='ltr'><strong>Jovem</strong></span> <span class='ocrx_word' id='word_1_150' title='bbox 1375 1563 1516 1612; x_wconf 80' lang='lat' dir='ltr'><strong>ipsum,</strong></span> <span class='ocrx_word' id='word_1_151' title='bbox 1544 1561 1580 1599; x_wconf 85' lang='lat' dir='ltr'><strong>si</strong></span> <span class='ocrx_word' id='word_1_152' title='bbox 1614 1561 1726 1599; x_wconf 89' lang='lat' dir='ltr'><strong>liceat</strong></span> <span class='ocrx_word' id='word_1_153' title='bbox 1746 1559 1905 1610; x_wconf 85' lang='lat' dir='ltr'><strong>dicere,</strong></span> <span class='ocrx_word' id='word_1_154' title='bbox 1933 1558 1982 1597; x_wconf 85' lang='lat' dir='ltr'><strong>ti-</strong></span> 
     </span>
    </p>
   </div>
   <div class='ocr_carea' id='block_1_5' title="bbox 925 1665 1217 1680">
    <p class='ocr_par' dir='ltr' id='par_1_11' title="bbox 925 1665 1217 1680">
     <span class='ocr_line' id='line_1_20' title="bbox 925 1665 1217 1680; baseline 0.003 -1"><span class='ocrx_word' id='word_1_155' title='bbox 925 1665 1217 1680; x_wconf 55' lang='lat' dir='ltr'><strong>“O‘OO‘OOOO‘</strong></span> 
     </span>
    </p>
   </div>
   <div class='ocr_carea' id='block_1_6' title="bbox 161 1744 1988 2278">
    <p class='ocr_par' dir='ltr' id='par_1_12' title="bbox 161 1744 1988 2278">
     <span class='ocr_line' id='line_1_21' title="bbox 162 1744 1981 1797; baseline -0.002 -10"><span class='ocrx_word' id='word_1_156' title='bbox 162 1750 268 1787; x_wconf 73' lang='lat'><strong>-54</strong></span> <span class='ocrx_word' id='word_1_157' title='bbox 297 1750 391 1787; x_wconf 84' lang='lat' dir='ltr'><strong>tunc</strong></span> <span class='ocrx_word' id='word_1_158' title='bbox 409 1747 501 1789; x_wconf 82' lang='lat' dir='ltr'><strong>Pal.</strong></span> <span class='ocrx_word' id='word_1_159' title='bbox 519 1747 708 1786; x_wconf 89' lang='lat' dir='ltr'><strong>Florent.</strong></span> <span class='ocrx_word' id='word_1_160' title='bbox 729 1747 895 1786; x_wconf 83' lang='lat' dir='ltr'><strong>Mazar.</strong></span> <span class='ocrx_word' id='word_1_161' title='bbox 914 1746 997 1786; x_wconf 92' lang='lat' dir='ltr'><strong>duo</strong></span> <span class='ocrx_word' id='word_1_162' title='bbox 1016 1744 1165 1786; x_wconf 91' lang='lat' dir='ltr'><strong>Ambr.</strong></span> <span class='ocrx_word' id='word_1_163' title='bbox 1190 1746 1291 1788; x_wconf 88' lang='lat' dir='ltr'><strong>Jun.</strong></span> <span class='ocrx_word' id='word_1_164' title='bbox 1312 1759 1374 1797; x_wconf 84' lang='lat' dir='ltr'><strong>pr.</strong></span> <span class='ocrx_word' id='word_1_165' title='bbox 1387 1745 1509 1786; x_wconf 87' lang='lat' dir='ltr'><strong>Leid.</strong></span> <span class='ocrx_word' id='word_1_166' title='bbox 1529 1758 1592 1797; x_wconf 88' lang='lat' dir='ltr'><strong>pr.</strong></span> <span class='ocrx_word' id='word_1_167' title='bbox 1613 1745 1752 1786; x_wconf 87' lang='lat' dir='ltr'><strong>Oxou.</strong></span> <span class='ocrx_word' id='word_1_168' title='bbox 1771 1755 1854 1785; x_wconf 89' lang='lat' dir='ltr'><strong>sec.</strong></span> <span class='ocrx_word' id='word_1_169' title='bbox 1874 1744 1981 1785; x_wconf 81' lang='lat' dir='ltr'><strong>Exc.</strong></span> 
     </span>
     <span class='ocr_line' id='line_1_22' title="bbox 164 1797 1982 1852; baseline -0.002 -13"><span class='ocrx_word' id='word_1_170' title='bbox 164 1802 344 1840; x_wconf 89' lang='lat' dir='ltr'><strong>Lucens.</strong></span> <span class='ocrx_word' id='word_1_171' title='bbox 366 1806 537 1852; x_wconf 87' lang='lat' dir='ltr'><strong>pr.—--55</strong></span> <span class='ocrx_word' id='word_1_172' title='bbox 569 1801 618 1839; x_wconf 87' lang='lat' dir='ltr'><strong>In</strong></span> <span class='ocrx_word' id='word_1_173' title='bbox 650 1805 688 1839; x_wconf 86' lang='lat' dir='ltr'><strong>te</strong></span> <span class='ocrx_word' id='word_1_174' title='bbox 714 1800 785 1848; x_wconf 78' lang='lat' dir='ltr'><strong>jus</strong></span> <span class='ocrx_word' id='word_1_175' title='bbox 817 1799 936 1839; x_wconf 89' lang='lat' dir='ltr'><strong>Med.</strong></span> <span class='ocrx_word' id='word_1_176' title='bbox 969 1806 1108 1851; x_wconf 86' lang='lat' dir='ltr'><strong>quart.</strong></span> <span class='ocrx_word' id='word_1_177' title='bbox 1136 1801 1243 1840; x_wconf 89' lang='lat' dir='ltr'><strong>Exc.</strong></span> <span class='ocrx_word' id='word_1_178' title='bbox 1275 1800 1455 1840; x_wconf 87' lang='lat' dir='ltr'><strong>Gevart.</strong></span> <span class='ocrx_word' id='word_1_179' title='bbox 1486 1803 1703 1839; x_wconf 79' lang='lat' dir='ltr'><strong>mutaverat</strong></span> <span class='ocrx_word' id='word_1_180' title='bbox 1734 1798 1801 1837; x_wconf 88' lang='lat' dir='ltr'><strong>ed.</strong></span> <span class='ocrx_word' id='word_1_181' title='bbox 1839 1797 1982 1838; x_wconf 89' lang='lat' dir='ltr'><strong>Vicet.</strong></span> 
     </span>
     <span class='ocr_line' id='line_1_23' title="bbox 161 1851 1982 1904; baseline -0.002 -12"><span class='ocrx_word' id='word_1_182' title='bbox 161 1854 293 1893; x_wconf 80' lang='lat' dir='ltr'><strong>urbem</strong></span> <span class='ocrx_word' id='word_1_183' title='bbox 312 1853 432 1892; x_wconf 89' lang='lat' dir='ltr'><strong>Med.</strong></span> <span class='ocrx_word' id='word_1_184' title='bbox 452 1865 537 1892; x_wconf 87' lang='lat' dir='ltr'><strong>see.</strong></span> <span class='ocrx_word' id='word_1_185' title='bbox 557 1866 613 1893; x_wconf 91' lang='lat' dir='ltr'><strong>m.</strong></span> <span class='ocrx_word' id='word_1_186' title='bbox 633 1865 743 1904; x_wconf 89' lang='lat' dir='ltr'><strong>pr.—</strong></span> <span class='ocrx_word' id='word_1_187' title='bbox 754 1857 807 1892; x_wconf 90' lang='grc'><strong>56</strong></span> <span class='ocrx_word' id='word_1_188' title='bbox 833 1853 913 1891; x_wconf 84' lang='lat' dir='ltr'><strong>suis</strong></span> <span class='ocrx_word' id='word_1_189' title='bbox 931 1865 1008 1903; x_wconf 82' lang='lat' dir='ltr'><strong>pro</strong></span> <span class='ocrx_word' id='word_1_190' title='bbox 1027 1853 1135 1892; x_wconf 88' lang='lat' dir='ltr'><strong>novis</strong></span> <span class='ocrx_word' id='word_1_191' title='bbox 1146 1852 1293 1893; x_wconf 86' lang='lat' dir='ltr'><strong>Ambr.</strong></span> <span class='ocrx_word' id='word_1_192' title='bbox 1309 1859 1407 1893; x_wconf 88' lang='lat' dir='ltr'><strong>tert.</strong></span> <span class='ocrx_word' id='word_1_193' title='bbox 1426 1866 1512 1893; x_wconf 85' lang='lat' dir='ltr'><strong>cum</strong></span> <span class='ocrx_word' id='word_1_194' title='bbox 1519 1852 1687 1904; x_wconf 85' lang='lat' dir='ltr'><strong>flumine</strong></span> <span class='ocrx_word' id='word_1_195' title='bbox 1708 1851 1824 1891; x_wconf 87' lang='lat' dir='ltr'><strong>Med.</strong></span> <span class='ocrx_word' id='word_1_196' title='bbox 1839 1863 1982 1890; x_wconf 84' lang='lat' dir='ltr'><strong>sec.—</strong></span> 
     </span>
     <span class='ocr_line' id='line_1_24' title="bbox 162 1904 1984 1957; baseline -0.001 -11"><span class='ocrx_word' id='word_1_197' title='bbox 162 1910 212 1946; x_wconf 80' lang='lat'><strong>5⁷</strong></span> <span class='ocrx_word' id='word_1_198' title='bbox 243 1906 430 1945; x_wconf 85' lang='lat' dir='ltr'><strong>Moeotica</strong></span> <span class='ocrx_word' id='word_1_199' title='bbox 450 1906 568 1945; x_wconf 91' lang='lat' dir='ltr'><strong>Med.</strong></span> <span class='ocrx_word' id='word_1_200' title='bbox 605 1911 746 1957; x_wconf 83' lang='lat' dir='ltr'><strong>quart.</strong></span> <span class='ocrx_word' id='word_1_201' title='bbox 785 1906 978 1945; x_wconf 76' lang='lat' dir='ltr'><strong>Maeotina</strong></span> <span class='ocrx_word' id='word_1_202' title='bbox 1013 1907 1132 1946; x_wconf 82' lang='lat' dir='ltr'><strong>Rott.</strong></span> <span class='ocrx_word' id='word_1_203' title='bbox 1162 1907 1265 1946; x_wconf 88' lang='lat' dir='ltr'><strong>Lov.</strong></span> <span class='ocrx_word' id='word_1_204' title='bbox 1294 1907 1446 1946; x_wconf 79' lang='lat' dir='ltr'><strong>PetaV.</strong></span> <span class='ocrx_word' id='word_1_205' title='bbox 1479 1909 1685 1945; x_wconf 89' lang='lat' dir='ltr'><strong>tert.—-58</strong></span> <span class='ocrx_word' id='word_1_206' title='bbox 1711 1906 1852 1955; x_wconf 84' lang='lat' dir='ltr'><strong>prodat</strong></span> <span class='ocrx_word' id='word_1_207' title='bbox 1883 1904 1984 1944; x_wconf 86' lang='lat' dir='ltr'><strong>Vat.</strong></span> 
     </span>
     <span class='ocr_line' id='line_1_25' title="bbox 163 1956 1985 2011; baseline -0.002 -13"><span class='ocrx_word' id='word_1_208' title='bbox 163 1964 300 2011; x_wconf 85' lang='lat' dir='ltr'><strong>quart.</strong></span> <span class='ocrx_word' id='word_1_209' title='bbox 320 1959 455 1999; x_wconf 87' lang='lat' dir='ltr'><strong>Oisel.</strong></span> <span class='ocrx_word' id='word_1_210' title='bbox 480 1961 630 1998; x_wconf 87' lang='lat' dir='ltr'><strong>Petav.</strong></span> <span class='ocrx_word' id='word_1_211' title='bbox 649 1971 713 2010; x_wconf 91' lang='lat' dir='ltr'><strong>pr.</strong></span> <span class='ocrx_word' id='word_1_212' title='bbox 733 1959 829 1998; x_wconf 87' lang='lat' dir='ltr'><strong>Pat.</strong></span> <span class='ocrx_word' id='word_1_213' title='bbox 853 1965 1009 2009; x_wconf 81' lang='lat' dir='ltr'><strong>promat</strong></span> <span class='ocrx_word' id='word_1_214' title='bbox 1030 1960 1127 1999; x_wconf 88' lang='lat' dir='ltr'><strong>Vat.</strong></span> <span class='ocrx_word' id='word_1_215' title='bbox 1148 1972 1210 2011; x_wconf 87' lang='lat' dir='ltr'><strong>pr.</strong></span> <span class='ocrx_word' id='word_1_216' title='bbox 1231 1964 1277 1998; x_wconf 86' lang='lat' dir='ltr'><strong>et</strong></span> <span class='ocrx_word' id='word_1_217' title='bbox 1297 1965 1396 1999; x_wconf 89' lang='lat' dir='ltr'><strong>tert.</strong></span> <span class='ocrx_word' id='word_1_218' title='bbox 1417 1960 1511 1998; x_wconf 82' lang='lat' dir='ltr'><strong>Pal.</strong></span> <span class='ocrx_word' id='word_1_219' title='bbox 1528 1960 1655 1997; x_wconf 87' lang='lat' dir='ltr'><strong>Farn.</strong></span> <span class='ocrx_word' id='word_1_220' title='bbox 1675 1958 1791 1996; x_wconf 89' lang='lat' dir='ltr'><strong>Prie.</strong></span> <span class='ocrx_word' id='word_1_221' title='bbox 1810 1956 1985 1995; x_wconf 68' lang='lat' dir='ltr'><strong>Rom.—</strong></span> 
     </span>
     <span class='ocr_line' id='line_1_26' title="bbox 163 2010 1985 2063; baseline -0.002 -10"><span class='ocrx_word' id='word_1_222' title='bbox 163 2018 216 2053; x_wconf 83' lang='lat'><strong>59</strong></span> <span class='ocrx_word' id='word_1_223' title='bbox 247 2012 524 2063; x_wconf 85' lang='lat' dir='ltr'><strong>Caucaseisque</strong></span> <span class='ocrx_word' id='word_1_224' title='bbox 561 2014 664 2051; x_wconf 92' lang='lat' dir='ltr'><strong>Lov.</strong></span> <span class='ocrx_word' id='word_1_225' title='bbox 699 2011 821 2051; x_wconf 89' lang='lat' dir='ltr'><strong>ambo</strong></span> <span class='ocrx_word' id='word_1_226' title='bbox 851 2013 1009 2052; x_wconf 72' lang='lat' dir='ltr'><strong>Mon-et.</strong></span> <span class='ocrx_word' id='word_1_227' title='bbox 1030 2013 1135 2051; x_wconf 88' lang='lat' dir='ltr'><strong>Exc.</strong></span> <span class='ocrx_word' id='word_1_228' title='bbox 1172 2013 1352 2052; x_wconf 83' lang='lat' dir='ltr'><strong>Gevart.</strong></span> <span class='ocrx_word' id='word_1_229' title='bbox 1383 2012 1577 2062; x_wconf 85' lang='lat' dir='ltr'><strong>calidoque</strong></span> <span class='ocrx_word' id='word_1_230' title='bbox 1595 2012 1696 2051; x_wconf 87' lang='lat' dir='ltr'><strong>Jun.</strong></span> <span class='ocrx_word' id='word_1_231' title='bbox 1718 2010 1861 2049; x_wconf 84' lang='lat' dir='ltr'><strong>Oxou.</strong></span> <span class='ocrx_word' id='word_1_232' title='bbox 1899 2020 1985 2049; x_wconf 81' lang='lat' dir='ltr'><strong>sec.</strong></span> 
     </span>
     <span class='ocr_line' id='line_1_27' title="bbox 162 2063 1985 2116; baseline -0.002 -11"><span class='ocrx_word' id='word_1_233' title='bbox 162 2066 423 2116; x_wconf 82' lang='lat' dir='ltr'><strong>migrantibus</strong></span> <span class='ocrx_word' id='word_1_234' title='bbox 442 2066 541 2105; x_wconf 88' lang='lat' dir='ltr'><strong>Put.</strong></span> <span class='ocrx_word' id='word_1_235' title='bbox 564 2065 773 2104; x_wconf 59' lang='lat' dir='ltr'><strong>Pan—60</strong></span> <span class='ocrx_word' id='word_1_236' title='bbox 793 2064 960 2115; x_wconf 82' lang='lat' dir='ltr'><strong>Aquilon</strong></span> <span class='ocrx_word' id='word_1_237' title='bbox 978 2065 1078 2104; x_wconf 89' lang='lat' dir='ltr'><strong>Put.</strong></span> <span class='ocrx_word' id='word_1_238' title='bbox 1098 2066 1199 2106; x_wconf 86' lang='lat' dir='ltr'><strong>Jun.</strong></span> <span class='ocrx_word' id='word_1_239' title='bbox 1218 2078 1284 2116; x_wconf 88' lang='lat' dir='ltr'><strong>pr.</strong></span> <span class='ocrx_word' id='word_1_240' title='bbox 1303 2066 1444 2106; x_wconf 86' lang='lat' dir='ltr'><strong>Oxon.</strong></span> <span class='ocrx_word' id='word_1_241' title='bbox 1466 2076 1546 2104; x_wconf 86' lang='lat' dir='ltr'><strong>sec.</strong></span> <span class='ocrx_word' id='word_1_242' title='bbox 1563 2064 1710 2114; x_wconf 83' lang='lat' dir='ltr'><strong>glacies</strong></span> <span class='ocrx_word' id='word_1_243' title='bbox 1733 2063 1917 2101; x_wconf 81' lang='lat' dir='ltr'><strong>Florem.</strong></span> <span class='ocrx_word' id='word_1_244' title='bbox 1930 2074 1985 2102; x_wconf 92' lang='lat' dir='ltr'><strong>m.</strong></span> 
     </span>
     <span class='ocr_line' id='line_1_28' title="bbox 165 2115 1987 2169; baseline -0.003 -10"><span class='ocrx_word' id='word_1_245' title='bbox 165 2132 249 2159; x_wconf 85' lang='lat' dir='ltr'><strong>sec.</strong></span> <span class='ocrx_word' id='word_1_246' title='bbox 269 2120 510 2169; x_wconf 79' lang='lat' dir='ltr'><strong>constringet</strong></span> <span class='ocrx_word' id='word_1_247' title='bbox 533 2120 651 2158; x_wconf 86' lang='lat' dir='ltr'><strong>Voss.</strong></span> <span class='ocrx_word' id='word_1_248' title='bbox 674 2118 742 2157; x_wconf 87' lang='lat' dir='ltr'><strong>ed.</strong></span> <span class='ocrx_word' id='word_1_249' title='bbox 763 2118 905 2158; x_wconf 82' lang='lat' dir='ltr'><strong>Vicet.</strong></span> <span class='ocrx_word' id='word_1_250' title='bbox 922 2116 1144 2167; x_wconf 83' lang='lat' dir='ltr'><strong>confringat</strong></span> <span class='ocrx_word' id='word_1_251' title='bbox 1178 2119 1285 2158; x_wconf 85' lang='lat' dir='ltr'><strong>Exc.</strong></span> <span class='ocrx_word' id='word_1_252' title='bbox 1315 2119 1438 2157; x_wconf 79' lang='lat' dir='ltr'><strong>Laeti.</strong></span> <span class='ocrx_word' id='word_1_253' title='bbox 1459 2117 1625 2156; x_wconf 82' lang='lat' dir='ltr'><strong>habenas</strong></span> <span class='ocrx_word' id='word_1_254' title='bbox 1643 2118 1877 2156; x_wconf 85' lang='lat' dir='ltr'><strong>Farn.——61</strong></span> <span class='ocrx_word' id='word_1_255' title='bbox 1908 2115 1987 2154; x_wconf 89' lang='lat' dir='ltr'><strong>Fa·</strong></span> 
     </span>
     <span class='ocr_line' id='line_1_29' title="bbox 162 2168 1986 2223; baseline -0.003 -11"><span class='ocrx_word' id='word_1_256' title='bbox 162 2173 257 2213; x_wconf 86' lang='lat' dir='ltr'><strong>talis</strong></span> <span class='ocrx_word' id='word_1_257' title='bbox 274 2174 464 2212; x_wconf 86' lang='lat' dir='ltr'><strong>Florent.</strong></span> <span class='ocrx_word' id='word_1_258' title='bbox 499 2185 599 2212; x_wconf 86' lang='lat' dir='ltr'><strong>nunc</strong></span> <span class='ocrx_word' id='word_1_259' title='bbox 617 2184 731 2223; x_wconf 83' lang='lat' dir='ltr'><strong>usque</strong></span> <span class='ocrx_word' id='word_1_260' title='bbox 760 2171 880 2211; x_wconf 90' lang='lat' dir='ltr'><strong>Med.</strong></span> <span class='ocrx_word' id='word_1_261' title='bbox 901 2176 1039 2223; x_wconf 76' lang='lat' dir='ltr'><strong>quart.</strong></span> <span class='ocrx_word' id='word_1_262' title='bbox 1073 2172 1158 2211; x_wconf 90' lang='lat' dir='ltr'><strong>inc.</strong></span> <span class='ocrx_word' id='word_1_263' title='bbox 1181 2172 1333 2212; x_wconf 86' lang='lat' dir='ltr'><strong>Heius.</strong></span> <span class='ocrx_word' id='word_1_264' title='bbox 1355 2172 1458 2210; x_wconf 90' lang='lat' dir='ltr'><strong>Put.</strong></span> <span class='ocrx_word' id='word_1_265' title='bbox 1478 2171 1638 2210; x_wconf 89' lang='lat' dir='ltr'><strong>Thuan.</strong></span> <span class='ocrx_word' id='word_1_266' title='bbox 1658 2169 1824 2208; x_wconf 89' lang='lat' dir='ltr'><strong>Tholos.</strong></span> <span class='ocrx_word' id='word_1_267' title='bbox 1845 2168 1986 2208; x_wconf 86' lang='lat' dir='ltr'><strong>Oxon.</strong></span> 
     </span>
     <span class='ocr_line' id='line_1_30' title="bbox 164 2221 1988 2278; baseline -0.003 -12"><span class='ocrx_word' id='word_1_268' title='bbox 164 2239 229 2278; x_wconf 87' lang='lat' dir='ltr'><strong>pr.</strong></span> <span class='ocrx_word' id='word_1_269' title='bbox 249 2226 400 2266; x_wconf 87' lang='lat' dir='ltr'><strong>Ambr.</strong></span> <span class='ocrx_word' id='word_1_270' title='bbox 421 2232 523 2266; x_wconf 85' lang='lat' dir='ltr'><strong>tert.</strong></span> <span class='ocrx_word' id='word_1_271' title='bbox 542 2226 687 2265; x_wconf 68' lang='lat' dir='ltr'><strong>nocivae</strong></span> <span class='ocrx_word' id='word_1_272' title='bbox 717 2226 787 2264; x_wconf 90' lang='lat' dir='ltr'><strong>vel</strong></span> <span class='ocrx_word' id='word_1_273' title='bbox 805 2228 952 2265; x_wconf 66' lang='lat' dir='ltr'><strong>notatae</strong></span> <span class='ocrx_word' id='word_1_274' title='bbox 985 2224 1227 2265; x_wconf 62' lang='lat' dir='ltr'><strong>(meh—63</strong></span> <span class='ocrx_word' id='word_1_275' title='bbox 1257 2225 1413 2276; x_wconf 79' lang='lat' dir='ltr'><strong>tropheo</strong></span> <span class='ocrx_word' id='word_1_276' title='bbox 1431 2225 1533 2265; x_wconf 86' lang='lat' dir='ltr'><strong>Var.</strong></span> <span class='ocrx_word' id='word_1_277' title='bbox 1550 2224 1641 2264; x_wconf 91' lang='lat' dir='ltr'><strong>LL.</strong></span> <span class='ocrx_word' id='word_1_278' title='bbox 1663 2223 1730 2263; x_wconf 89' lang='lat' dir='ltr'><strong>ed.</strong></span> <span class='ocrx_word' id='word_1_279' title='bbox 1749 2221 1881 2263; x_wconf 88' lang='lat' dir='ltr'><strong>Antv.</strong></span> <span class='ocrx_word' id='word_1_280' title='bbox 1907 2224 1988 2260; x_wconf 88' lang='lat' dir='ltr'><strong>tre-</strong></span> 
     </span>
    </p>
   </div>
   <div class='ocr_carea' id='block_1_7' title="bbox 983 2346 1159 2387">
    <p class='ocr_par' dir='ltr' id='par_1_13' title="bbox 983 2346 1159 2387">
     <span class='ocr_line' id='line_1_31' title="bbox 983 2346 1159 2387; baseline 0 0"><span class='ocrx_word' id='word_1_281' title='bbox 983 2346 1159 2387; x_wconf 82' lang='lat' dir='ltr'>NOTAE</span> 
     </span>
    </p>
   </div>
   <div class='ocr_carea' id='block_1_8' title="bbox 1628 2448 1987 2501">
    <p class='ocr_par' dir='ltr' id='par_1_14' title="bbox 1628 2448 1987 2501">
     <span class='ocr_line' id='line_1_32' title="bbox 1628 2448 1987 2501; baseline -0.006 -11"><span class='ocrx_word' id='word_1_282' title='bbox 1628 2461 1754 2501; x_wconf 88' lang='lat' dir='ltr'><strong>supra</strong></span> <span class='ocrx_word' id='word_1_283' title='bbox 1799 2448 1987 2488; x_wconf 88' lang='lat' dir='ltr'><strong>Pontum</strong></span> 
     </span>
    </p>
   </div>
   <div class='ocr_carea' id='block_1_9' title="bbox 216 2453 1572 2507">
    <p class='ocr_par' dir='ltr' id='par_1_15' title="bbox 216 2453 1572 2507">
     <span class='ocr_line' id='line_1_33' title="bbox 216 2453 1572 2507; baseline -0.003 -11"><span class='ocrx_word' id='word_1_284' title='bbox 216 2459 268 2496; x_wconf 83' lang='grc'><strong>54</strong></span> <span class='ocrx_word' id='word_1_285' title='bbox 295 2458 483 2507; x_wconf 84' lang='lat' dir='ltr'><strong>AEquaeva</strong></span> <span class='ocrx_word' id='word_1_286' title='bbox 497 2455 604 2507; x_wconf 84' lang='lat' dir='ltr'><strong>polo]</strong></span> <span class='ocrx_word' id='word_1_287' title='bbox 644 2456 904 2497; x_wconf 84' lang='lat' dir='ltr'><strong>Claudianus</strong></span> <span class='ocrx_word' id='word_1_288' title='bbox 931 2456 1041 2496; x_wconf 82' lang='lat' dir='ltr'><strong>male</strong></span> <span class='ocrx_word' id='word_1_289' title='bbox 1108 2455 1252 2495; x_wconf 74' lang='lat' dir='ltr'><strong>ladem</strong></span> <span class='ocrx_word' id='word_1_290' title='bbox 1307 2453 1572 2503; x_wconf 82' lang='lat' dir='ltr'><strong>Maeotidem,</strong></span> 
     </span>
    </p>
   </div>
   <div class='ocr_carea' id='block_1_10' title="bbox 162 2516 1043 3456">
    <p class='ocr_par' dir='ltr' id='par_1_16' title="bbox 162 2516 1043 3206">
     <span class='ocr_line' id='line_1_34' title="bbox 166 2516 1040 2571; baseline -0.003 -12"><span class='ocrx_word' id='word_1_291' title='bbox 166 2523 396 2571; x_wconf 85' lang='lat' dir='ltr'><strong>auguratus</strong></span> <span class='ocrx_word' id='word_1_292' title='bbox 432 2524 501 2558; x_wconf 87' lang='lat' dir='ltr'><strong>est</strong></span> <span class='ocrx_word' id='word_1_293' title='bbox 532 2520 706 2558; x_wconf 85' lang='lat' dir='ltr'><strong>Romam</strong></span> <span class='ocrx_word' id='word_1_294' title='bbox 739 2520 944 2570; x_wconf 74' lang='lat' dir='ltr'><strong>aequalem</strong></span> <span class='ocrx_word' id='word_1_295' title='bbox 974 2516 1040 2556; x_wconf 88' lang='lat' dir='ltr'><strong>fu-</strong></span> 
     </span>
     <span class='ocr_line' id='line_1_35' title="bbox 165 2582 1040 2633; baseline -0.001 -11"><span class='ocrx_word' id='word_1_296' title='bbox 165 2590 304 2622; x_wconf 84' lang='lat' dir='ltr'><strong>turam</strong></span> <span class='ocrx_word' id='word_1_297' title='bbox 331 2595 421 2622; x_wconf 76' lang='lat' dir='ltr'><strong>esse</strong></span> <span class='ocrx_word' id='word_1_298' title='bbox 441 2582 584 2631; x_wconf 79' lang='lat' dir='ltr'>Coe103</span> <span class='ocrx_word' id='word_1_299' title='bbox 621 2595 719 2622; x_wconf 86' lang='lat' dir='ltr'><strong>nam</strong></span> <span class='ocrx_word' id='word_1_300' title='bbox 748 2587 847 2633; x_wconf 87' lang='lat' dir='ltr'><strong>post</strong></span> <span class='ocrx_word' id='word_1_301' title='bbox 878 2583 1040 2622; x_wconf 89' lang='lat' dir='ltr'><strong>obitum</strong></span> 
     </span>
     <span class='ocr_line' id='line_1_36' title="bbox 162 2644 1041 2695; baseline -0.002 -10"><span class='ocrx_word' id='word_1_302' title='bbox 162 2645 424 2693; x_wconf 75' lang='lat' dir='ltr'><strong>Stilichonis,</strong></span> <span class='ocrx_word' id='word_1_303' title='bbox 455 2651 585 2695; x_wconf 82' lang='lat' dir='ltr'><strong>capta</strong></span> <span class='ocrx_word' id='word_1_304' title='bbox 617 2651 661 2683; x_wconf 92' lang='lat' dir='ltr'><strong>et</strong></span> <span class='ocrx_word' id='word_1_305' title='bbox 685 2645 838 2684; x_wconf 88' lang='lat' dir='ltr'><strong>misere</strong></span> <span class='ocrx_word' id='word_1_306' title='bbox 872 2644 1041 2695; x_wconf 83' lang='lat' dir='ltr'><strong>direpta</strong></span> 
     </span>
     <span class='ocr_line' id='line_1_37' title="bbox 165 2707 1040 2759; baseline -0.003 -10"><span class='ocrx_word' id='word_1_307' title='bbox 165 2714 230 2749; x_wconf 87' lang='lat' dir='ltr'><strong>est</strong></span> <span class='ocrx_word' id='word_1_308' title='bbox 250 2709 302 2747; x_wconf 87' lang='lat' dir='ltr'><strong>ab</strong></span> <span class='ocrx_word' id='word_1_309' title='bbox 336 2707 511 2747; x_wconf 81' lang='lat' dir='ltr'><strong>Alarico</strong></span> <span class='ocrx_word' id='word_1_310' title='bbox 541 2707 782 2747; x_wconf 86' lang='lat' dir='ltr'><strong>Gothorum</strong></span> <span class='ocrx_word' id='word_1_311' title='bbox 806 2709 939 2759; x_wconf 86' lang='lat' dir='ltr'><strong>Rege,</strong></span> <span class='ocrx_word' id='word_1_312' title='bbox 971 2720 1040 2747; x_wconf 89' lang='lat' dir='ltr'><strong>co-</strong></span> 
     </span>
     <span class='ocr_line' id='line_1_38' title="bbox 165 2772 1039 2813; baseline -0.001 -1"><span class='ocrx_word' id='word_1_313' title='bbox 165 2773 276 2813; x_wconf 86' lang='lat' dir='ltr'><strong>actis</strong></span> <span class='ocrx_word' id='word_1_314' title='bbox 310 2777 409 2812; x_wconf 84' lang='lat' dir='ltr'><strong>ante</strong></span> <span class='ocrx_word' id='word_1_315' title='bbox 448 2772 656 2811; x_wconf 86' lang='lat' dir='ltr'><strong>matribus</strong></span> <span class='ocrx_word' id='word_1_316' title='bbox 698 2784 794 2811; x_wconf 88' lang='lat' dir='ltr'><strong>suos</strong></span> <span class='ocrx_word' id='word_1_317' title='bbox 834 2772 1039 2811; x_wconf 87' lang='lat' dir='ltr'><strong>devorare</strong></span> 
     </span>
     <span class='ocr_line' id='line_1_39' title="bbox 165 2834 1039 2887; baseline -0.002 -11"><span class='ocrx_word' id='word_1_318' title='bbox 165 2837 320 2877; x_wconf 83' lang='lat' dir='ltr'><strong>liberos</strong></span> <span class='ocrx_word' id='word_1_319' title='bbox 359 2847 439 2887; x_wconf 87' lang='lat' dir='ltr'><strong>per</strong></span> <span class='ocrx_word' id='word_1_320' title='bbox 490 2834 663 2886; x_wconf 86' lang='lat' dir='ltr'><strong>famem,</strong></span> <span class='ocrx_word' id='word_1_321' title='bbox 707 2841 752 2874; x_wconf 83' lang='lat' dir='ltr'><strong>et</strong></span> <span class='ocrx_word' id='word_1_322' title='bbox 797 2835 951 2875; x_wconf 84' lang='lat' dir='ltr'><strong>deinde</strong></span> <span class='ocrx_word' id='word_1_323' title='bbox 987 2835 1039 2874; x_wconf 85' lang='lat' dir='ltr'><strong>iis</strong></span> 
     </span>
     <span class='ocr_line' id='line_1_40' title="bbox 164 2899 1040 2952; baseline -0.005 -11"><span class='ocrx_word' id='word_1_324' title='bbox 164 2899 405 2952; x_wconf 82' lang='lat' dir='ltr'><strong>flagellatis,</strong></span> <span class='ocrx_word' id='word_1_325' title='bbox 439 2900 550 2950; x_wconf 84' lang='lat' dir='ltr'><strong>quod</strong></span> <span class='ocrx_word' id='word_1_326' title='bbox 584 2911 687 2950; x_wconf 85' lang='lat' dir='ltr'><strong>opes</strong></span> <span class='ocrx_word' id='word_1_327' title='bbox 721 2903 941 2949; x_wconf 82' lang='lat' dir='ltr'><strong>negarent.</strong></span> <span class='ocrx_word' id='word_1_328' title='bbox 995 2899 1040 2937; x_wconf 90' lang='lat' dir='ltr'><strong>S.</strong></span> 
     </span>
     <span class='ocr_line' id='line_1_41' title="bbox 166 2959 1043 3014; baseline -0.007 -9"><span class='ocrx_word' id='word_1_329' title='bbox 166 2964 481 3014; x_wconf 83' lang='lat' dir='ltr'><strong>Hieronymus:</strong></span> <span class='ocrx_word' id='word_1_330' title='bbox 511 2963 523 2983; x_wconf 90' lang='lat'>‘</span> <span class='ocrx_word' id='word_1_331' title='bbox 545 2961 727 3000; x_wconf 85' lang='lat' dir='ltr'><strong>Illustris</strong></span> <span class='ocrx_word' id='word_1_332' title='bbox 752 2959 935 3000; x_wconf 86' lang='lat' dir='ltr'><strong>foeminae</strong></span> <span class='ocrx_word' id='word_1_333' title='bbox 970 2960 1043 3000; x_wconf 90' lang='lat' dir='ltr'><strong>do·</strong></span> 
     </span>
     <span class='ocr_line' id='line_1_42' title="bbox 166 3017 1041 3076; baseline -0.006 -8"><span class='ocrx_word' id='word_1_334' title='bbox 166 3017 278 3068; x_wconf 73' lang='lat' dir='ltr'><strong>inum</strong></span> <span class='ocrx_word' id='word_1_335' title='bbox 297 3027 437 3066; x_wconf 86' lang='lat' dir='ltr'><strong>victor</strong></span> <span class='ocrx_word' id='word_1_336' title='bbox 466 3025 692 3076; x_wconf 81' lang='lat' dir='ltr'><strong>ingressus,</strong></span> <span class='ocrx_word' id='word_1_337' title='bbox 727 3037 821 3063; x_wconf 87' lang='lat' dir='ltr'><strong>cum</strong></span> <span class='ocrx_word' id='word_1_338' title='bbox 851 3023 1041 3064; x_wconf 85' lang='lat' dir='ltr'><strong>defossas</strong></span> 
     </span>
     <span class='ocr_line' id='line_1_43' title="bbox 166 3087 1040 3144; baseline -0.007 -12"><span class='ocrx_word' id='word_1_339' title='bbox 166 3103 268 3144; x_wconf 81' lang='lat' dir='ltr'><strong>opes</strong></span> <span class='ocrx_word' id='word_1_340' title='bbox 296 3090 371 3130; x_wconf 87' lang='lat' dir='ltr'><strong>vili</strong></span> <span class='ocrx_word' id='word_1_341' title='bbox 404 3093 632 3129; x_wconf 86' lang='lat' dir='ltr'><strong>excusaret</strong></span> <span class='ocrx_word' id='word_1_342' title='bbox 658 3087 822 3138; x_wconf 85' lang='lat' dir='ltr'><strong>tunica,</strong></span> <span class='ocrx_word' id='word_1_343' title='bbox 855 3087 1040 3127; x_wconf 87' lang='lat' dir='ltr'><strong>fustibus</strong></span> 
     </span>
     <span class='ocr_line' id='line_1_44' title="bbox 167 3149 728 3206; baseline -0.005 -14"><span class='ocrx_word' id='word_1_344' title='bbox 167 3159 214 3195; x_wconf 85' lang='lat' dir='ltr'><strong>et</strong></span> <span class='ocrx_word' id='word_1_345' title='bbox 230 3152 410 3206; x_wconf 83' lang='lat' dir='ltr'><strong>flagellis</strong></span> <span class='ocrx_word' id='word_1_346' title='bbox 431 3165 523 3191; x_wconf 81' lang='lat' dir='ltr'><strong>eam</strong></span> <span class='ocrx_word' id='word_1_347' title='bbox 544 3149 728 3191; x_wconf 61' lang='lat' dir='ltr'><strong>cecidit?</strong></span> 
     </span>
    </p>

    <p class='ocr_par' dir='ltr' id='par_1_17' title="bbox 171 3213 1043 3318">
     <span class='ocr_line' id='line_1_45' title="bbox 221 3213 1043 3266; baseline -0.005 -10"><span class='ocrx_word' id='word_1_348' title='bbox 221 3221 272 3256; x_wconf 79' lang='lat'><strong>55</strong></span> <span class='ocrx_word' id='word_1_349' title='bbox 292 3215 493 3266; x_wconf 84' lang='lat' dir='ltr'><strong>Lachesis]</strong></span> <span class='ocrx_word' id='word_1_350' title='bbox 513 3216 611 3255; x_wconf 87' lang='lat' dir='ltr'><strong>Una</strong></span> <span class='ocrx_word' id='word_1_351' title='bbox 626 3215 877 3265; x_wconf 86' lang='lat' dir='ltr'><strong>Parcarum,</strong></span> <span class='ocrx_word' id='word_1_352' title='bbox 893 3213 948 3253; x_wconf 85' lang='lat' dir='ltr'><strong>de</strong></span> <span class='ocrx_word' id='word_1_353' title='bbox 960 3226 1043 3266; x_wconf 86' lang='lat' dir='ltr'><strong>qua</strong></span> 
     </span>
     <span class='ocr_line' id='line_1_46' title="bbox 171 3277 288 3318; baseline -0.009 0"><span class='ocrx_word' id='word_1_354' title='bbox 171 3277 288 3318; x_wconf 85' lang='lat' dir='ltr'><strong>alibi.</strong></span> 
     </span>
    </p>

    <p class='ocr_par' dir='ltr' id='par_1_18' title="bbox 169 3340 1043 3456">
     <span class='ocr_line' id='line_1_47' title="bbox 223 3340 1042 3393; baseline -0.002 -13"><span class='ocrx_word' id='word_1_355' title='bbox 223 3344 273 3380; x_wconf 79' lang='lat'><strong>5⁷</strong></span> <span class='ocrx_word' id='word_1_356' title='bbox 306 3340 469 3393; x_wconf 77' lang='lat' dir='ltr'><strong>Tanais]</strong></span> <span class='ocrx_word' id='word_1_357' title='bbox 508 3340 651 3393; x_wconf 83' lang='lat' dir='ltr'><strong>Vulgo</strong></span> <span class='ocrx_word' id='word_1_358' title='bbox 687 3341 794 3390; x_wconf 84' lang='lat' dir='ltr'><strong>Don,</strong></span> <span class='ocrx_word' id='word_1_359' title='bbox 838 3350 1042 3390; x_wconf 84' lang='lat' dir='ltr'><strong>separans</strong></span> 
     </span>
     <span class='ocr_line' id='line_1_48' title="bbox 169 3400 1043 3456; baseline -0.006 -12"><span class='ocrx_word' id='word_1_360' title='bbox 169 3405 386 3456; x_wconf 87' lang='lat' dir='ltr'><strong>Europam</strong></span> <span class='ocrx_word' id='word_1_361' title='bbox 406 3403 458 3442; x_wconf 84' lang='lat' dir='ltr'><strong>ab</strong></span> <span class='ocrx_word' id='word_1_362' title='bbox 473 3402 662 3453; x_wconf 22' lang='lat' dir='ltr'><strong>Asia,ret</strong></span> <span class='ocrx_word' id='word_1_363' title='bbox 679 3400 861 3442; x_wconf 82' lang='lat' dir='ltr'><strong>influens</strong></span> <span class='ocrx_word' id='word_1_364' title='bbox 895 3401 938 3440; x_wconf 88' lang='lat' dir='ltr'><strong>in</strong></span> <span class='ocrx_word' id='word_1_365' title='bbox 969 3413 1043 3453; x_wconf 87' lang='lat' dir='ltr'><strong>pa-</strong></span> 
     </span>
    </p>
   </div>
   <div class='ocr_carea' id='block_1_11' title="bbox 1106 2518 1991 3448">
    <p class='ocr_par' dir='ltr' id='par_1_19' title="bbox 1108 2518 1333 2557">
     <span class='ocr_line' id='line_1_49' title="bbox 1108 2518 1333 2557; baseline 0.004 -1"><span class='ocrx_word' id='word_1_366' title='bbox 1108 2518 1333 2557; x_wconf 88' lang='lat' dir='ltr'><strong>Euxinum.</strong></span> 
     </span>
    </p>

    <p class='ocr_par' dir='ltr' id='par_1_20' title="bbox 1109 2571 1987 2691">
     <span class='ocr_line' id='line_1_50' title="bbox 1162 2571 1987 2629; baseline -0.01 -10"><span class='ocrx_word' id='word_1_367' title='bbox 1162 2583 1214 2619; x_wconf 85' lang='lat'><strong>58</strong></span> <span class='ocrx_word' id='word_1_368' title='bbox 1261 2578 1411 2629; x_wconf 75' lang='lat' dir='ltr'><strong>Eurus]</strong></span> <span class='ocrx_word' id='word_1_369' title='bbox 1457 2579 1621 2618; x_wconf 85' lang='lat' dir='ltr'><strong>Ventus</strong></span> <span class='ocrx_word' id='word_1_370' title='bbox 1660 2579 1727 2615; x_wconf 84' lang='lat' dir='ltr'><strong>est</strong></span> <span class='ocrx_word' id='word_1_371' title='bbox 1778 2572 1885 2613; x_wconf 85' lang='lat' dir='ltr'><strong>flans</strong></span> <span class='ocrx_word' id='word_1_372' title='bbox 1931 2571 1987 2612; x_wconf 83' lang='lat' dir='ltr'><strong>ab</strong></span> 
     </span>
     <span class='ocr_line' id='line_1_51' title="bbox 1109 2635 1932 2691; baseline -0.011 -9"><span class='ocrx_word' id='word_1_373' title='bbox 1109 2641 1315 2682; x_wconf 83' lang='lat' dir='ltr'><strong>Oriente:</strong></span> <span class='ocrx_word' id='word_1_374' title='bbox 1348 2640 1571 2691; x_wconf 81' lang='lat' dir='ltr'><strong>Zephyrus</strong></span> <span class='ocrx_word' id='word_1_375' title='bbox 1600 2637 1654 2676; x_wconf 81' lang='lat' dir='ltr'><strong>ab</strong></span> <span class='ocrx_word' id='word_1_376' title='bbox 1675 2635 1932 2676; x_wconf 83' lang='lat' dir='ltr'><strong>Occidente.</strong></span> 
     </span>
    </p>

    <p class='ocr_par' dir='ltr' id='par_1_21' title="bbox 1106 2698 1989 2881">
     <span class='ocr_line' id='line_1_52' title="bbox 1142 2698 1989 2753; baseline -0.012 -8"><span class='ocrx_word' id='word_1_377' title='bbox 1142 2711 1213 2747; x_wconf 90' lang='grc'><strong>,59</strong></span> <span class='ocrx_word' id='word_1_378' title='bbox 1244 2703 1462 2753; x_wconf 83' lang='lat' dir='ltr'><strong>Caucasiis]</strong></span> <span class='ocrx_word' id='word_1_379' title='bbox 1492 2701 1532 2741; x_wconf 91' lang='lat' dir='ltr'><strong>A</strong></span> <span class='ocrx_word' id='word_1_380' title='bbox 1554 2701 1758 2748; x_wconf 83' lang='lat' dir='ltr'><strong>Caucaso,</strong></span> <span class='ocrx_word' id='word_1_381' title='bbox 1775 2698 1848 2750; x_wconf 86' lang='lat' dir='ltr'><strong>qui</strong></span> <span class='ocrx_word' id='word_1_382' title='bbox 1868 2707 1989 2736; x_wconf 82' lang='lat' dir='ltr'><strong>mons</strong></span> 
     </span>
     <span class='ocr_line' id='line_1_53' title="bbox 1108 2760 1986 2820; baseline -0.01 -11"><span class='ocrx_word' id='word_1_383' title='bbox 1108 2775 1174 2809; x_wconf 87' lang='lat' dir='ltr'><strong>est</strong></span> <span class='ocrx_word' id='word_1_384' title='bbox 1196 2767 1515 2820; x_wconf 82' lang='lat' dir='ltr'><strong>patentissimus</strong></span> <span class='ocrx_word' id='word_1_385' title='bbox 1547 2775 1692 2803; x_wconf 85' lang='lat' dir='ltr'><strong>versus</strong></span> <span class='ocrx_word' id='word_1_386' title='bbox 1705 2760 1986 2812; x_wconf 80' lang='lat' dir='ltr'><strong>Septemtrio-</strong></span> 
     </span>
     <span class='ocr_line' id='line_1_54' title="bbox 1106 2821 1920 2881; baseline -0.012 -10"><span class='ocrx_word' id='word_1_387' title='bbox 1106 2844 1220 2881; x_wconf 85' lang='lat' dir='ltr'><strong>nem,</strong></span> <span class='ocrx_word' id='word_1_388' title='bbox 1257 2839 1456 2880; x_wconf 83' lang='lat' dir='ltr'><strong>separans</strong></span> <span class='ocrx_word' id='word_1_389' title='bbox 1475 2826 1688 2878; x_wconf 82' lang='lat' dir='ltr'><strong>Scythiam</strong></span> <span class='ocrx_word' id='word_1_390' title='bbox 1710 2824 1763 2863; x_wconf 89' lang='lat' dir='ltr'><strong>ab</strong></span> <span class='ocrx_word' id='word_1_391' title='bbox 1783 2821 1920 2862; x_wconf 85' lang='lat' dir='ltr'><strong>India.</strong></span> 
     </span>
    </p>

    <p class='ocr_par' dir='ltr' id='par_1_22' title="bbox 1111 2884 1991 3135">
     <span class='ocr_line' id='line_1_55' title="bbox 1166 2884 1988 2944; baseline -0.013 -10"><span class='ocrx_word' id='word_1_392' title='bbox 1166 2891 1448 2944; x_wconf 80' lang='lat' dir='ltr'><strong>Nigrantibus]</strong></span> <span class='ocrx_word' id='word_1_393' title='bbox 1489 2889 1688 2929; x_wconf 85' lang='lat' dir='ltr'><strong>Turbatis</strong></span> <span class='ocrx_word' id='word_1_394' title='bbox 1729 2887 1872 2939; x_wconf 87' lang='lat' dir='ltr'><strong>pluvia</strong></span> <span class='ocrx_word' id='word_1_395' title='bbox 1925 2884 1988 2924; x_wconf 86' lang='lat' dir='ltr'><strong>ni-</strong></span> 
     </span>
     <span class='ocr_line' id='line_1_56' title="bbox 1112 2951 1989 3009; baseline -0.01 -13"><span class='ocrx_word' id='word_1_396' title='bbox 1112 2951 1251 3009; x_wconf 77' lang='lat' dir='ltr'><strong>granti</strong></span> <span class='ocrx_word' id='word_1_397' title='bbox 1270 2956 1456 2994; x_wconf 76' lang='lat' dir='ltr'><strong>immissa</strong></span> <span class='ocrx_word' id='word_1_398' title='bbox 1475 2953 1530 2992; x_wconf 91' lang='lat' dir='ltr'><strong>ab</strong></span> <span class='ocrx_word' id='word_1_399' title='bbox 1549 2952 1710 2992; x_wconf 86' lang='lat' dir='ltr'><strong>Austro</strong></span> <span class='ocrx_word' id='word_1_400' title='bbox 1746 2955 1874 2990; x_wconf 88' lang='lat' dir='ltr'><strong>vento</strong></span> <span class='ocrx_word' id='word_1_401' title='bbox 1901 2959 1989 2988; x_wconf 84' lang='lat' dir='ltr'><strong>me·</strong></span> 
     </span>
     <span class='ocr_line' id='line_1_57' title="bbox 1112 3011 1991 3069; baseline -0.011 -10"><span class='ocrx_word' id='word_1_402' title='bbox 1112 3020 1293 3069; x_wconf 83' lang='lat' dir='ltr'><strong>ridiano,</strong></span> <span class='ocrx_word' id='word_1_403' title='bbox 1321 3017 1392 3069; x_wconf 89' lang='lat' dir='ltr'><strong>qui</strong></span> <span class='ocrx_word' id='word_1_404' title='bbox 1418 3016 1580 3056; x_wconf 86' lang='lat' dir='ltr'><strong>calidus</strong></span> <span class='ocrx_word' id='word_1_405' title='bbox 1599 3020 1680 3064; x_wconf 87' lang='lat' dir='ltr'><strong>est,</strong></span> <span class='ocrx_word' id='word_1_406' title='bbox 1709 3011 1916 3062; x_wconf 88' lang='lat' dir='ltr'><strong>humidus,</strong></span> <span class='ocrx_word' id='word_1_407' title='bbox 1943 3013 1991 3050; x_wconf 87' lang='lat' dir='ltr'><strong>et</strong></span> 
     </span>
     <span class='ocr_line' id='line_1_58' title="bbox 1111 3082 1689 3135; baseline -0.007 -13"><span class='ocrx_word' id='word_1_408' title='bbox 1111 3082 1294 3135; x_wconf 83' lang='lat' dir='ltr'><strong>pluvius.</strong></span> <span class='ocrx_word' id='word_1_409' title='bbox 1681 3097 1689 3103; x_wconf 88' lang='lat'>·</span> 
     </span>
    </p>

    <p class='ocr_par' dir='ltr' id='par_1_23' title="bbox 1113 3136 1989 3249">
     <span class='ocr_line' id='line_1_59' title="bbox 1165 3136 1989 3193; baseline -0.011 -8"><span class='ocrx_word' id='word_1_410' title='bbox 1165 3150 1217 3185; x_wconf 84' lang='grc'><strong>60</strong></span> <span class='ocrx_word' id='word_1_411' title='bbox 1249 3142 1444 3193; x_wconf 81' lang='lat' dir='ltr'><strong>Goetulas]</strong></span> <span class='ocrx_word' id='word_1_412' title='bbox 1474 3140 1664 3181; x_wconf 85' lang='lat' dir='ltr'><strong>Gaetulia</strong></span> <span class='ocrx_word' id='word_1_413' title='bbox 1694 3139 1844 3191; x_wconf 86' lang='lat' dir='ltr'><strong>Libyae</strong></span> <span class='ocrx_word' id='word_1_414' title='bbox 1871 3136 1989 3189; x_wconf 84' lang='lat' dir='ltr'><strong>regio</strong></span> 
     </span>
     <span class='ocr_line' id='line_1_60' title="bbox 1113 3207 1615 3249; baseline -0.012 0"><span class='ocrx_word' id='word_1_415' title='bbox 1113 3215 1174 3249; x_wconf 80' lang='lat' dir='ltr'><strong>est</strong></span> <span class='ocrx_word' id='word_1_416' title='bbox 1197 3207 1337 3247; x_wconf 86' lang='lat' dir='ltr'><strong>calida</strong></span> <span class='ocrx_word' id='word_1_417' title='bbox 1362 3211 1407 3245; x_wconf 90' lang='lat' dir='ltr'><strong>et</strong></span> <span class='ocrx_word' id='word_1_418' title='bbox 1425 3217 1615 3244; x_wconf 84' lang='lat' dir='ltr'><strong>arenosa.</strong></span> 
     </span>
    </p>

    <p class='ocr_par' dir='ltr' id='par_1_24' title="bbox 1108 3262 1987 3389">
     <span class='ocr_line' id='line_1_61' title="bbox 1163 3262 1987 3320; baseline -0.015 -8"><span class='ocrx_word' id='word_1_419' title='bbox 1163 3276 1216 3312; x_wconf 82' lang='lat'><strong>62</strong></span> <span class='ocrx_word' id='word_1_420' title='bbox 1263 3268 1486 3320; x_wconf 74' lang='lat' dir='ltr'><strong>Pmdigiis]</strong></span> <span class='ocrx_word' id='word_1_421' title='bbox 1531 3269 1639 3309; x_wconf 83' lang='lat' dir='ltr'><strong>Quae</strong></span> <span class='ocrx_word' id='word_1_422' title='bbox 1683 3266 1727 3305; x_wconf 90' lang='lat' dir='ltr'><strong>in</strong></span> <span class='ocrx_word' id='word_1_423' title='bbox 1763 3266 1842 3304; x_wconf 82' lang='lat' dir='ltr'><strong>hoc</strong></span> <span class='ocrx_word' id='word_1_424' title='bbox 1878 3262 1987 3303; x_wconf 86' lang='lat' dir='ltr'><strong>libro</strong></span> 
     </span>
     <span class='ocr_line' id='line_1_62' title="bbox 1108 3331 1595 3389; baseline -0.016 -12"><span class='ocrx_word' id='word_1_425' title='bbox 1108 3342 1260 3389; x_wconf 85' lang='lat' dir='ltr'><strong>postea</strong></span> <span class='ocrx_word' id='word_1_426' title='bbox 1283 3331 1595 3372; x_wconf 83' lang='lat' dir='ltr'><strong>describentur.</strong></span> 
     </span>
    </p>

    <p class='ocr_par' dir='ltr' id='par_1_25' title="bbox 1160 3385 1986 3448">
     <span class='ocr_line' id='line_1_63' title="bbox 1160 3385 1986 3448; baseline -0.018 -8"><span class='ocrx_word' id='word_1_427' title='bbox 1160 3402 1212 3441; x_wconf 79' lang='grc'><strong>63</strong></span> <span class='ocrx_word' id='word_1_428' title='bbox 1246 3395 1430 3448; x_wconf 71' lang='lat' dir='ltr'><strong>Typhoeo]</strong></span> <span class='ocrx_word' id='word_1_429' title='bbox 1457 3394 1543 3435; x_wconf 87' lang='lat' dir='ltr'><strong>Hic</strong></span> <span class='ocrx_word' id='word_1_430' title='bbox 1569 3404 1675 3435; x_wconf 80' lang='lat' dir='ltr'><strong>uuus</strong></span> <span class='ocrx_word' id='word_1_431' title='bbox 1694 3402 1748 3432; x_wconf 76' lang='lat' dir='ltr'><strong>ex</strong></span> <span class='ocrx_word' id='word_1_432' title='bbox 1781 3385 1986 3439; x_wconf 78' lang='lat' dir='ltr'><strong>Giganti-</strong></span> 
     </span>
    </p>
   </div>
  </div>
 </body>
</html>
