2300 3906
322 209 432 263 624
881 211 991 262 cr..
1029 218 1384 260 cLAumAm
1427 218 1593 258 xxn.

325 357 659 411 Arcadium:
697 372 819 418 nec,
847 353 896 405 si
919 352 1052 421 quid
1077 352 1226 403 iners
1253 351 1419 418 atque
1443 351 1621 419 impia
1642 353 1825 415 turba,

326 440 686 496 Praetendens
711 438 937 507 proprio
963 451 1161 487 nomen
1184 435 1371 501 regale
1393 434 1582 500 furori,
2088 438 2160 488 80

327 526 570 589 Audeat,
599 524 832 577 ascribis
851 522 1062 590 juveni.
1138 519 1445 573 Discordia
1470 521 1673 589 quippe
1722 543 1729 548 ·

328 610 470 664 Cum
494 611 761 672 fremeret,
780 622 1064 675 nunquam
1092 605 1363 657 Stilichon
1390 605 1473 656 sic
1502 604 1729 657 canduit
1754 604 1857 669 ira,

329 695 496 763 Saepe
517 695 813 747 lacessitus
839 693 1073 760 probriS,
1099 690 1409 758 gladiisque
1434 689 1660 757 petituS,

329 778 408 831 Ut
430 778 579 831 bello
603 779 775 830 furias
800 778 991 841 ultum,
1019 792 1158 845 quas
1183 776 1428 844 pertulit,
1466 777 1569 827 iret

328 860 557 925 Illicito,
599 877 936 928 causamque
962 861 1117 912 daret
1143 860 1405 911 civilibus
1433 860 1622 911 armiS.
2094 859 2166 910 85

331 945 522 1014 Hujus
546 945 686 996 fulta
708 944 835 1006 fide,
862 943 1060 993 mediis
1087 942 1438 1004 dissensibus
1463 942 1627 1003 aulae,

331 1029 792 1081 Intemeratorum
819 1025 1008 1078 stabat
1033 1024 1341 1075 reverentia
1357 1022 1605 1077 fratrum.

329 1246 387 1271 ro.
445 1231 581 1281 Neque
615 1242 710 1269 cura
743 1233 820 1269 tua
854 1228 980 1268 minor·
999 1231 1155 1268 tutatur
1164 1228 1339 1278 fratrem
1367 1229 1460 1281 ejus
1488 1228 1718 1280 Arcadium,
1734 1242 1857 1283 neque
1871 1229 2058 1271 attribuis
2071 1229 2169 1270 huic

329 1283 561 1325 adolescenti
579 1283 710 1334 facta,
721 1284 756 1321 si
774 1295 848 1333 qua
868 1283 1002 1321 cohors
1015 1283 1158 1332 ignava
1178 1287 1216 1321 et
1235 1283 1358 1334 impia
1373 1283 1477 1323 ausit
1498 1289 1686 1334 patrare,
1703 1288 1836 1334 tegens
1852 1285 2047 1324 insaniam
2060 1296 2171 1325 suam

329 1338 481 1378 nomine
501 1336 771 1388 Imperatoria.
830 1336 991 1375 Etenim
1024 1348 1110 1375 cum
1126 1336 1311 1375 dissensio
1328 1340 1495 1386 tonaret,
1513 1349 1707 1388 nunquam
1725 1337 1894 1377 Stilicho
1906 1337 2172 1390 inflammatus

330 1396 388 1431 est
409 1390 565 1440 furore,
583 1401 824 1442 quanquam
838 1393 1067 1440 provocatus
1075 1388 1307 1440 frequenter
1325 1390 1524 1441 conviciis,
1555 1394 1594 1430 et
1613 1391 1809 1442 appetitus
1827 1392 1930 1440 telis,
1950 1395 1994 1430 ut
2010 1394 2172 1442 pararet

326 1449 462 1484 cantra
489 1443 560 1492 fas
588 1443 788 1482 vindicare
807 1443 929 1481 armis
948 1442 1097 1482 rabiem
1127 1455 1243 1494 quam
1267 1455 1403 1494 passus
1422 1447 1496 1493 est,
1524 1447 1562 1482 et
1590 1444 1788 1495 proeberet
1805 1444 2040 1484 occasionem
2062 1443 2173 1483 bellis

331 1497 524 1538 civilibus.
581 1496 772 1537 Amicitia
791 1496 978 1536 inviolata
996 1497 1107 1535 inter
1112 1496 1268 1546 fratres
1275 1495 1389 1545 freta
1390 1496 1479 1550 fide
1497 1497 1609 1547 huius
1624 1498 1870 1538 Stilichonis
1887 1497 2110 1538 remanebat
2129 1498 2173 1536 in

1101 1670 1400 1686 “O“Cststffelst

330 1788 432 1827 Vat.
453 1790 651 1827 sem-³79
678 1787 762 1838 quis
791 1788 898 1839 Reg.
938 1788 1038 1838 quod
1070 1787 1175 1826 Exc.
1211 1787 1338 1827 Laeti.
1367 1791 1436 1827 aut
1465 1786 1587 1838 impia
1605 1786 1702 1827 edd.
1724 1784 1888 1838 primae.
1914 1789 2030 1838 atque
2048 1785 2172 1838 impia

330 1852 384 1879 ex
403 1841 577 1892 scriptis
610 1847 655 1880 et
688 1840 802 1880 Aldo
823 1841 1014 1880 restituit
1039 1840 1301 1880 Heins.-Sl
1334 1841 1524 1880 adscribis
1552 1841 1659 1880 Lov.
1681 1841 1841 1880 Moret.
1863 1852 1952 1880 sec.
1974 1836 2075 1880 Ald.
2104 1841 2174 1880 ad-

330 1893 467 1933 scribit
482 1895 646 1934 Thuan.
674 1894 846 1933 adscribi
866 1895 1084 1945 Reg.—82
1104 1892 1275 1941 fremuit
1307 1894 1425 1933 Prie.
1446 1895 1567 1933 Rott.
1591 1894 1725 1933 Oisel.
1748 1894 1856 1933 Exc.
1877 1893 2002 1933 Laeti.
2021 1893 2173 1941 freme-

328 1951 390 1986 ret
423 1948 523 1987 Put.
561 1948 657 1987 Pat.
687 1948 854 1986 Bouon.
874 1948 1040 1986 Tholos.
1068 1946 1152 1985 duo
1177 1947 1333 1987 Petav.
1353 1947 1437 1987 duo
1458 1946 1613 1987 Leidd.
1646 1946 1791 1986 Oxon.
1813 1957 1900 1986 sec.
1922 1947 2028 1986 Lov.
2047 1947 2173 1987 ambo

333 2000 493 2040 Moret.
515 2006 600 2039 vet.
623 2001 732 2051 Gyr.
751 2001 875 2039 Voss.
908 2005 997 2039 tres
1032 1999 1182 2039 Ambr.
1196 2001 1320 2040 Voss.
1352 2001 1460 2040 Exc.
1480 2000 1650 2040 Schott.
1682 2005 1728 2039 et
1747 1999 1927 2039 Gevart.
1949 2000 2051 2039 Var.
2083 2001 2173 2040 LL.

332 2053 400 2092 ed.
432 2052 567 2092 Antv.
594 2057 786 2104 premeret
802 2055 902 2093 Vat.
927 2058 1065 2105 quart.
1099 2054 1262 2092 Mazar.
1300 2054 1385 2093 inc.
1417 2053 1568 2092 Heius.
1601 2058 1690 2093 tres
1721 2053 1871 2093 Medd.
1895 2052 2069 2099 fremuit
2103 2055 2173 2093 vel

320 2106 516 2154 fremeret
534 2107 636 2146 vat.
658 2118 723 2156 pr.
741 2107 927 2146 Florent.
950 2107 1062 2147 Jun.'
1077 2118 1143 2156 pr.
1173 2105 1374 2145 Stiliconis
1391 2107 1494 2146 Vat.
1513 2119 1596 2146 sec.
1617 2107 1753 2146 Oisei.
1776 2107 1880 2146 Put.
1905 2107 2068 2146 Mazar.
2089 2106 2172 2147 duo

333 2160 489 2198 Petav.
519 2159 664 2199 Stilico
682 2160 740 2198 sic
761 2160 861 2199 Vat.
879 2159 1017 2199 Livin.
1039 2165 1085 2198 et
1104 2160 1427 2211 quatuordecim
1446 2160 1609 2211 scripti.
1638 2160 1843 2199 Stiliconis
1863 2160 1931 2199 vel
1958 2160 2100 2199 Stilico
2114 2159 2173 2200 sic

331 2213 434 2251 Vat.
450 2217 549 2252 tert.
564 2213 860 2252 Florent.—83
880 2213 1097 2252 lacessiti...
1104 2212 1224 2263 petiti
1241 2225 1295 2251 ex
1315 2213 1568 2264 conjectura
1581 2215 1758 2264 Raphel.
1776 2220 1820 2252 et
1839 2214 1987 2253 Barth.
2005 2213 2177 2265 pmpriis

327 2265 355 2306 J
363 2278 432 2306 uu.
454 2278 517 2317 pr.
534 2278 590 2305 m.
605 2279 668 2317 pr.
684 2266 883 2305 lacessitus
893 2267 921 2307 J
926 2279 994 2305 un.
1015 2278 1079 2317 pr.
1097 2266 1180 2304 duo
1194 2266 1346 2305 Leidd.
1358 2266 1443 2305 duo
1456 2267 1598 2306 Oxon.
1617 2267 1790 2319 odiisque
1802 2267 1897 2306 Pal.
1914 2268 2039 2306 Fam.
2052 2267 2173 2307 Med.

333 2331 396 2370 pr.
409 2319 509 2359 Bas.
528 2331 657 2370 marg.
676 2320 853 2370 Raphel.
874 2320 1026 2358 Barth.
1053 2320 1276 2370 gladiisque
1297 2319 1382 2359 duo
1403 2319 1552 2359 Leidd.
1569 2320 1710 2360 Oxon.
1733 2333 1795 2371 pr.
1811 2320 1984 2371 odiisque
2001 2321 2070 2360 vel
2086 2322 2176 2371 gla-
2234 2362 2239 2365 ,

332 2371 392 2410 di·
436 2385 481 2411 ue
501 2372 644 2412 Oxou.
665 2376 862 2412 sec—84
883 2372 1021 2412 bellum
1040 2373 1160 2411 Prie.
1188 2374 1368 2423 praetulit
1383 2373 1502 2413 Med.
1521 2380 1661 2425 quart.
1674 2375 1853 2425 pertudit
1872 2374 1977 2413 Var.
2001 2374 2084 2413 LL.
2105 2373 2175 2414 ed.

333 2424 403 2463 An
429 2429 577 2464 v.——85
606 2437 830 2476 caussasque
848 2427 950 2466 Vat.
980 2437 1066 2466 sec.
1089 2427 1197 2464 dedit
1216 2427 1340 2465 Voss.
1369 2427 1454 2466 duo
1482 2427 1633 2467 Leidd.
1654 2429 1775 2467 Rott.
1807 2426 1928 2466 Med.
1947 2431 2047 2466 tert.
2069 2427 2174 2466 Put.

333 2478 489 2518 Petav.
525 2490 612 2517 sec.
640 2479 804 2517 Bonon.
833 2479 933 2518 Pat.
965 2478 1049 2518 duo
1081 2478 1232 2518 Ambr.
1253 2480 1334 2520 inc.
1370 2480 1520 2520 Heius.
1558 2481 1666 2520 Exc.
1701 2481 1882 2520 Gevart.
1914 2480 2020 2518 Var.
2041 2480 2128 2520 LL.
2148 2492 2174 2520 e

330 2543 470 2583 marg.
490 2531 634 2572 Parm.
667 2536 883 2583 metamque
915 2532 1023 2570 dedit
1054 2532 1122 2570 vel
1156 2545 1403 2583 caussamque
1429 2535 1542 2572 daret
1562 2534 1775 2573 Low—86
1803 2533 1912 2580 cuius
1930 2532 2042 2584 vulg.
2062 2533 2177 2583 huius

332 2583 435 2626 Jun.
458 2592 503 2623 et
523 2586 665 2625 Oxou.
688 2597 753 2637 pr.
772 2591 860 2624 tres
879 2585 1002 2625 Vatt.
1025 2585 1116 2624 Pal.
1137 2585 1259 2624 Rott.
1282 2586 1418 2625 Oisel.
1435 2588 1629 2626 Florent.
1651 2587 1769 2626 Med.
1786 2598 1873 2626 sec.
1891 2587 2000 2638 Reg.
2017 2586 2174 2628 Petav.

335 2643 439 2677 tert.
458 2639 558 2677 Vat.
581 2639 717 2678 Livin.
747 2644 793 2677 et
827 2638 947 2678 Leid.
970 2650 1034 2689 pr.
1056 2639 1192 2687 Hujus
1224 2640 1293 2678 vel
1330 2639 1454 2690 Cujus
1480 2640 1601 2680 Med.
1632 2652 1696 2691 pr.
1727 2642 1833 2680 culta
1865 2640 2032 2679 Mazar.
2051 2642 2176 2679 stulta

333 2691 474 2731 Vicet.
492 2691 720 2731 discessibus
750 2692 853 2731 Put.
886 2693 1038 2732 Petav.
1074 2704 1159 2731 sec.
1194 2693 1311 2732 Med.
1345 2699 1447 2732 tert.
1480 2694 1716 2733 successibus
1743 2694 1907 2733 Mazar.
1941 2694 2046 2733 Exc.
2067 2693 2174 2734 Cod.

334 2745 486 2786 Rhem.
505 2745 744 2785 discursibus
776 2745 894 2785 Med.
915 2751 1053 2798 quart.
1086 2745 1186 2785 Pat.
1219 2745 1292 2784 iroe
1325 2745 1445 2787 Med.
1468 2750 1678 2787 terh—8⁷
1705 2751 1835 2787 servat
1855 2746 1949 2787 Pal.
1970 2746 2090 2788 Med.
2110 2758 2174 2799 pr.

1159 2916 1342 2958 NOTAE

388 3049 442 3087 79
485 3047 597 3087 Iners
629 3052 743 3100 atque
761 3050 882 3101 impia
899 3051 1032 3103 turba]
1088 3052 1222 3093 Intel-
1343 3055 1394 3092 83
1426 3052 1668 3103 Lacessitus]
1725 3053 1814 3093 Per
1844 3052 2056 3093 factiones
2085 3052 2178 3093 Ru·

333 3110 433 3162 ligit
477 3110 678 3151 Rufinum
724 3118 770 3152 et
817 3115 1088 3166 Eutropium,
1145 3127 1223 3155 seu
1287 3116 1468 3157 finianas
1488 3122 1533 3156 et
1549 3117 1852 3169 Eutropianas.

334 3174 556 3226 utriusque
576 3175 774 3224 asseclas,
793 3177 866 3228 qui
885 3179 1113 3217 multorum
1134 3190 1220 3217 ma·
1341 3182 1393 3218 87
1424 3180 1773 3230 Intemeratorum]
1818 3178 2082 3219 Reverentia
2099 3188 2176 3220 seu

334 3237 469 3277 lorum
483 3248 622 3276 causae
641 3237 896 3277 extiterunt.
1287 3241 1478 3281 amicitia
1505 3241 1616 3280 inter
1634 3240 1789 3280 fratres
1814 3241 2085 3290 intemerata,
2111 3239 2176 3279 in-

389 3302 441 3339 80
469 3299 746 3351 Proetendens]
792 3301 928 3341 Utens
949 3304 1120 3343 nomine
1135 3303 1220 3343 Im·
1287 3315 1494 3345 concussa.
1527 3304 1821 3354 permanebat.
1877 3305 2036 3344 Veram
2071 3303 2174 3345 ami·

336 3362 551 3414 peratoris
572 3364 691 3403 velut
722 3370 953 3417 praetextu,
981 3378 1056 3407 seu
1074 3366 1220 3420 specie
1288 3368 1438 3410 citiam
1457 3367 1690 3409 comitatur
1707 3367 1968 3409 reverentia.

338 3423 480 3478 aliqua
500 3425 555 3465 ad
577 3426 763 3478 tegenda
783 3426 978 3468 crimina.
