2300 3906
309 202 416 255 810
827 217 922 257 ci..
962 214 1319 256 cLAUntAm
1360 214 1598 257 xxvm.

308 333 487 387 Italiae
513 339 733 387 nostras
757 349 952 384 nomen
980 332 1345 384 circumsonet
1370 350 1530 386 aures
1551 335 1574 385 2

310 419 457 472 Haec
484 433 790 471 memorans
816 417 1052 468 instante
1077 416 1262 484 fugam
1286 417 1586 471 Stilichone
1615 418 1857 483 tetendit,

308 503 582 571 Expertus
606 504 827 553 horrens
855 499 1114 568 AquiIaS.
1189 501 1488 554 Comitatur
1513 510 1728 558 euntem

310 588 518 650 Pallor,
558 591 610 660 et
637 592 756 638 atra
783 586 1000 649 FameS,
1042 592 1101 638 et
1129 588 1324 638 saucia
1349 587 1551 660 lividus
1578 605 1676 642 ora

310 673 535 733 Luctm,
575 676 628 724 et
652 671 856 723 inferno
882 674 1181 725 stridentes
1207 672 1419 737 agmine
1448 671 1651 725 Morbi.

383 757 688 809 Lustralem
714 757 795 808 sic
821 758 923 808 rite
950 757 1146 820 facem,
1188 759 1276 808 cui
1302 757 1482 808 lumen
1507 757 1739 811 odorum

310 840 530 892 Sulfure
557 843 798 894 coeruleo
824 843 1086 910 nigroque
1115 842 1378 894 bitumine
1406 841 1594 905 fumat,
2031 842 2082 894 3·
2105 855 2133 889 .’

310 924 528 977 Circum
554 928 796 978 membra
820 931 964 978 rotat
990 926 1189 978 doctus
1216 926 1498 993 purganda
1525 926 1802 990 sacerdOS,

310 1008 459 1060 Rore
486 1012 577 1076 pio
606 1026 891 1076 spargenS,
931 1014 985 1061 et
1010 1010 1129 1062 dira
1154 1011 1474 1077 fugantibus
1499 1010 1686 1062 herbis

308 1092 570 1154 Numina,
610 1092 1012 1161 purificumque
1038 1094 1075 1146 J
1081 1110 1238 1147 ovem
1262 1094 1618 1163 Triviamque
1642 1098 1919 1163 precatuS‚

444 1206 461 1226 Ω

2023 418 2132 474 320

2070 843 2102 895 ‘w

2108 842 2140 894 υἱ

309 1254 384 1294 mis
390 1255 589 1307 florentis,
608 1270 804 1309 nunquam
813 1257 970 1306 feriant
987 1262 1140 1299 nostras
1157 1272 1282 1300 aures.
1338 1259 1536 1299 Alaricus
1555 1260 1637 1298 hoec
1649 1258 1796 1306 dicens,
1825 1258 2041 1298 Stilichone
2057 1270 2143 1309 per-

304 1313 495 1360 sequente,
512 1311 610 1360 cepit
629 1311 790 1361 fugam,
824 1313 1098 1362 pertimescens
1116 1313 1297 1364 Aquites,
1327 1326 1432 1365 quas
1452 1318 1639 1353 senserat.
1684 1314 1816 1353 Pallor
1830 1313 2003 1351 adhaeret
2021 1313 2057 1350 ei
2078 1312 2143 1350 ab·

307 1363 431 1412 eunti,
464 1368 502 1402 et
539 1365 677 1404 Fames
710 1366 841 1414 nigra,
874 1370 913 1404 et
947 1367 1072 1405 Dolor
1106 1367 1249 1406 lividus
1281 1369 1440 1406 babens
1475 1368 1718 1406 vulneratum
1747 1367 1909 1416 vultum,
1950 1369 1988 1404 et
2007 1365 2142 1404 Morbi

299 1414 518 1463 frementes
545 1418 664 1468 copiis
695 1419 893 1458 tartareis.
950 1420 1015 1458 Ita
1046 1419 1234 1459 Sacerdos
1260 1421 1438 1459 eruditus
1470 1423 1598 1459 versat
1626 1432 1704 1470 pro
1723 1432 1827 1459 more
1844 1419 1990 1458 circum
2008 1431 2143 1469 corpus

309 1469 543 1519 expiandum
574 1474 714 1510 toedam
744 1476 993 1522 purgantem,
1014 1473 1076 1511 cuz·
1109 1475 1235 1512 lumen
1267 1475 1470 1512 odoratum
1492 1473 1625 1520 fumat
1645 1471 1791 1519 sulfure
1811 1472 1971 1510 coeruleo
1990 1476 2026 1510 et
2048 1472 2148 1510 bitu-

309 1524 411 1561 mine
443 1524 583 1573 m'gr05
627 1525 835 1564 Sacerdos
868 1538 1078 1575 aspergens
1107 1526 1188 1564 hoc
1228 1538 1382 1575 corpus
1414 1527 1528 1575 aquis
1562 1525 1701 1569 sacris,
1738 1528 1776 1562 et
1803 1524 1985 1562 invocans
2021 1524 2148 1563 herbis

306 1577 588 1626 expellentibus
610 1579 716 1617 Deos
734 1590 868 1628 soevos,
900 1582 938 1616 et
954 1579 1094 1616 Jorem
1122 1579 1366 1628 lustrantem,
1398 1582 1436 1616 et
1468 1578 1659 1628 Dianam,
1685 1577 1862 1616 manibus
1880 1578 2022 1616 amotis
2038 1581 2147 1617 trans

1086 1698 1380 1713 ΙΙΙΙΙΙΙΙΙΙΙ

308 1775 377 1814 ed.
399 1774 530 1815 Antv.
558 1781 736 1827 potentes
762 1778 917 1819 Petav.
954 1784 1192 1820 terh—319
1224 1793 1362 1821 nomen
1389 1784 1543 1820 nostras
1564 1779 1684 1819 Leia.
1716 1792 1779 1830 pr.
1809 1784 1896 1819 tres
1914 1779 2032 1818 Vatt.
2054 1778 2149 1818 Pal.

311 1830 504 1869 Florent.
529 1835 613 1869 tres
634 1832 756 1871 Med.
788 1833 892 1884 Reg.
916 1834 1074 1873 Mazar.
1108 1833 1254 1874 Ambr.
1288 1846 1372 1874 sec.
1405 1835 1546 1874 Oxon.
1568 1846 1631 1885 pr.
1652 1835 1754 1873 Vat.
1775 1834 1913 1874 Livin.
1932 1833 2037 1871 Exc.
2061 1833 2147 1871 Lu-

311 1894 428 1922 cens.
463 1896 527 1934 pr.
570 1884 826 1924 circumsonat
852 1888 974 1927 Farn.
996 1888 1113 1927 Prie.
1147 1888 1268 1927 Rott.
1293 1887 1464 1928 'Tholos.
1494 1888 1578 1927 inc.
1614 1887 1768 1927 Heius.
1797 1889 2048 1926 circumsonet
2066 1885 2150 1924 duo

311 1936 463 1975 Leidd.
488 1949 581 1976 cum
606 1939 756 1987 viginti
779 1939 944 1980 duobus
967 1941 1077 1989 aliis,
1105 1942 1212 1980 Exn.
1244 1941 1424 1981 Gevart.
1445 1943 1625 1981 Lucens.
1649 1954 1710 1992 pr.
1734 1940 1830 1980 Al‘d.
1851 1940 1920 1980 ed.
1941 1939 2084 1978 Parm.
2104 1944 2150 1977 et

309 1989 595 2030 Vicet.—320
626 1992 715 2031 Hoc
733 1993 894 2033 Moret.
928 2007 991 2044 pr.
1035 1998 1246 2034 memorant
1279 1995 1396 2034 Med.
1433 2008 1496 2044 pr.
1524 1995 1694 2034 retendit
1714 1995 1814 2033 Vat.
1836 1994 1974 2046 quint.
2003 1992 2151 2032 recedit

310 2042 432 2081 Med.
469 2055 556 2082 sec.
603 2048 789 2084 tenendus
822 2047 946 2086 Farn.
993 2048 1157 2087 tetendit
1191 2048 1257 2087 vel
1284 2050 1457 2087 retendit
1483 2050 1586 2088 Vat.
1618 2060 1683 2098 pr.
1723 2048 1868 2087 recedit
1888 2046 1955 2086 vel
1982 2045 2152 2084 retendit

313 2095 452 2136 Oxou.
474 2101 673 2147 piu—321
705 2100 853 2149 aquilas
871 2101 1030 2139 horrens
1045 2101 1071 2140 J
1078 2113 1148 2139 un.
1179 2114 1246 2151 pr.
1264 2101 1404 2140 Oxon.
1424 2114 1506 2141 sec.
1535 2105 1666 2140 euntes
1683 2101 1710 2141 J
1717 2114 1784 2141 un.
1802 2102 2000 2152 pr.—322
2010 2098 2151 2148 santia

311 2160 392 2200 pro
429 2151 562 2188 saucia
602 2152 735 2191 Oisel.
783 2154 993 2202 languidus
1022 2154 1158 2192 Oisel.
1204 2155 1410 2203 languidus
1426 2156 1494 2193 vel
1513 2154 1655 2192 lividus
1674 2155 1774 2192 Vat.
1803 2155 2004 2204 ρι·.-323
2032 2152 2152 2190 strin-

307 2206 447 2251 gentes
480 2204 638 2243 Moret.
668 2209 891 2245 sem-324
932 2219 1112 2256 cumpro
1147 2208 1202 2245 sic
1222 2207 1367 2247 Oxou.
1389 2220 1472 2246 sec.
1513 2211 1595 2245 tum
1616 2209 1722 2246 Exc.
1746 2207 1930 2245 Lucens.
1952 2217 2040 2245 sec.
2069 2205 2152 2244 luce

311 2255 432 2295 Med.
456 2261 553 2295 tert.
582 2258 695 2296 triste
727 2272 801 2310 pro
834 2260 910 2298 rite
941 2267 1125 2311 quatuor
1146 2261 1265 2299 Vatt.
1296 2260 1388 2300 Pal.
1422 2261 1546 2300 Fam.
1568 2260 1684 2299 Prie.
1707 2261 1823 2299 Rott.
1866 2260 1944 2298 rite
1965 2259 2064 2298 Vat.
2083 2270 2149 2309 pr.

313 2308 453 2348 Oisel.
493 2311 589 2348 Put.
621 2311 777 2350 Petav.
811 2318 911 2352 tert.
942 2314 1106 2351 Bonon.
1139 2312 1290 2352 Ambr.
1325 2326 1390 2363 pr.
1413 2315 1511 2352 vat.
1541 2312 1978 2352 Livin.Sched.Gud.
1997 2311 2150 2360 famem

312 2373 391 2412 pro
409 2362 544 2407 facem
579 2363 663 2403 inc.
708 2365 855 2404 Heius.
897 2366 960 2404 cui
979 2367 1107 2404 lumen
1127 2367 1232 2405 Exc.
1254 2368 1364 2405 Laeti
1395 2373 1439 2405 ct
1462 2368 1642 2406 Lucens.
1667 2378 1732 2416 pr.
1761 2379 1848 2405 cum
1869 2365 1989 2405 Med.
2010 2370 2153 2416 quart.

313 2414 382 2453 ed.
403 2416 546 2454 Vivet.
574 2418 631 2455 sic
651 2418 886 2458 Pan—326
918 2419 1036 2458 Circa
1068 2419 1163 2457 Pal.
1190 2421 1395 2470 purgando
1428 2421 1693 2459 Fara—327
1723 2423 1764 2459 in
1794 2419 1883 2458 dira
1902 2420 2006 2457 Var.
2023 2419 2110 2458 LL.
2130 2430 2154 2458 e

312 2479 448 2517 marg.
472 2469 616 2509 Parm.
642 2472 745 2511 dura
778 2472 898 2510 Med.
925 2476 1206 2524 quarn-328
1233 2473 1510 2526 purificumque
1530 2475 1631 2513 Vat.
1656 2485 1719 2524 pr.
1742 2472 1861 2511 Med.
1883 2478 1985 2512 tert.
2004 2470 2154 2511 Ambr.

314 2533 400 2563 sec.
432 2527 515 2563 vet.
535 2523 644 2575 Gyr.
663 2526 764 2565 Vat.
784 2525 921 2565 Livin.
954 2527 1060 2566 Exc.
1081 2526 1265 2566 Lucens.
1300 2540 1384 2568 sec.
1413 2527 1699 2581 terrificumque
1718 2533 1903 2579 quatuor
1916 2526 2035 2567 Vatt.
2055 2525 2152 2564 Pal.

1142 2634 1323 2675 NOTAE

365 2722 444 2758 321
499 2720 675 2760 Horrens
710 2721 894 2773 Aquilas]
967 2722 1206 2762 Pertimes-

315 2794 418 2822 cens
451 2796 639 2836 pugnam
665 2798 761 2825 cum
791 2786 993 2825 Romanis
1025 2785 1204 2839 Aquilas

316 2845 578 2896 gerentibus,
600 2860 703 2899 quas
734 2846 914 2900 Aquilas
944 2861 1020 2888 suo
1050 2849 1203 2888 damno

315 2915 520 2959 expertus
541 2915 648 2948 erat.

370 2974 450 3010 322
479 2972 662 3024 Lividus]
719 2974 812 3013 Ora
831 2976 1072 3026 vulnerata,
1103 2988 1204 3016 con-

316 3039 428 3084 tusa,
448 3036 580 3074 livida
606 3037 873 3088 verberibus,
906 3040 1059 3092 quibus
1087 3041 1204 3092 plan-

318 3103 468 3151 gentes
489 3109 582 3136 sese
605 3099 860 3140 tundebant.

371 3164 450 3201 323
482 3161 633 3212 Morbi]
689 3164 831 3202 Morbi
863 3169 909 3203 et
942 3177 1057 3204 curae
1087 3166 1206 3205 innu-

317 3239 446 3267 merae
483 3227 669 3266 animum
697 3228 807 3266 male
844 3228 1048 3269 affectum
1083 3231 1204 3282 sequi

319 3290 472 3339 solitae,
493 3297 538 3328 et
563 3302 699 3340 prope
734 3289 910 3330 infernis
941 3293 1204 3333 cruciatibus

319 3353 518 3394 miserum
538 3353 748 3392 homiuem
770 3361 989 3394 vexantes.

374 3419 454 3458 324
489 3416 732 3469 Lustralem]
786 3418 997 3459 Sacerdos
1035 3430 1205 3471 nempe,

1270 2724 1466 2763 manibus
1495 2723 1671 2772 aversis,
1707 2721 1848 2762 facem
1882 2728 2000 2762 trans
2022 2726 2158 2774 caput

1272 2787 1521 2839 abjiciebat,
1548 2786 1784 2826 ablaturam
1814 2786 1955 2827 omnia
1974 2786 2156 2839 piacula,

1269 2850 1349 2889 hoc
1387 2854 1469 2899 est,
1504 2850 1572 2887 vel
1608 2849 1945 2898 incantamenta,
1975 2848 2042 2888 vel
2071 2847 2154 2887 cri-

1269 2913 1398 2961 mina,
1415 2924 1512 2964 quae
1534 2911 1710 2962 expiare
1730 2923 1904 2950 necesse
1925 2910 1993 2949 sit.

1325 2979 1404 3015 326
1439 2974 1609 3024 Doctus]
1662 2972 1988 3025 Superstitionis
2009 2977 2054 3012 et
2074 2985 2156 3013 cae-

1271 3038 1557 3076 rimoniarum.

1323 3103 1403 3139 327
1433 3097 1701 3148 Fugantibus]
1757 3097 2007 3137 Credebant
2039 3104 2156 3138 vete-

1271 3174 1340 3201 res
1358 3160 1581 3200 Daemonia
1592 3158 1734 3210 fugari
1756 3172 1882 3211 posse
1904 3161 2046 3200 herbis
2067 3161 2158 3213 qui-

1273 3225 1465 3264 busdam.

1325 3291 1404 3326 328
1448 3286 1664 3339 Purificum
1693 3286 1852 3337 Jovem]
1906 3287 2062 3328 Jovem
2092 3302 2159 3327 κα-

1272 3349 1441 3403 θάρσιον,
1469 3349 1690 3402 purificum,
1724 3349 1995 3402 depulsorem
2016 3350 2157 3403 prodi·

1272 3413 1436 3466 giorum
1453 3416 1498 3452 et
1517 3412 1748 3453 scelerum.
