2300 3906
327 208 436 267 '770
883 227 975 267 er..
1013 216 1367 266 CLAUDIAM
1409 217 1594 265 xxvi.

328 345 424 399 Ira
448 345 632 398 furens
659 345 864 397 strictis
891 333 1084 394 odium
1107 343 1467 394 mucronibus
1493 342 1703 410 explet.
1776 392 1779 395 ,

249 440 265 451 “
330 429 645 497 Purpureos
670 427 869 489 cultus,
897 427 1248 492 absumtiq-ue
1267 425 1671 491 igne-Valentis
1710 486 1712 490 y

330 513 603 576 ExuviaS,
630 513 959 578 miserisque
986 527 1182 578 graves
1210 516 1452 563 crateras
1477 513 1549 563 ab
1576 509 1767 577 Argis,

330 597 627 664 Raptaque
650 596 903 661 flagranti
930 596 1202 662 spirantia
1226 595 1390 660 signa
1411 593 1689 647 Corintho·

331 680 578 733 Callidus
605 685 730 731 ante
755 681 924 747 pedes
949 680 1294 731 venientibus
1317 678 1515 745 objicit
1535 677 1712 730 hostis

327 763 645 830 Incassum3
683 780 860 831 neque
885 765 1027 815 enim
1050 763 1232 814 feralis
1258 761 1451 829 praeda
1475 767 1736 824 moratur,

2046 423 2153 477 610

321 901 470 949 gladiis
485 901 657 940 nudatis.
719 902 855 941 Hostis
874 905 1025 940 astutus
1056 900 1217 952 exponit
1235 902 1286 939 ad
1302 904 1418 951 pedes
1439 899 1600 949 frustra
1615 878 1817 939 Romanis*
1833 898 2154 950 irrumpentibus,

326 959 449 993 vestes
460 966 690 1004 purpureas,
705 959 743 993 et
758 954 881 1004 spolia
900 955 1075 994 Valenti-s
1091 953 1284 993 consumti
1293 953 1474 1004 flamma,
1500 957 1538 992 et
1557 957 1728 992 crateras
1746 955 1922 1003 ingentes
1941 956 2088 1003 raptos
2106 951 2154 991 ab

325 1007 450 1056 Argis
465 1007 724 1057 deplorandis,
750 1011 790 1046 et
822 1011 976 1046 statuas
1006 1019 1116 1058 pene
1148 1008 1323 1046 viventes
1350 1006 1501 1046 ablatas
1531 1005 1720 1046 Corintho
1748 1007 1926 1046 incensa.-
1953 1018 2023 1045 nec
2051 1004 2156 1045 enim

1098 1100 1391 1116 eeeeeeeeeee

322 1166 398 1201 gus
416 1156 505 1194 auri
524 1155 592 1194 vel
620 1156 789 1206 prodiga
808 1157 904 1196 lucri
923 1158 1084 1196 Moret.
1109 1161 1307 1208 [in—609
1337 1157 1399 1197 Ila
1418 1168 1496 1207 pro
1519 1157 1586 1196 Ira
1613 1156 1780 1196 Tholos.
1804 1154 1953 1195 Ambr.
1973 1167 2036 1207 pr.
2068 1154 2157 1194 Ima

328 1208 430 1247 Put.
449 1208 532 1247 duo
565 1209 718 1249 PetaV.
759 1210 836 1249 Illa
869 1211 967 1250 Vat.
988 1216 1091 1249 tert.
1114 1211 1225 1251 Prie.
1244 1224 1299 1251 m.
1320 1223 1383 1262 pr.
1415 1212 1518 1251 Lov.
1539 1212 1700 1250 Bonon.
1730 1209 1859 1248 Turba
1879 1209 2024 1249 Ambr.
2053 1212 2156 1248 tert.

328 1261 456 1300 tristis
473 1262 560 1300 odio
594 1263 754 1301 Moret.
790 1276 854 1313 pr.
882 1264 970 1302 odio
999 1265 1149 1302 strictis
1184 1266 1345 1303 Mazar.
1377 1265 1506 1303 odium
1532 1263 1684 1303 strictis
1702 1263 1821 1302 Med.
1855 1267 1996 1314 quart.
2025 1262 2158 1300 odium

328 1313 478 1353 Ambr.
509 1320 613 1354 tert.
643 1316 729 1354 odio
767 1317 850 1354 duo
878 1318 998 1356 Vatt.
1030 1318 1123 1356 Pal.
1150 1318 1274 1355 Farn.
1309 1317 1442 1357 Oisel.
1477 1318 1559 1356 duo
1596 1316 1713 1356 Med.
1749 1317 1830 1354 inc.
1864 1316 2013 1354 Heins.
2053 1314 2158 1354 Put.

326 1367 489 1406 Thuan.
510 1369 675 1408 Bonon.
695 1369 779 1408 duo
800 1370 950 1408 Petav.
972 1371 1055 1408 duo
1070 1369 1220 1409 Ambr.
1241 1370 1381 1410 oxon.
1396 1382 1463 1420 pr.
1481 1369 1547 1409 ed.
1568 1369 1709 1408 Vicet.
1725 1374 1769 1407 et
1785 1368 1929 1407 Parm.
1946 1370 2050 1408 Var.
2069 1369 2157 1407 LL.

328 1420 395 1459 ed.
410 1419 539 1460 AntV.
568 1422 697 1460 odium
717 1423 784 1460 vel
801 1423 885 1461 odio
902 1424 1009 1473 Reg.
1031 1424 1132 1462 Vat.
1156 1428 1294 1475 quart.
1312 1424 1418 1462 Exc.
1439 1422 1567 1462 Laeti.
1594 1423 1731 1472 implet
1748 1422 2048 1461 Thuan.—610
2073 1422 2155 1460 vul-

328 1477 392 1511 tus
411 1486 485 1524 pro
504 1476 629 1513 cultus
658 1475 797 1513 Oxon.
819 1488 904 1514 sec.
933 1481 1153 1526 assumptas
1182 1478 1282 1516 ‘Vat.
1311 1488 1376 1526 pr.
1415 1476 1541 1514 Farn.
1579 1476 1685 1514 Exc.
1714 1475 1838 1513 Laeti.
1867 1478 2158 1525 assumptusque

327 1526 422 1566 Pal.
449 1532 712 1578 assumptoque
744 1529 862 1568 Leid.
893 1541 978 1567 sec.
1000 1535 1043 1567 et
1065 1529 1153 1577 alii,
1189 1529 1368 1578 triginta
1403 1528 1508 1577 fere,
1543 1529 1647 1565 Exc.
1667 1527 1848 1566 Gevart.
1865 1527 2020 1566 Sebed.
2042 1527 2157 1567 Gud.

244 1618 255 1632 ἴ
328 1577 430 1617 Ald.
452 1581 556 1619 Var.
580 1581 661 1619 LL.
693 1592 717 1619 e
751 1593 884 1630 marg.
902 1581 1048 1619 Parm.
1070 1588 1112 1619 et
1135 1581 1201 1619 ed.
1225 1582 1359 1620 Antv.
1389 1580 1660 1630 absumptoque
1677 1578 1825 1618 Ambr.
1857 1591 1941 1619 sec.
1969 1579 2158 1618 absumti-

326 1643 396 1680 que
415 1633 481 1670 vel
500 1632 746 1682 absumtoque
761 1634 923 1671 Thuan.
940 1634 1183 1683 absumtoque
1198 1634 1266 1672 vel
1279 1633 1573 1684 absumptasque
1592 1631 1714 1671 Med.
1733 1638 1872 1683 quart.
1890 1635 2159 1684 assumptoque

328 1684 397 1721 vel
425 1689 712 1734 assumptasque
746 1686 860 1724 Flor.
877 1690 1163 1736 assumptosque
1180 1692 1223 1725 et
1239 1687 1509 1724 emendatum
1529 1689 1818 1736 assumptusque
1841 1686 1959 1725 Leid.
1987 1698 2052 1736 pr.
2080 1686 2157 1726 Va-

326 1737 421 1774 lenti
441 1737 550 1775 Pric.
567 1739 735 1776 valentes
749 1738 866 1778 Leid.
881 1751 967 1777 sec.
983 1738 1125 1778 Oxon.
1144 1751 1208 1789 pr.
1226 1740 1321 1779 Pal.
1336 1741 1460 1778 Faru.
1473 1740 1592 1778 Rott.
1608 1739 1742 1778 Oisel.
1760 1751 1907 1778 omnes
1918 1739 2156 1779 Vatt.Exc.

327 1789 451 1828 Laeti.
472 1791 640 1828 volantes
653 1791 679 1830 J
685 1803 753 1829 un.
769 1803 833 1841 pr.
851 1791 991 1830 Oxon.
1008 1804 1090 1831 sec.
1110 1793 1279 1832 calentes
1297 1793 1416 1831 Med.
1440 1798 1578 1843 quart.
1599 1793 1769 1831 calentes
1784 1793 1853 1831 vel
1867 1793 2038 1832 valentes
2048 1793 2157 1843 Reg.

327 1842 444 1883 Med.
468 1847 665 1892 rin-611
686 1845 918 1895 miserasque
934 1846 1094 1885 Moret.
1113 1858 1176 1897 pr.
1188 1846 1397 1897 mersisque
1411 1845 1550 1886 Oxou.
1566 1858 1627 1896 pr.
1648 1859 1703 1884 m.
1720 1849 1920 1896 pr.—-612
1938 1845 2159 1896 spumantia

327 1896 421 1936 Pal.
443 1897 581 1935 Oxon.
601 1901 803 1947 pr.—613
826 1898 997 1937 Canibus
1016 1899 1178 1938 Moret.
1197 1912 1260 1950 pr.
1278 1899 1501 1950 Squallidus
1515 1900 1582 1938 vel
1600 1899 1772 1939 Callidus
1785 1900 1885 1939 Vat.
1903 1911 1988 1938 sec.
2005 1898 2159 1938 deerat

327 1955 469 1987 antem
487 1950 553 1988 hic
573 1962 716 1989 versus
728 1951 833 1996 vat.
845 1956 948 1990 tert.
963 1951 1096 2000 abjicit
1112 1954 1352 2003 Reg.-—614
1367 1965 1434 1992 nec
1448 1953 1550 1992 enim
1564 1954 1666 1992 Vat.
1682 1957 1781 1992 tert.
1794 1953 1887 1992 Pal.
1906 1951 2029 1992 Rott.
2044 1951 2156 1991 Flor.

329 2002 414 2041 duo
439 2003 556 2042 Med,
589 2003 742 2044 PetaV.
766 2009 868 2044 tert.
897 2004 1065 2045 Tholos.
1087 2005 1237 2045 Ambr.
1258 2018 1324 2058 pr.
1353 2007 1460 2050 ιον,
1478 2007 1636 2046 Moret.
1657 2000 1856 2058 piu—615
1878 2005 1948 2046 Sic
1965 2005 2080 2046 Flor.
2110 2005 2157 2045 Si

1155 2113 1332 2153 NOTAE

307 2227 309 2229 ,
381 2193 461 2229 609
490 2189 558 2228 Ira
568 2189 728 2242 furens]
783 2191 796 2214 ‘
817 2191 889 2232 Ira
923 2191 1043 2232 furor
1070 2193 1210 2234 brevis
1274 2195 1370 2234 lius.
1429 2178 1714 2234 i'Plxidiaeum
1732 2194 1904 2235 vivebat
1918 2194 2051 2235 ebur?
2080 2194 2156 2237 Ju-

329 2251 429 2292 est.’
1278 2257 1450 2298 venalis.

381 2319 461 2354 610
496 2315 692 2366 Valentis]
718 2316 867 2357 Hostis
883 2322 1036 2368 captus
1048 2318 1211 2358 frustra

327 2379 532 2418 ‘Romanis
547 2380 785 2420 victoribus
804 2381 959 2432 objicit
977 2384 1112 2434 spolia
1123 2385 1209 2423 Va-

328 2441 459 2480 lentis
490 2441 794 2494 Imperatoris,
819 2437 892 2496 qui
929 2457 954 2484 a
987 2445 1138 2485 Gothis
1166 2448 1208 2486 in

329 2505 498 2555 tugurio
535 2507 762 2557 ustulatus,
790 2512 835 2546 et
869 2507 962 2558 ejus
996 2510 1115 2560 regia
1144 2522 1211 2548 su-

327 2569 472 2619 pellex
492 2568 545 2607 ab
566 2567 740 2608 Alarico
763 2570 935 2621 direpta
949 2577 1030 2612 est.
1049 2573 1208 2611 Valens

326 2630 415 2670 fuit
446 2631 658 2682 Princeps
691 2634 917 2684 pessimus,
946 2634 1208 2676 Christiano-

328 2706 420 2733 rum
440 2694 573 2734 hostis
594 2693 915 2737 infensissimus.

380 2761 458 2796 611
490 2758 671 2808 Miser-is]
714 2758 862 2798 Hostis
884 2760 1019 2799 victus
1047 2759 1210 2801 frustra

302 2868 306 2871 .
328 2819 479 2870 objicit
498 2826 686 2860 crateras
706 2828 849 2871 raptos
869 2822 921 2862 ab
940 2821 1070 2873 Argis
1090 2825 1214 2874 expi-v

325 2882 441 2931 latis,
458 2882 744 2934 deplorandis.
775 2884 949 2923 Praeter
966 2885 1133 2924 Thebas
1164 2891 1210 2925 et

327 2943 533 2996 Athenas,
564 2954 663 2987 ante
698 2948 829 2986 totius
858 2948 1042 2989 Graeciae
1073 2949 1210 2997 'urbes

329 3005 480 3045 misere
500 3008 691 3056 spoliatae
713 3006 903 3052 fuerunt.

308 3116 311 3117 ⁷
385 3068 559 3119 Graves]
583 3070 665 3109 Vel
682 3077 869 3111 crateras
884 3073 1077 3123 ingentes
1092 3075 1209 3114 ideo-

299 3176 301 3179 ·
329 3140 411 3181 qne
431 3130 683 3180 graviores;
710 3134 778 3172 vel
814 3134 948 3184 signis
981 3138 1207 3178 emblema·

330 3192 472 3244 tisque
493 3191 717 3242 insculptis
740 3207 905 3245 graves.

381 3258 462 3302 612
491 3255 696 3306 Spirantiu
716 3258 852 3309 signa]
898 3260 967 3299 Ita
987 3262 1039 3300 ad
1063 3262 1206 3302 vivum

329 3313 546 3369 expressa,
564 3313 609 3357 ut
623 3320 787 3370 spirare
803 3334 853 3364 ac
873 3322 1017 3363 vivere
1033 3325 1206 3368 videan-

331 3385 414 3424 tur.
444 3381 456 3404 ‘
476 3376 880 3436 Spirantia'mollius
901 3389 1016 3426 aerae
1062 3386 1205 3438 Virgi-

1333 2321 1547 2369 Flagranti
1601 2319 1813 2371 Corintho]
1875 2320 2157 2360 Nobilissima

1277 2395 1410 2433 opera
1441 2383 1647 2434 Corinthi,
1671 2395 1815 2435 aesque
1836 2384 2156 2424 Corinthiacum

1276 2444 1611 2484 laudatissimum
1639 2458 1810 2497 semper
1843 2446 1952 2486 fuit:
1983 2460 2038 2487 ex
2072 2459 2157 2499 quo

1279 2508 1382 2547 alias
1404 2508 1632 2547 Memmius
1665 2509 1814 2548 urbem
1843 2510 1855 2531 ‘
1878 2508 1983 2550 tuba
2009 2509 2159 2561 praeci-

1277 2578 1409 2612 neme
1426 2570 1436 2587 ¹
1467 2571 1672 2623 incendit,
1705 2585 1845 2624 aesque
1865 2585 2011 2612 aurum
2033 2577 2078 2612 et
2094 2585 2158 2612 ar-

1275 2640 1451 2685 gentum
1472 2640 1708 2677 statuarum
1727 2636 1850 2676 simul
1880 2636 2014 2677 mixta
2042 2642 2157 2677 sunt.

1277 2696 1392 2736 Hine
1411 2698 1580 2747 Florus,
1606 2699 1727 2737 ‘aeris
1758 2705 1898 2738 notam
1933 2700 2159 2751 pretiosio-

1275 2771 1365 2801 rem
1401 2760 1494 2810 ipsa
1529 2762 1862 2811 opulentissimae
1903 2762 2157 2803 urbisfecit

1275 2823 1456 2874 injuria:
1489 2825 1586 2876 quia
1617 2825 1813 2866 incendio
1833 2827 2012 2878 perustis
2026 2826 2155 2878 pluri-

1275 2886 1355 2925 mis
1391 2888 1543 2927 statuis
1581 2894 1711 2939 atqne
1743 2889 1999 2937 simulacris,
2036 2886 2154 2937 oeris,

1277 2949 1388 2998 auri,
1421 2950 1674 3003 argentique
1704 2962 1822 2990 venae
1852 2951 1895 2993 in
1928 2960 2150 2991 commuue

1276 3011 1466 3054 fluxere!
1897 3059 1900 3062 ,

1327 3079 1414 3119 613.
1438 3075 1632 3126 Callidus]
1689 3075 1751 3114 Ut
1781 3076 1972 3115 intentus
2003 3077 2151 3128 spoliis

1272 3137 1401 3176 miles.
1427 3138 1626 3188 persequi
1671 3137 1922 3178 desisteret:
1954 3139 2014 3178 sic
2047 3141 2151 3180 olim

1254 3200 1410 3249 ,victus
1433 3199 1708 3240 Mithridates
1736 3201 1946 3239 Romanos
1966 3201 2153 3243 victores

1273 3262 1414 3311 elusit,
1429 3275 1523 3301 cum
1552 3266 1564 3284 ‘
1585 3263 1810 3303 maximam
1846 3277 1927 3302 vim
1963 3266 2053 3303 auri
2087 3270 2153 3317 at·

1273 3337 1355 3377 que
1375 3326 1540 3376 argenti
1560 3354 1569 3365 .
1592 3355 1602 3366 .
1623 3355 1633 3365 .
1657 3356 1666 3366 .
1681 3327 1854 3380 reliquit
1869 3327 1896 3366 :’
1930 3340 2024 3380 qnae
2050 3327 2152 3373 dum

1274 3388 1453 3431 Romani
1496 3391 1508 3412 ‘
1534 3390 1743 3444 colligunt
1782 3391 1923 3434 omnia
1972 3391 2149 3446 diligen-
