2300 3906
353 343 617 405 Emicuit,
641 341 900 410 senioque
926 342 1119 392 iterum
1143 344 1405 392 vernante
1427 337 1684 391 resumsit
1728 377 1731 379 >

352 426 543 479 Gallia
566 427 650 478 bis
674 426 878 477 fractas
903 422 1112 492 Alpino
1135 424 1354 476 vulnere
1379 422 1525 477 vires
1542 424 1569 475 ‘l

355 511 486 563 Non
510 526 612 577 ego
639 509 875 572 delectu,
914 508 1069 576 Tyrii
1092 507 1191 560 sed
1217 522 1436 559 vomere
1462 505 1663 559 Cadmi
1722 541 1731 546 -

353 594 497 647 Tam
523 595 739 647 subitas
766 595 935 657 acies,
959 595 1262 659 conceptas
1286 591 1443 644 dente
1468 590 1748 653 draconis,

357 678 669 731 Exsiluisse
687 694 828 730 reor.
904 677 1149 729 Dircaeis
1171 676 1353 744 qualis
1375 676 1433 727 in
1457 675 1604 727 arvis

358 761 583 823 MessiS,
611 778 736 814 cum
761 763 985 830 proprio
1010 777 1147 814 mox
1170 761 1440 813 bellatura
1466 760 1682 822 colono,

357 845 641 912 Cognatos
669 846 894 897 strinxit
920 846 1158 912 gladioS,
1187 861 1315 897 cum
1341 845 1545 897 semine
1575 844 1732 911 jacto

355 927 664 996 Terrigenae
691 929 849 995 galea
874 933 1101 980 matrem
1120 932 1388 979 nascente
1412 926 1652 987 ferirent,

886 245 890 248 ·
926 224 1023 263 01..
1062 216 1419 261 CLAUDIAM
1460 214 1606 258 XXI·

353 1075 548 1115 militibus
563 1073 747 1115 emersit?
779 1074 834 1113 Et
852 1074 966 1113 unde
983 1078 1179 1114 senectute
1209 1086 1342 1114 rursus
1358 1074 1612 1113 revirescente
1637 1072 1772 1112 Gallia
1789 1072 1987 1112 renovavit
2005 1071 2190 1112 virtutem

357 1141 474 1168 stiam
496 1128 555 1166 bis
573 1128 760 1181 afflictam
790 1128 963 1167 cladibus
980 1125 1170 1179 Alpium?
1202 1129 1291 1178 Ego
1309 1128 1492 1167 existimo
1521 1127 1715 1166 exercitus
1732 1131 1813 1166 tam
1844 1125 2064 1177 repentinos
2081 1131 2189 1165 satos

356 1181 535 1220 dentibus
565 1181 745 1220 draconis
768 1182 982 1220 surrexisse
1002 1192 1079 1231 per
1096 1185 1274 1220 aratrum
1308 1181 1449 1220 Cadmi
1483 1180 1693 1228 Phaem'cii,
1729 1192 1804 1219 non
1831 1180 1995 1219 delectu.
2051 1179 2193 1224 Qualis

357 1247 465 1284 seges
479 1235 522 1273 in
553 1235 662 1283 agris
685 1234 894 1283 Thebanis,
924 1247 1016 1273 mox
1046 1238 1270 1285 pugnatura
1299 1247 1385 1274 cum
1405 1235 1550 1274 cultore
1580 1246 1647 1272 suo
1682 1233 1862 1283 Cadmo,
1892 1232 2055 1272 nudavit
2083 1243 2195 1272 enses

356 1289 502 1327 similes
512 1301 526 1334 ‚-
552 1300 653 1338 cum,
683 1292 850 1327 semente
878 1299 1028 1338 sparsa,
1064 1288 1290 1338 Terrigenoe
1314 1288 1384 1327 isti
1416 1291 1662 1339 percuterent
1693 1292 1858 1326 matrem
1893 1298 2009 1326 suam
2031 1291 2190 1326 terram

1127 1404 1148 1416 Ο
1155 1403 1222 1417 ‘t‘
1228 1403 1270 1417 ΙΙ
1276 1403 1342 1417 ‘06
1349 1403 1421 1417 ‘O‘

362 1487 504 1527 Texuit
530 1486 649 1526 Med.
679 1500 743 1538 pr.
775 1487 942 1526 Instruit
965 1488 1029 1526 vel
1054 1487 1197 1527 Texuit
1225 1487 1325 1528 Jun.
1356 1489 1553 1536 fin—816
1585 1485 1745 1525 Enituit
1765 1484 1886 1524 Leid.
1908 1496 1974 1536 pr.
1997 1490 2040 1524 et
2061 1484 2192 1524 unde-

359 1542 445 1579 cim
467 1540 552 1578 alii.
571 1541 676 1578 Exc.
703 1541 828 1579 Laeti.
875 1542 1036 1580 Enituit
1066 1541 1133 1579 vel
1158 1540 1330 1579 Emicuit
1352 1540 1495 1579 Oxon.
1525 1552 1609 1579 sec.
1646 1539 1689 1577 iu
1722 1540 1827 1578 Exc.
1857 1537 1968 1577 Laeti
1989 1550 2014 1576 a
2043 1550 2099 1576 m.
2123 1549 2189 1588 pr.

362 1599 455 1632 erat
488 1595 667 1642 Emittis,
687 1594 797 1632 unde
822 1595 993 1632 Excitur
1027 1594 1096 1633 vel
1127 1594 1304 1632 Exsiluit
1338 1593 1598 1644 conjiciebat
1634 1591 1785 1630 Heius.
1812 1594 2003 1640 regnante
2023 1591 2091 1629 vel
2109 1602 2194 1630 ver·

361 1651 479 1685 nante
502 1647 659 1684 Moret.
683 1650 884 1696 ιιι-318
911 1647 1058 1686 dilectu
1082 1646 1179 1684 Vat.
1210 1658 1273 1697 pr.
1295 1646 1430 1685 Oisel.
1462 1647 1568 1685 Lov.
1589 1646 1691 1684 Vat.
1713 1644 1851 1684 Livin.
1880 1645 1988 1683 Exc.
2021 1644 2130 1682 Laeti
2149 1649 2196 1683 et

363 1699 431 1737 ed.
451 1699 590 1739 Vicet.
618 1700 808 1738 delectum
840 1699 1017 1738 Tholos.
1044 1701 1188 1738 delecto
1221 1700 1322 1738 Put.
1350 1699 1500 1747 dejectu
1529 1697 1648 1738 Med.
1685 1703 1785 1737 tert.
1812 1697 1954 1736 dilecto
1989 1696 2109 1736 Med.
2128 1709 2197 1748 pr.

362 1763 417 1792 m.
441 1764 505 1802 pr.
534 1752 692 1791 dedecui
728 1752 877 1791 Ambr.
917 1765 980 1803 pr.
1028 1754 1193 1791 delectos
1211 1752 1312 1791 Pat.
1341 1753 1490 1791 delectu
1524 1752 1592 1790 vel
1621 1750 1771 1800 dejectu
1807 1751 1952 1791 Oxou.
1976 1761 2043 1800 pr.
2077 1749 2196 1802 Tyrio

362 1805 522 1844 Moret.
544 1817 629 1844 sec.
662 1805 796 1856 Tyriis
829 1804 976 1846 Ambr.
998 1818 1063 1856 pr.
1091 1808 1158 1845 sed
1177 1818 1328 1845 vome-re
1345 1805 1466 1847 Leid.
1487 1818 1550 1857 pr.
1584 1804 1686 1843 Put.
1713 1805 1817 1846 Jun.
1838 1817 1903 1855 pr.
1938 1803 2079 1844 Oxon.
2104 1815 2193 1844 sec.

362 1870 429 1898 nec
468 1870 616 1897 vomere
647 1859 767 1898 Med.
800 1865 900 1898 tert.
943 1862 1009 1899 sed
1040 1861 1109 1898 vel
1141 1871 1209 1898 nec
1246 1858 1380 1898 Oisel.
1418 1860 1484 1898 sed
1519 1859 1586 1897 vel
1612 1858 1682 1897 sub
1714 1869 1864 1897 vomere
1901 1856 2043 1896 Oxon.
2077 1869 2197 1907 pr.—

363 1915 443 1950 319
474 1912 571 1950 Tum
589 1912 737 1950 subitas
755 1912 908 1952 PetaV.
939 1925 1025 1952 sec.
1073 1912 1266 1963 conceptis
1286 1912 1389 1950 Put.
1428 1916 1608 1962 concepto
1639 1911 1724 1950 duo
1761 1911 1879 1950 Vatt.
1910 1910 2038 1950 Farn.
2072 1909 2195 1950 Prie.

365 1965 498 2004 Oisel.
517 1965 623 2004 Exc.
645 1965 770 2004 Laeti.
798 1970 1013 2016 contempto
1028 1966 1195 2005 Tholos.
1224 1969 1426 2016 conceptas
1445 1965 1566 2005 Leid.
1602 1977 1665 2015 pr.
1687 1963 1772 2003 duo
1791 1964 1914 2003 Med.
1935 1964 2122 2003 Florent.
2138 1975 2196 2002 m.

364 2029 450 2056 sec.
472 2017 633 2058 Thuan.
667 2018 820 2057 Petav.
854 2030 921 2069 pr.
953 2019 1113 2058 Moret.
1135 2031 1200 2070 pr.
1232 2018 1336 2058 Jun.
1357 2022 1403 2058 et
1436 2019 1538 2058 Vat.
1573 2016 1711 2058 Livin.
1743 2017 1846 2057 Var.
1867 2016 1951 2058 LL.
1972 2016 2041 2056 ed.
2062 2015 2197 2056 Antv.

363 2074 542 2162 ctimffpto
564 2071 631 2109 vel
647 2071 1011 2132 conceptas-Oxou.
1030 2074 1254 2111 sea-320
1284 2071 1507 2110 Exclusisse
1532 2071 1560 2112 J
1567 2082 1636 2110 un.
1661 2082 1726 2121 pr.
1751 2071 1944 2162 Egiliisse
1970 2075 2060 2110 tres
2079 2071 2199 2162 igitt.

366 2123 2200 2229 &34:323leLatuit·1323?”essflliiff‘fflai'a‘252‘V5a53‘hi‘ss'e&5¹5⁸AE

367 2229 452 2268 duo
475 2230 592 2269 Med.
614 2230 804 2270 Florent.
834 2243 888 2270 m.
911 2243 972 2283 pr.
1001 2231 1081 2270 oris
1098 2232 1215 2270 Med.
1249 2235 1467 2271 sea—321
1497 2231 1687 2271 debellata
1704 2231 1804 2272 Jun.
1830 2243 1894 2282 pr.
1922 2231 2113 2270 bellatura
2132 2230 2200 2268 vel

367 2282 558 2321 debellata
590 2283 732 2322 Oxon.
785 2287 1008 2324 sea—322
1034 2285 1198 2334 stringit
1233 2285 1318 2323 duo
1357 2286 1478 2324 Vatt.
1524 2286 1652 2324 Farn.
1705 2285 1811 2335 Reg.
1847 2285 2018 2324 Tholos.
2054 2283 2201 2324 Oxou.

368 2348 454 2375 sec.
485 2336 635 2375 struxit
676 2337 775 2375 Put.
823 2337 924 2376 Pat.
959 2339 1062 2377 Var.
1100 2338 1184 2377 LL.
1219 2338 1286 2376 ed.
1326 2338 1459 2377 Antv.
1507 2340 1600 2377 dum
1634 2338 1778 2377 semine
1810 2337 1915 2378 Jun.
1953 2349 2019 2389 pr.
2055 2337 2222 2378 oxon.-

368 2392 590 2428 εει-323
635 2394 826 2429 crescente
873 2390 1127 2431 Prie—324
1164 2390 1343 2439 Armifer
1372 2391 1507 2431 Oisel.
1566 2391 1759 2442 Armiger
1796 2396 1884 2431 tres
1927 2389 2050 2431 Med.
2094 2390 2200 2432 Put.

1195 2504 1372 2546 NOTAE

422 2599 500 2636 31⁷
533 2596 607 2635 Bis
627 2595 802 2647 fractas]
829 2597 962 2636 Bellis
994 2602 1147 2637 contra
1166 2598 1250 2637 Eu-

369 2658 537 2709 genium
565 2663 611 2697 et
632 2657 922 2710 Argobasten‚
938 2660 1095 2700 deinde
1115 2661 1249 2701 Getas

368 2721 522 2772 factis3
550 2721 592 2761 in
612 2734 793 2774 quorum
820 2723 957 2773 primo
988 2723 1249 2763 Theodosius

369 2785 500 2825 vicit:
548 2785 591 2823 in
619 2785 808 2825 secundo
840 2786 965 2825 Getae
994 2790 1252 2836 superarunt

370 2844 531 2898 Alpes:
577 2847 617 2885 in
661 2852 844 2899 utroque
875 2860 1075 2899 maguum
1118 2847 1248 2899 Reip.

372 2909 576 2949 Romanae
611 2915 656 2949 et
676 2910 828 2950 Gauiae
850 2911 1080 2963 Cisalpinae
1099 2911 1251 2950 vulnus

371 2970 580 3011 inflictum
601 2979 683 3012 est.

425 3038 505 3074 318
535 3035 720 3085 Delectu]
749 3035 802 3074 Id
827 3042 911 3087 est,
927 3037 1177 3089 conquisitis
1205 3041 1251 3076 et

370 3095 629 3147 conscriptis
652 3109 730 3147 pro
748 3109 867 3137 more
888 3099 1106 3140 militibus,
1160 3099 1251 3140 Cic.

369 3159 383 3181 ‘
402 3158 601 3210 Superbo
633 3159 805 3200 delectu
831 3162 1095 3213 conquisitus
1128 3175 1250 3203 exer-

369 3220 510 3262 citus)

430 3284 559 3337 Tyrii]
586 3285 811 3336 Phoenicii,
839 3286 894 3326 ab
926 3287 1032 3327 urbe
1060 3289 1173 3341 Tyro
1201 3289 1252 3330 vin

372 3346 597 3388 Phoeuicia
615 3347 733 3388 Asiae
754 3350 941 3399 regione.

427 3408 508 3452 319
545 3410 677 3452 Dente
702 3412 900 3464 draconis]
937 3413 1125 3455 Cadmus
1153 3426 1251 3456 cum

1319 2607 1455 2649 prope
1494 2596 1663 2637 Thebas
1705 2595 1937 2636 draconem
1980 2599 2201 2648 portento-

1320 2673 1411 2701 sum
1445 2660 1688 2711 occidisset,
1721 2660 1890 2700 avulsos
1921 2659 2011 2712 ejus
2045 2660 2200 2701 dentes

1319 2724 1455 2772 sevit;
1487 2723 1588 2762 inde
1606 2727 1712 2761 nata
1730 2726 1800 2761 est
1829 2734 1954 2774 seges
1973 2727 2140 2764 armata
2157 2721 2202 2761 in

1316 2785 1457 2836 ipsum
1495 2784 1701 2824 Cadmum
1738 2788 1940 2825 satorem.
2013 2786 2083 2825 De
2119 2784 2202 2825 hac

1318 2845 1465 2886 fabula
1486 2846 1603 2885 alibi.

1370 2913 1450 2950 320
1478 2909 1672 2961 Dircaeis]
1701 2909 1933 2951 Thebanis.
1986 2910 2129 2962 Supra
2155 2909 2199 2950 in

1318 2984 1382 3013 xv.
1405 2974 1534 3013 Cons.
1565 2974 1680 3014 Hon.
1700 2986 1760 3014 vs·
1780 2977 1876 3013 533.

1371 3040 1450 3076 322
1495 3036 1709 3088 Cognatas]
1749 3036 1933 3087 Similes,
1960 3047 2014 3076 ex
2045 3034 2200 3076 eodem

1317 3099 1477 3139 semine
1487 3108 1608 3140 natos
1618 3100 1799 3152 gladios.
1819 3099 2046 3152 Virgilius:
2064 3099 2076 3122 ‘
2087 3099 2200 3140 Haec

1315 3162 1410 3201 loca
1441 3173 1522 3200 non
1554 3163 1668 3202 tauri
1698 3163 1911 3214 spirantes
1940 3161 2112 3203 naribus
2137 3162 2202 3213 ig-

1318 3236 1414 3264 nem
1434 3225 1676 3278 Invertere,
1706 3226 1810 3266 satis
1837 3225 2028 3266 immanis
2060 3224 2202 3265 denti-

1318 3287 1396 3327 bus
1413 3287 1553 3339 hydri,
1589 3290 1684 3329 Nec
1713 3289 1846 3340 galeis
1878 3287 2107 3342 densisque
2139 3287 2200 3328 vi-
2263 3287 2265 3290 '

1319 3362 1410 3392 rum
1432 3364 1555 3404 seges
1572 3352 1739 3394 horruit
1755 3350 1918 3394 hastis!

2294 3273 2300 3340 ἓ
