2300 3906
345 213 453 271 946

346 345 569 414 Poplite
593 346 719 398 fusa
744 349 927 402 tenuS‚
952 341 1216 404 motoque
1236 336 1293 388 in
1314 338 1548 390 stamine
1569 337 1745 391 Delos

345 428 527 493 Errat,
554 433 609 481 et
634 429 829 481 aurato
855 423 1089 476 trahitur
1114 420 1442 476 circumflua
1461 427 1652 490 pont0.

347 513 510 579 Quas
536 514 671 564 inter
696 509 909 562 Cereris
933 506 1139 575 proleS‚
1160 521 1305 559 nuno
1331 506 1509 572 gloria
1531 507 1745 576 matris,

347 597 495 649 Mox
519 595 692 657 dolor,
720 593 928 660 aequali
953 591 1130 644 tendit
1154 607 1256 660 per
1279 590 1526 659 gramina
1547 606 1744 659 passu,

347 679 470 731 Neo
494 678 753 730 membris
775 693 878 734 neo
901 677 1105 729 honore
1129 677 1309 728 minor
1328 691 1343 742 3
1381 675 1676 743 potuitque
1699 671 1877 727 videri

346 761 557 824 Pallas,
586 762 635 812 si
661 761 937 830 clypeum,
967 761 1016 813 si
1041 759 1205 812 ferret
1230 758 1465 827 spicula,
1492 757 1726 810 Phoebe.

348 843 609 897 Colleotae
633 844 793 896 tereti
817 843 1088 896 nodantur
1111 842 1334 911 iaspide
1357 844 1564 894 vestes„

346 928 597 980 Pectinis
623 928 840 995 ingenio
864 942 1150 995 nunquam
1174 925 1391 979 felicior
1410 924 1513 979 arti

348 1011 599 1077 Contigit
623 1016 885 1064 eventus:
925 1010 1094 1063 nullae
1120 1010 1205 1062 sio
1229 1024 1474 1062 consona
1495 1008 1621 1062 telae

350 1093 493 1158 Fila,
518 1111 621 1146 nec
647 1097 703 1147 in
726 1099 941 1147 tantum
963 1094 1082 1146 veri
1108 1093 1319 1145 duxere
1340 1092 1587 1160 figuram.

349 1177 465 1231 Hic
490 1178 842 1247 Hyperionio
868 1178 1055 1232 Solem
1081 1176 1148 1230 de
1173 1176 1382 1230 semine
1405 1175 1569 1228 nasci

890 222 986 269 Ch.
1026 216 1382 260 chA'UmANI
1425 219 1637 260 XXXV.

2106 423 2178 474 35

348 1328 470 1368 tensis
500 1328 784 1379 constringitur
807 1329 960 1368 vinculo
977 1328 1137 1380 duplici,
1150 1327 1319 1368 demissa
1335 1339 1453 1378 nsque
1471 1328 1524 1366 ad
1538 1334 1669 1378 gemm
1696 1328 1734 1365 et
1753 1324 1875 1364 Delos
1890 1323 2002 1376 picta
2017 1323 2060 1363 in
2079 1327 2185 1363 veste

348 1385 455 1429 mota
480 1386 664 1433 vagatur,
684 1386 723 1421 et
751 1383 882 1422 cincta
911 1382 1022 1432 aquis
1048 1381 1179 1421 aureis
1203 1382 1385 1430 agitatur
1411 1380 1550 1420 ventis.
1604 1379 1727 1418 Inter
1754 1377 1978 1418 Palladem
2007 1382 2054 1417 et
2085 1377 2188 1415 Dia-

349 1444 448 1473 nam
467 1440 536 1474 est
554 1435 819 1486 Proserpina
840 1434 1141 1485 pulcherrima,
1160 1445 1258 1472 cum
1275 1438 1398 1472 veste
1415 1431 1660 1484 magnifica,
1685 1432 1791 1469 inter
1809 1442 1903 1481 quas
1933 1430 2070 1479 Dens,
2089 1430 2188 1483 filia

354 1487 510 1526 Cereris
524 1500 610 1539 quae
623 1501 723 1528 nunc
740 1492 798 1527 est
827 1488 945 1526 honor
963 1487 1118 1535 matris,
1135 1497 1228 1523 mox
1245 1486 1355 1523 dolor
1383 1484 1483 1532 erit,
1513 1484 1549 1522 it
1581 1495 1655 1533 per
1684 1487 1800 1532 prata
1816 1493 1934 1532 passu
1951 1482 2090 1531 simili,
2117 1495 2188 1521 nec

350 1540 518 1587 inferior
545 1552 718 1590 corpore,
747 1552 817 1578 nec
845 1537 1163 1589 pulchritudine,·
1201 1540 1242 1574 et
1268 1534 1402 1587 potuit
1431 1535 1540 1575 credi
1568 1536 1706 1574 Pallas
1736 1534 1770 1572 si
1793 1534 1923 1583 ferret
1955 1538 2123 1584 scutum,
2148 1539 2188 1574 et

349 1592 487 1631 Diana
515 1591 551 1631 si
583 1590 722 1631 ferret
739 1590 926 1640 sagittas.
989 1589 1125 1629 Vestes
1155 1588 1361 1628 succincta.»
1378 1589 1616 1637 colligantur
1622 1587 1781 1640 jaspide
1798 1588 1973 1637 oblonga.
2029 1586 2189 1628 Succes-

351 1655 417 1682 sus
434 1655 628 1695 nunquam
647 1644 794 1683 accidit
808 1643 889 1682 arti
911 1642 1074 1691 felicior
1093 1641 1188 1693 ipsa
1204 1642 1351 1692 peritia
1365 1641 1550 1682 texendi:
1584 1642 1690 1681 nulla
1706 1640 1788 1694 fila
1804 1643 1900 1680 adeo
1917 1641 2193 1692 respondentia

351 1697 454 1748 tem,
471 1709 540 1737 nec
566 1698 662 1737 adeo
681 1696 847 1737 habuere
875 1695 1087 1746 imaginem
1114 1696 1209 1735 veri.
1237 1694 1291 1734 In
1320 1695 1393 1735 hac
1410 1699 1532 1735 veste
1560 1694 1823 1748 Proserpina
1844 1694 2032 1747 pinxerat
2060 1691 2190 1736 Solem

1120 1811 1195 1828 ‘O‘
1199 1812 1219 1827 O
1223 1812 1420 1829 OO‘OOOOO

352 1897 403 1935 34
423 1894 542 1947 fluxa
576 1907 654 1947 pro
673 1894 771 1944 fusa
796 1896 897 1938 Jun.
928 1899 1105 1947 pru—35
1134 1901 1275 1936 aurato
1303 1895 1479 1937 trahitur
1494 1896 1555 1936 sic
1577 1895 1672 1936 Lib.
1693 1907 1723 1935 1.
1743 1896 1794 1935 R.
1814 1895 1867 1935 P.
1888 1906 1952 1935 vs.
1972 1898 2066 1936 262.
2094 1894 2190 1935 Tor-

347 1954 486 2000 pentes
505 1951 633 1988 traxit
647 1952 952 1999 geminas-36
983 1951 1096 1989 Inter
1114 1962 1209 2001 quas
1226 1951 1328 1992 vat.
1348 1950 1483 2003 quint.
1524 1954 1615 1990 tunc
1630 1949 1760 2000 gloria
1778 1949 2080 1990 morene—3¹7
2108 1952 2194 1988 ten-

352 2004 446 2041 dens
465 2002 572 2042 Exc.
591 2002 745 2043 Petav.
766 2009 906 2055 quart.
934 2005 1092 2042 tendent
1108 2004 1210 2043 Vat.
1231 2015 1298 2055 pr.
1337 2015 1477 2054 gressu
1494 2004 1598 2043 Vat.
1619 2015 1704 2044 sec.
1724 2003 1848 2042 Voss.
1870 2005 2067 2043 sem—38
2095 2001 2192 2042 Non

352 2054 534 2095 membris
563 2056 731 2095 Bonon.
776 2057 821 2095 in
838 2056 980 2095 honore
997 2057 1125 2095 Voss.
1147 2060 1322 2107 pr.—39
1339 2057 1476 2106 ferret
1502 2056 1538 2095 si
1567 2057 1690 2096 Vatt.
1720 2060 1920 2108 quatuor,
1952 2055 2045 2095 Pal.
2081 2053 2191 2095 eod.

350 2108 591 2147 Bartholin.
605 2108 640 2146 si
649 2107 780 2156 ferret
798 2109 899 2148 Vat.
920 2114 1064 2160 quart.
1086 2108 1198 2160 Reg.
1223 2109 1365 2150 Oxon.
1385 2112 1558 2161 pin—40
1586 2109 1754 2149 Deerat
1771 2108 1841 2148 hic
1856 2119 2002 2148 versus
2022 2107 2064 2147 in
2083 2108 2190 2147 Exc.

351 2161 510 2200 Petav.
531 2164 782 2211 quart.——41
814 2161 991 2201 pectinis
1010 2161 1181 2209 ingenio.
1208 2173 1307 2201 cum
1335 2161 1471 2214 τελείᾳ
1502 2163 1664 2214 στιγμῇ,
1684 2162 1877 2201 Florent.
1899 2162 2006 2213 Reg.
2027 2160 2190 2201 Moret-

352 2225 420 2264 pr.
464 2216 550 2252 arte
578 2212 734 2252 Petav.
765 2224 852 2252 sec.
898 2213 999 2253 artis
1025 2214 1127 2254 Vat.
1161 2226 1226 2265 pr.
1262 2215 1417 2255 PetaV.
1434 2227 1500 2266 pr.
1521 2215 1628 2254 Exc.
1648 2214 1926 2254 Selium—42
1953 2214 2071 2253 vzulloe
2087 2214 2191 2269 Vat-

354 2271 458 2305 tert.
481 2265 589 2304 Cod.
610 2265 849 2305 Bartholin.
866 2265 950 2305 duo
977 2266 1100 2304 Med.
1129 2267 1279 2306 Heius.
1315 2267 1374 2306 H.
1408 2268 1511 2306 Put.
1541 2268 1707 2307 Bonon.
1741 2266 1826 2305 (luo
1855 2266 2009 2306 Petav.
2040 2264 2190 2306 Ambr.

353 2325 456 2358 tert.
477 2319 584 2357 Exe.
606 2318 757 2357 Petav.
777 2323 917 2370 quart.
960 2318 1059 2356 nulli
1083 2322 1270 2369 quatuor
1301 2320 1424 2358 Vatt.
1469 2319 1569 2358 nulli
1587 2319 1656 2358 vel
1676 2319 1794 2358 nullae
1814 2318 1957 2359 Oxou.
1987 2331 2073 2359 sec.
2102 2319 2190 2359 vid.

352 2370 495 2410 Schol.
511 2371 622 2410 Stat.
644 2383 685 2421 p.
703 2373 902 2410 118.-43
931 2381 1043 2408 veras
1058 2371 1155 2411 Vat.
1178 2375 1320 2423 quart.
1349 2371 1532 2424 figuram
1549 2371 1617 2411 ed.
1637 2372 1784 2411 Vicet.
1817 2371 1979 2424 figuras
1996 2372 2190 2412 Florent.

354 2430 399 2463 et
427 2423 581 2476 viginti
600 2423 685 2463 duo
705 2423 792 2475 alii,
824 2423 925 2462 Var.
961 2423 1049 2463 LL.
1075 2435 1099 2463 e
1120 2435 1254 2476 marg.
1284 2424 1430 2466 Parm.
1480 2424 1573 2466 Hac
1594 2424 1715 2465 Voss.
1735 2427 1910 2476 pr.—44
1937 2426 1984 2465 de
2001 2425 2191 2475 sanguine

1181 2545 1362 2587 NOTAE

410 2640 463 2679 34
505 2638 631 2678 Delos
661 2638 788 2690 errat]
830 2638 965 2679 Delos
1002 2642 1069 2678 est
1106 2639 1246 2680 insula

359 2700 488 2741 maris
521 2700 680 2751 AEgaei3
710 2701 810 2740 olim
839 2700 883 2740 in
912 2700 1019 2740 mari
1046 2699 1243 2751 fluitans3

357 2764 430 2803 sed
443 2763 599 2816 Apollo
609 2766 667 2805 ibi
680 2771 820 2817 natus,
833 2766 846 2788 ‘
860 2766 1089 2805 Errantem
1100 2765 1246 2818 Gyaro

360 2828 477 2866 celsa
494 2828 768 2881 Myconeque
786 2828 989 2876 revinxit,
1003 2827 1247 2872 Immotam-

358 2903 442 2942 que
470 2891 556 2931 coli
584 2892 719 2944 dedit,
752 2898 798 2931 et
834 2897 1110 2932 contemnere
1142 2904 1244 2932 ven-

359 2952 455 2991 tos.'

380 3058 384 3061 ,
412 3017 466 3053 38
494 3015 703 3065 Membris]
731 3017 933 3068 Corporis
966 3016 1246 3070 proceritate,

359 3088 453 3130 quae
473 3088 642 3128 semper
661 3078 864 3118 tribuitur
877 3079 1136 3119 numinibus.

413 3137 594 3189 Honore]
613 3138 830 3192 Intellige,
843 3140 928 3180 oris
943 3139 1083 3181 forma
1099 3147 1145 3181 et
1157 3142 1247 3194 dig-

360 3200 515 3241 nitate.

384 3306 386 3308 ,
414 3266 468 3304 39
511 3263 718 3320 clypeum]
761 3264 941 3307 Scutum
969 3265 1055 3308 fert
1083 3267 1245 3317 Pallas,

360 3325 416 3366 ad
444 3325 721 3368 indicandum
747 3326 895 3370 orbem
915 3332 1128 3372 terrarum
1153 3329 1246 3383 regi

361 3399 386 3427 a
405 3387 683 3443 sapientibus.

1366 2642 1421 2680 40
1450 2637 1628 2691 Iaspide]
1655 2637 1710 2679 Id
1739 2641 1820 2689 est,
1845 2637 2017 2690 cingulo
2046 2641 2123 2679 aut
2146 2638 2194 2680 fi·

1311 2702 1427 2754 bula,
1445 2703 1515 2742 cui
1532 2701 1803 2742 inserebatur
1820 2701 1965 2753 Jaspis
1981 2713 2165 2753 gemma.

1365 2768 1418 2804 43
1461 2764 1572 2817 Veri]
1609 2763 1661 2803 Id
1692 2769 1774 2814 est,
1801 2763 1876 2803 fila
1903 2763 2007 2803 nihil
2035 2764 2194 2806 discre-

1313 2826 1479 2878 pantia,
1511 2827 1556 2866 in
1593 2826 1646 2866 iis
1679 2839 1774 2879 qnae
1809 2827 2194 2879 repraesentabant,

1311 2889 1500 2929 habuere
1528 2889 1757 2940 imaginem
1784 2888 1930 2929 formae
1960 2889 2194 2940 natur-aliu

1311 2953 1355 2994 id
1374 2953 1488 3005 quod
1517 2953 1562 2993 in
1591 2954 1763 3004 pictura
1782 2954 1992 3003 laudatur,
2010 2964 2106 2994 cum
2141 2965 2194 2993 ea

1311 3026 1379 3054 res
1408 3014 1605 3066 depictas
1625 3014 1679 3054 ad
1698 3026 1845 3054 verum
1867 3014 2086 3065 exprimit.
2139 3014 2195 3055 In

1310 3079 1389 3118 hac
1422 3083 1540 3118 veste
1576 3077 1769 3128 pingitur
1797 3075 1873 3116 Sol
1904 3081 1951 3116 et
1981 3077 2120 3129 Luna,
2147 3083 2195 3119 et

1290 3161 1295 3167 ·
1311 3142 1538 3192 utriusque
1553 3139 1697 3178 nutrix
1715 3138 1885 3190 Tethys.

1363 3204 1418 3241 44
1437 3198 1704 3252 Hyperionio]
1725 3199 1952 3251 Hyperion
1972 3205 2067 3241 erat
2086 3202 2196 3244 Coeli

1313 3270 1359 3305 et
1375 3265 1519 3305 Terrae
1536 3262 1663 3316 filius,
1682 3268 1809 3316 pater
1822 3263 1934 3305 Solis
1949 3270 1994 3306 et
2011 3264 2194 3308 Aurora

1311 3330 1359 3367 et
1377 3326 1523 3367 Lunae.
