2300 3906
274 164 388 223 ⁴744
812 181 908 220 ct..
949 175 1303 219 cusumsm
1346 176 1532 218 xxvi.

277 299 565 354 Interdum
590 299 767 366 glacie
792 296 1031 348 subitam
1055 293 1273 345 labente
1296 294 1514 350 ruinam

278 383 447 436 Mons
474 383 642 444 dedit,
670 387 725 432 et
749 378 982 446 trepidis
1006 376 1327 430 fundamina
1351 378 1564 431 subruit
1588 376 1775 445 astris,

277 467 549 521 Pendenti
578 464 832 517 malefida
857 462 997 515 8010.
1073 461 1180 514 Ροι·
1203 462 1339 514 talia
1361 462 1535 516 tendit

280 551 596 620 Frigoribus
623 548 818 600 mediis
845 546 1120 599 Stilichon
1141 546 1284 598 loca.
1359 544 1535 603 Nulla
1558 547 1716 616 Lyaei

279 633 523 698 Pocula3
560 648 683 684 rara
709 631 912 684 Ceres:
952 637 1136 699 raptos
1163 634 1455 683 contentus
1479 630 1535 683 in
1557 632 1726 685 armis
1994 629 2103 685 3⁶0

281 719 580 771 Delibasse
601 718 781 780 cibos»,
808 715 1139 784 madidoque
1165 721 1419 768 oneratus
1445 715 1652 769 amictu

282 799 572 869 Algentem
596 801 865 869 pulsabat
888 800 1109 868 equum.
1185 798 1308 851 Nec
1333 798 1524 850 mollia
1545 797 1697 851 fesso

283 885 469 937 Strata
494 884 695 936 dedere
718 887 897 935 torum
918 899 933 935 ε
975 883 1218 934 tenebris
1242 884 1290 934 si
1318 897 1472 934 caeca
1495 882 1754 950 repressit

283 969 421 1022 Nox
445 970 564 1032 iter,
591 974 691 1019 aut
717 968 931 1035 spelaea
955 968 1105 1018 subit
1126 966 1415 1018 metuenda
1431 965 1683 1031 ferarum,

283 1052 398 1105 Aut
421 1052 687 1120 pastorali
702 1051 885 1120 Jacuit
907 1051 1010 1103 sub
1036 1051 1294 1113 culmine,
1320 1050 1494 1105 fultus
2001 1048 2109 1104 355

284 1135 566 1189 Cervicem
594 1135 809 1203 clypeo.
883 1135 1008 1188 Stat
1033 1136 1278 1203 pallidus
1303 1136 1523 1204 hospite
1544 1150 1742 1202 magno

282 1267 514 1308 deturbatus
545 1272 600 1306 est
639 1279 728 1306 casu
755 1268 971 1319 repentino,
989 1273 1027 1307 et
1050 1268 1167 1307 Notis
1183 1268 1402 1319 tepentibus
1417 1267 1604 1308 subduxit
1611 1267 1874 1314 fundamenta
1891 1266 1991 1305 male
2007 1268 2113 1315 tuta,

283 1326 391 1361 terra
403 1333 598 1370 suspensa.
653 1319 821 1359 Stilicho
838 1321 949 1360 vadit
966 1334 1036 1373 per
1050 1321 1135 1363 ltaec
1153 1323 1235 1360 loca
1253 1321 1379 1360 media
1408 1321 1556 1372 hyeme.
1614 1320 1701 1359 Hic
1722 1321 1834 1359 nulla
1862 1324 1961 1358 sunt
1975 1319 2114 1370 pocula

282 1374 383 1424 cini,
398 1385 543 1425 paucus
561 1378 627 1412 est
644 1374 774 1424 panis.
827 1374 1007 1413 Stilicho
1039 1375 1138 1413 satis
1154 1375 1296 1413 habens
1324 1375 1548 1423 degustasse
1575 1372 1619 1412 in
1645 1372 1768 1411 armis
1783 1374 1901 1424 dapes
1917 1375 2113 1423 arreptas,

284 1431 322 1466 et
341 1431 498 1466 onustus
514 1431 618 1466 veste
630 1427 789 1466 humida
807 1427 988 1476 agitabat
1006 1439 1143 1478 equum
1160 1427 1396 1477 frigentem.
1455 1427 1587 1478 Neque
1605 1426 1749 1466 cubilia
1765 1426 2011 1478 proebueruut
2031 1424 2114 1476 ipsi

274 1479 455 1530 fatigato
474 1480 615 1519 lectum
634 1480 882 1520 molliculum.
938 1481 987 1520 Si
1002 1492 1082 1519 nox
1095 1481 1254 1520 obscura
1267 1480 1436 1530 caligine
1454 1479 1622 1518 cohibuit
1642 1479 1760 1526 viam,
1779 1479 1850 1518 ille
1869 1480 1928 1517 cel
1944 1477 2115 1518 introvit

283 1545 467 1573 cavernas
495 1534 688 1573 timendas
713 1533 910 1583 ferarum,
946 1534 1006 1571 vel
1039 1534 1244 1584 procubuit
1273 1532 1342 1571 sub
1375 1532 1538 1581 tugurio
1572 1531 1776 1582 pastorali,
1802 1531 1963 1570 habens
1993 1534 2113 1581 mput

285 1587 424 1626 nixum
442 1590 565 1625 scuto.
622 1588 768 1624 Pastor
792 1590 874 1625 stat
898 1586 1048 1638 pallens
1076 1590 1116 1624 et
1145 1586 1298 1638 defixus
1322 1585 1365 1624 in
1398 1589 1510 1624 tanto
1527 1585 1692 1636 hospite,
1727 1586 1767 1623 et
1796 1587 1924 1623 mater
1945 1582 2116 1634 agresti·

1049 1662 1246 1679 “000“ae
1252 1663 1346 1678 Um

285 1724 370 1755 zar.
403 1715 513 1755 Exc.
545 1715 650 1756 Cod.
678 1717 831 1757 Rhem.
865 1717 969 1757 Var.
1003 1716 1087 1757 LL.
1132 1715 1200 1756 ed.
1251 1713 1386 1757 Antv.
1419 1715 1667 1766 franguntur
1698 1714 1820 1756 Med.
1865 1727 1952 1756 800.
1994 1716 2116 1756 claus-

284 1773 348 1808 tra
365 1767 459 1807 Pal.
476 1768 594 1808 Med.
614 1781 681 1820 pr.
696 1770 796 1810 Pat.
820 1771 968 1810 petav.
992 1774 1090 1810 tert.
1109 1768 1212 1810 Jun.
1230 1780 1297 1820 pr.
1327 1768 1471 1810 Oxou.
1499 1782 1585 1810 sec.
1606 1769 1712 1810 Var.
1729 1770 1813 1809 LL.
1833 1768 1902 1809 ed.
1929 1768 2116 1810 Amm—

283 1825 364 1861 346
387 1822 517 1872 glacie
534 1821 702 1862 subitam
720 1823 878 1863 Moret.
898 1835 964 1874 pr.
1004 1822 1173 1862 subitam
1189 1821 1317 1872 glacie
1349 1827 1546 1875 quatuor.
1574 1823 1695 1863 Vatt.
1716 1823 1843 1863 Farn.
1860 1822 1975 1863 Prie.
1994 1823 2115 1862 Rott.

283 1875 390 1916 Exc.
413 1875 536 1915 Laeti.
565 1876 756 1917 lambente
768 1877 870 1917 Vat.
885 1888 950 1927 pr.
971 1877 1084 1915 Farn
1087 1878 1233 1916 .—347
1263 1876 1366 1916 Mox
1392 1877 1501 1916 dedit
1526 1877 1630 1916 Var.
1649 1876 1738 1916 LL.
1754 1875 1825 1916 ed.
1840 1874 1973 1917 Antv.
2014 1875 2118 1928 tepi-

282 1928 346 1967 dis
364 1929 469 1968 Exc.
490 1929 670 1968 Lucens.
690 1941 755 1980 pr.
801 1929 965 1980 trepidis
984 1929 1104 1970 Leid.
1123 1940 1189 1980 pr.
1221 1941 1318 1968 cum
1339 1929 1525 1970 sedecim
1547 1929 1655 1980 aliis,
1677 1930 1782 1970 Exc.
1809 1928 1880 1970 ed.
1902 1929 2047 1970 Parin.
2070 1933 2117 1969 ct

285 1981 431 2021 Vicet.
477 1982 642 2032 trepidis
673 1983 739 2021 vel
771 1983 914 2033 tepidis
946 1982 1069 2022 Leid.
1096 1994 1182 2022 800.
1211 1982 1403 2023 Floreat.
1425 1984 1532 2024 Exc.
1562 1982 1686 2024 Laeti.
1723 1982 1868 2036 tepidis
1882 1981 2044 2024 Austris
2062 1993 2118 2023 ex

286 2035 531 2085 conjectura
545 2035 754 2087 Scaligeri
774 2035 952 2087 Raphel.
972 2035 1097 2075 etsie
1116 2035 1245 2075 Gesn.
1264 2035 1322 2076 N.
1345 2036 1496 2077 Heius.
1531 2041 1576 2076 et
1601 2036 1671 2077 ed.
1700 2037 1876 2089 Bipont.
1911 2035 2119 2086 fumantia

226 2098 229 2100 ’
287 2087 407 2128 Med.
425 2099 513 2127 sec.
554 2088 722 2140 subripit
742 2089 861 2128 Med.
898 2094 1036 2141 quart.
1063 2088 1213 2128 subruit
1245 2089 1314 2127 vel
1331 2088 1475 2129 subluit
1507 2090 1699 2130 Floreat.
1739 2093 1858 2142 ettep
1859 2090 1938 2129 vdes
1944 2088 2122 2139 fundata

284 2139 354 2180 sub
370 2140 530 2180 Austris
545 2140 654 2181 Lov.
699 2142 819 2182 astris
850 2148 1034 2193 quatuor
1060 2142 1180 2181 vatt.
1219 2141 1316 2181 Pal.
1356 2142 1484 2182 Fam.
1519 2103 2011 2194 Rott.oise1.Jun.p.r
2032 2142 2119 2182 duo

285 2193 429 2234 Oxou.
450 2195 558 2234 Exc.
579 2193 704 2235 Laeti.
744 2195 907 2235 Austris
920 2196 971 2235 al.
973 2198 1108 2235 -349
1135 2195 1231 2234 Lieo
1251 2193 1371 2234 Pric.
1372 2198 1509 2235 —850
1534 2195 1642 2235 nulla
1663 2196 1784 2240 Ceres
1815 2196 1976 2237 Μυῖαν.
2010 2196 2121 2236 clara

283 2247 388 2289 Juu.
409 2259 471 2299 pr.
498 2259 592 2287 rara
611 2248 681 2287 vel
699 2250 819 2288 cruda
832 2248 973 2289 Oxou.
994 2260 1057 2300 pr.
1095 2259 1208 2298 seges
1227 2259 1306 2298 pro
1324 2248 1443 2288 Ceres
1461 2248 1567 2289 Exc.
1588 2247 1715 2289 Laeti.
1758 2260 1870 2288 raros
1890 2260 1967 2299 pro
1985 2251 2121 2300 raptos

285 2302 410 2341 Vatt.
429 2301 549 2341 Tert.
568 2301 689 2341 Rott.
723 2302 847 2341 Voss.
877 2302 996 2342 Leid.
1016 2314 1100 2342 800.
1145 2300 1275 2352 raptis
1308 2301 1414 2342 Lov.
1456 2313 1566 2340 raros
1596 2301 1666 2341 vel
1683 2306 1817 2353 raptos
1838 2302 2025 2341 Florent.
2046 2301 2118 2341 De

284 2353 382 2394 cibo
402 2354 610 2393 castrensi
640 2353 728 2393 vid.
749 2355 933 2395 Casaub.
963 2354 1018 2393 ad
1049 2355 1166 2395 Hist.
1187 2367 1231 2407 ρ.
1252 2357 1304 2394 19
1306 2357 1450 2394 .-351
1479 2358 1665 2395 oneratur
1692 2355 1786 2396 Pal.
1790 2358 1924 2395 -352
1950 2353 2120 2406 pulsavit

288 2406 407 2446 Prie.
440 2406 563 2446 Med.
597 2412 736 2459 quart.
774 2407 860 2447 inc.
894 2407 1049 2447 Heius.
1095 2419 1216 2458 neque
1245 2407 1403 2448 Moret.
1425 2419 1489 2459 pr.
1534 2420 1610 2448 non
1629 2409 1732 2449 Lov.
1768 2408 1877 2458 festo
1894 2408 2013 2449 Med.
2032 2418 2122 2450 see.

279 2460 385 2515 flexo
404 2458 485 2499 Pal
492 2462 639 2500 -353
668 2460 774 2500 thori
794 2461 908 2501 Prie.
951 2461 1137 2512 repressis
1154 2461 1266 2500 Farn
1270 2463 1416 2501 .--354
1442 2461 1624 2512 spelunea
1644 2461 1764 2502 Leid.
1785 2474 1850 2514 p.r
1879 2461 2014 2511 sagitt
2017 2461 2120 2502 Vat.

289 2525 354 2565 pr.
373 2513 499 2554 Fam.
520 2512 639 2554 Prie.
659 2514 797 2554 Oisel.
812 2514 933 2555 Med.
950 2526 1035 2555 800.
1055 2514 1218 2554 Mazar.
1239 2512 1323 2554 duo
1343 2513 1496 2554 Petav.
1515 2514 1680 2555 Bonon.
1698 2515 1871 2555 Tholos.
1891 2514 2042 2555 Ambr.
2054 2524 2121 2567 pr.

290 2566 455 2607 Moret.
474 2579 563 2607 800.
582 2567 686 2607 Var.
704 2565 791 2608 LL.
810 2567 880 2608 ed.
902 2567 1032 2608 Autv.
1072 2568 1179 2608 subit
1197 2567 1268 2607 vel
1283 2566 1387 2619 tegit
1404 2567 1549 2609 Oxou.
1603 2581 1639 2609 r.
1673 2567 1791 2619 fugit
1810 2568 1877 2608 vel
1895 2567 1999 2609 subit
2013 2567 2120 2620 Reg.

285 2623 418 2661 —355
447 2622 620 2672 tegmine
652 2622 810 2662 Moret.
843 2633 907 2674 pr.
940 2622 1000 2663 sic
1028 2622 1182 2675 Virgil.
1210 2622 1223 2644 ‘
1241 2621 1320 2662 sub
1355 2621 1543 2674 tegmine
1582 2621 1681 2674 agi.’
1712 2621 1844 2674 fultus
1873 2621 1994 2664 Med.
2032 2632 2122 2665 sec.

1122 2713 1299 2755 NOTAE

342 2796 422 2834 34⁷
451 2795 722 2848 Fundamina]
758 2795 891 2838 Quasi
918 2796 1024 2848 juga
1055 2806 1173 2836 mou·
1294 2797 1375 2835 350
1405 2794 1541 2846 Ceres]
1568 2795 1753 2835 Ponitur
1766 2807 1846 2847 pro
1861 2807 1986 2848 pane.

293 2855 400 2896 tium
445 2857 615 2898 nivibus
646 2863 803 2911 operta
850 2860 1015 2900 Coelum
1048 2858 1174 2899 susti·
1293 2857 1464 2912 Raptos]
1510 2858 1642 2900 Cibos
1685 2859 1882 2900 sumebat
1920 2861 2120 2907 ornatus,

291 2924 451 2969 nesut3
481 2921 635 2973 quibus
669 2922 942 2974 cadentibus,
970 2923 1090 2964 Coelo
1121 2922 1175 2963 ti·
1239 2922 1311 2962 vel
1330 2921 1472 2974 potius
1492 2927 1568 2962 aut
1586 2921 1847 2974 degustabat
1871 2925 1946 2962 aut
1980 2917 2120 2971 rapie-

292 2982 427 3024 monti
456 2981 737 3027 fundamenta
768 2992 815 3027 et
849 2985 1051 3038 praesidia
1075 2985 1174 3026 sub·
1241 2983 1331 3025 bat.
1371 2983 1496 3040 Adeo
1512 2983 1696 3036 diligens
1713 2982 1796 3022 fuit
1815 2982 1858 3021 in
1874 2981 2001 3021 rebus
2020 2993 2119 3040 conf·

289 3042 394 3086 duci
414 3044 627 3088 videntur.
664 3048 848 3090 Po'e'tica
871 3049 1120 3101 hyperbole.
1239 3046 1451 3097 ficiendis‚
1471 3047 1813 3100 occupandisque
1829 3046 2047 3088 hostibus!

347 3110 430 3150 ³4⁹
461 3109 580 3150 Nulla
601 3111 738 3163 Lyci]
783 3112 837 3152 Ιιι
864 3112 927 3153 his
960 3112 1176 3153 montibus
1292 3115 1374 3163 356
1400 3111 1694 3164 Statpalliaun]
1727 3111 1887 3152 Pastor
1903 3109 2119 3152 admirans

294 3170 455 3212 nullum
496 3178 562 3212 est
601 3173 760 3215 vinum.
818 3175 972 3228 Lyaeus
1016 3176 1177 3217 dicitur
1241 3173 1421 3226 hospitis
1438 3184 1515 3212 seu
1539 3172 1681 3214 herois
1701 3172 1836 3225 ignoti
1855 3173 2121 3230 specierum}

295 3232 373 3275 ἀπὸ
402 3235 475 3276 τσῦ
504 3233 626 3288 λύειν,
647 3239 807 3291 solvere,
835 3239 951 3293 quod
979 3240 1210 3284 Bacchus*
1239 3237 1364 3292 qussi
1381 3236 1691 3291 quodammodo
1712 3237 1766 3279 ad
1785 3237 1880 3292 cjtts
1896 3241 2120 3292 aspectum

296 3309 373 3340 seu
392 3297 532 3339 viuum
567 3299 772 3343 ‘solicitis
795 3302 946 3344 animis
965 3315 1072 3346 onus
1089 3302 1176 3345 exi·
1239 3301 1425 3363 palleus.

297 3360 403 3403 mit.’
436 3358 656 3405 Horatius.
