2300 3906
131 1016 133 1020 v
188 980 460 1045 Fulmina,
488 983 766 1051 divinique
791 987 985 1039 volant
1009 1004 1109 1055 pro
1133 988 1410 1039 moenibus
1436 987 1590 1053 ignes
1612 1003 1624 1038 :

1121 30 1141 52 Ο

713 200 793 237 DE
834 200 1032 238 BELLo
1071 199 1291 239 curleo
1334 202 1454 240 Lm.
1895 190 2001 244 ’759

186 311 277 365 Ne
301 330 447 367 nova
471 315 707 383 praedari
733 317 974 384 cupienS,
998 323 1053 371 et
1075 323 1235 387 parta
1257 334 1524 387 reponas:

188 396 517 467 Pastorique
540 401 708 466 lupus
731 400 991 453 scelerum
1016 403 1223 454 delicta
1245 404 1487 471 priorum

186 480 338 534 Intra
364 487 518 549 septa
544 482 683 534 luaS.
761 483 910 547 Quid
936 487 1177 553 palmitis
1200 488 1334 538 uber
1355 485 1594 550 Etrusci,

189 564 341 628 Quid
366 565 499 615 mihi
523 567 714 617 nescio
740 584 906 634 quam
932 569 1155 637 proprio
1181 585 1307 620 cum
1330 569 1571 636 Tybride
1597 568 1836 621 Romam
1897 568 2004 621 505

186 647 415 715 Semper
437 650 494 699 in
518 666 609 701 ore
634 652 775 717 geris
795 654 817 703 Τ
856 653 1090 705 referunt
1111 653 1160 704 si
1185 669 1316 705 vera
1337 655 1614 719 parenteS,

187 731 353 782 Hanc
378 733 565 785 urbem
590 734 783 787 insano
802 736 981 787 nullus
1007 736 1103 803 qui
1129 735 1310 787 Marte
1334 735 1553 803 petivit,

189 813 439 866 Laetatus
462 816 702 869 violasse
723 817 896 871 redit:
931 835 1034 871 nec
1061 818 1306 871 Numina
1331 818 1519 871 sedem

190 898 534 951 Destituunt.
610 900 646 951 J
652 906 834 954 actata
854 902 1047 970 procul
1072 902 1326 954 dicuntur
1343 903 1399 954 in
1418 902 1631 954 hostem

1895 987 2000 1040 510

186 1065 296 1117 Seu
322 1067 541 1130 coelum,
567 1084 666 1120 seu
694 1068 894 1133 Roma,
922 1075 1088 1125 tonat.
1164 1072 1226 1123 Si
1250 1072 1443 1123 temnis
1469 1070 1786 1139 Olympum,

185 1147 239 1200 A
263 1165 461 1217 magno
487 1150 786 1203 Stilichone
813 1169 966 1218 cave,
988 1156 1082 1222 qui
1113 1171 1324 1223 semper
1350 1155 1573 1222 iniquos

184 1304 295 1340 nova,
314 1293 434 1333 etiam
451 1299 565 1346 rapta
585 1302 759 1335 coactus
777 1297 987 1347 relinquas,
1007 1302 1045 1337 et
1064 1303 1112 1336 ut
1133 1300 1260 1349 lupus,
1279 1298 1322 1337 in
1339 1297 1459 1349 septis
1470 1300 1665 1348 persolvas
1684 1299 1842 1338 Pastori
1853 1312 2007 1350 poenam

184 1347 390 1386 criminum
403 1349 633 1397 primorum.
670 1373 672 1375 -
692 1351 825 1395 Quare
842 1350 939 1389 mihi
956 1363 1104 1401 semper
1122 1352 1238 1390 habes
1254 1352 1295 1389 in
1319 1363 1385 1389 ore
1404 1350 1661 1398 fertilitatem
1677 1351 1818 1392 vitium
1836 1353 2007 1391 Hetrus-

184 1411 332 1451 carum,
350 1402 443 1450 quid
461 1403 585 1440 nescio
604 1415 718 1453 quam
740 1403 903 1442 Romam
922 1415 1009 1442 cum
1033 1404 1186 1443 Tiberio
1202 1402 1305 1444 suo?
1360 1404 1408 1443 Si
1427 1403 1590 1452 majores
1607 1408 1771 1443 narrant
1788 1406 2009 1456 veritatem,

185 1465 310 1503 nemo,
334 1453 400 1504 qui
418 1467 622 1504 aggressus
648 1460 705 1495 est
724 1457 823 1494 hanc
844 1457 974 1496 urbem
994 1457 1091 1496 bello
1123 1457 1343 1506 temerario,
1362 1469 1535 1497 reversus
1553 1461 1609 1496 est
1625 1459 1798 1507 gaudens
1816 1469 1910 1496 eam
1931 1458 2010 1497 vio-

185 1507 296 1545 lasse.
354 1508 490 1558 Neque
506 1509 579 1546 Dii
596 1510 778 1548 deserunt
796 1512 924 1549 sedem
944 1523 1059 1548 suam
1079 1525 1090 1550 2
1122 1510 1296 1558 fulmina
1315 1515 1576 1549 memorantur
1593 1515 1769 1550 contorta
1789 1522 1878 1550 esse
1898 1513 2010 1560 longe

186 1559 227 1596 in
243 1558 402 1609 hostem,
422 1564 460 1598 et
467 1560 643 1611 flammae
661 1563 829 1601 coelestes
851 1564 1016 1602 volitant
1031 1576 1105 1613 pro
1132 1563 1383 1603 defensione
1402 1564 1523 1613 urbis,
1541 1576 1606 1603 seu
1637 1565 1780 1603 Coelum
1804 1569 1924 1614 tonet,
1942 1577 2010 1603 seu

188 1611 330 1651 Roma.
387 1612 432 1651 Si
450 1614 602 1664 spernis
634 1615 794 1665 Coelum,
826 1628 916 1654 cave
947 1628 971 1653 α
999 1616 1211 1656 Stilichone
1241 1616 1408 1668 ingenti,
1425 1617 1490 1667 qui
1508 1629 1658 1668 semper
1685 1618 1932 1668 persequitur
1948 1617 2007 1656 in-

946 1709 1237 1724 ‘OOOO‘d‘O‘OO

186 1765 363 1805 adbibere
380 1766 484 1809 Exc.
503 1768 761 1808 Laeti.—502
792 1769 878 1808 Nec
906 1769 1048 1809 Oxon.
1071 1781 1134 1820 pr.
1153 1770 1254 1809 vat.
1274 1775 1372 1809 tert.
1392 1769 1485 1809 Pal.
1517 1769 1631 1809 Pric.
1672 1770 1793 1810 Rott.
1821 1769 2010 1811 Florent-

187 1818 340 1858 Petav.
361 1831 446 1859 sec.
465 1821 637 1860 Tholas.
667 1822 750 1861 inc.
784 1823 932 1862 Heius.
963 1823 1086 1861 ambo
1118 1823 1274 1862 Moret.
1312 1829 1396 1863 tres
1427 1823 1547 1862 Med.
1595 1823 1695 1862 Haec
1724 1823 1872 1862 Petav.
1907 1828 2010 1863 tert.

183 1872 367 1922 proecluri
386 1884 462 1923 pro
490 1874 663 1923 proedari
680 1875 782 1914 Var.
804 1877 889 1915 LL.
912 1875 979 1915 ed.
1013 1875 1146 1915 Antv.
1191 1889 1348 1927 repones
1372 1877 1473 1915 Vat.
1495 1880 1731 1916 tem—503
1761 1876 2011 1927 pastorisque

188 1925 296 1963 Exc.
335 1925 460 1966 Laeti.
522 1930 677 1965 tuorum
714 1940 790 1979 pro
829 1930 1004 1979 priorum
1039 1929 1141 1968 Vat.
1182 1930 1453 1980 quint.—-—504
1499 1930 1611 1967 Inter
1651 1930 1752 1968 Vat.
1804 1941 1867 1979 pr.
1919 1929 2011 1968 Pal.

190 1977 314 2017 Farn.
333 1978 467 2018 Oisel.
488 1979 610 2019 Med.
646 1992 710 2030 pr.
741 1981 823 2020 inc.
857 1983 1004 2021 Heius.
1036 1981 1158 2020 Leid.
1187 1994 1253 2032 pr.
1284 1982 1442 2021 Moret.
1472 1994 1536 2032 pr.
1558 1983 1717 2021 Mazar.
1747 1986 1832 2020 tres
1862 1979 2012 2020 Ambr.

186 2035 338 2082 sceptra
358 2032 458 2071 Vat.
482 2033 619 2084 quint.
666 2034 750 2072 vias
779 2046 856 2084 pro
889 2036 974 2074 luas
1006 2035 1107 2073 Var.
1128 2035 1215 2073 LL.
1237 2034 1304 2074 ed.
1324 2034 1456 2074 Antv.
1502 2037 1602 2085 quod
1620 2035 1780 2073 Moret.
1798 2045 1882 2073 sec.
1929 2035 2014 2084 quis

188 2084 343 2124 Petav.
362 2090 462 2125 tert.
484 2086 598 2125 ubere
617 2085 763 2126 Ambr.
785 2091 1016 2128 tem—505
1050 2087 1158 2131 Quid
1175 2089 1283 2126 modo
1303 2087 1450 2126 Ambr.
1470 2099 1535 2138 pr.
1556 2087 1717 2138 propior
1733 2087 1834 2126 Put.
1851 2099 2014 2138 propero

188 2149 267 2188 pro
272 2139 432 2189 proprio
447 2139 707 2190 conjiciebat
724 2141 874 2180 Heius.
887 2153 957 2192 pro
977 2140 1138 2179 Tim-ide
1146 2142 1244 2180 Vat.
1258 2141 1528 2192 quint—506
1538 2140 1653 2179 verbu
1665 2152 1743 2190 pro
1754 2152 1846 2179 vera
1859 2141 2015 2179 Fut.—

190 2194 267 2230 507
298 2191 460 2239 infando
477 2194 576 2232 Vat.
597 2206 664 2244 pr.
688 2195 952 2234 Fam—509
980 2195 1173 2233 ducuntur
1194 2207 1271 2245 pro
1302 2193 1487 2233 dicuntur
1506 2193 1628 2233 Leid.
1649 2205 1713 2244 pr.
1733 2206 1788 2234 m.
1809 2205 1895 2232 sec.
1917 2193 2013 2232 Pal.

190 2254 309 2295 Med.
330 2266 394 2306 pr.
415 2254 567 2295 Ambr.
589 2268 673 2295 sec.
693 2258 794 2296 Lov.
815 2270 871 2295 m.
891 2270 973 2298 sec.
1002 2248 1173 2298 ditantur
1192 2259 1352 2297 Moret.
1375 2270 1437 2308 pr.
1460 2257 1588 2296 orbem
1607 2269 1683 2308 pro
1699 2257 1844 2296 hostem
1862 2255 2013 2295 Ambr-

190 2312 394 2358 pr.—510
423 2310 607 2348 Flumina
623 2310 724 2350 Jun.
745 2323 808 2360 pr.
828 2310 968 2350 Oxon.
1000 2324 1085 2351 sec.
1114 2312 1330 2362 divinaeq-ue
1360 2311 1481 2350 Med.
1511 2322 1598 2349 sec.
1628 2312 1759 2349 valent
1790 2322 1868 2359 pro
1886 2311 2016 2349 volant

191 2360 287 2400 Pal.
308 2361 428 2402 Med.
458 2375 520 2413 pr.
539 2362 682 2402 imbres
699 2364 865 2403 Bonon.
886 2365 999 2404 urbes
1018 2364 1136 2404 Med.
1168 2367 1389 2404 sem—511
1419 2363 1469 2403 Si
1485 2365 1635 2412 emtum,
1651 2363 1688 2401 si
1703 2362 1822 2402 Med.
1842 2374 1930 2403 sec.
1947 2374 2015 2402 seu

1003 2482 1180 2523 NOTAE

244 2577 321 2612 505
352 2573 479 2624 Mihi]
508 2574 691 2614 Ponitur
724 2580 899 2616 ornatus
928 2588 1070 2616 causa.

192 2637 396 2688 Virgilius
415 2650 426 2675 :

194 2704 284 2738 tum
324 2700 419 2738 mihi
457 2705 601 2739 taurus
634 2707 776 2741 aratro
818 2701 1070 2753 Iugemerc,’

191 2765 273 2802 ἀρ.

246 2829 325 2863 507
345 2826 462 2865 Hanc
479 2827 626 2878 urbem]
650 2827 774 2867 Hanc
798 2835 938 2868 tamen
958 2834 1071 2880 post-

193 2901 246 2929 ea
278 2889 393 2940 cepit
412 2888 620 2941 Alaricus,
649 2897 692 2930 et
719 2892 914 2943 exceptis
943 2892 1070 2931 rebus

194 2952 342 3003 sacris,
360 2964 413 2991 ex
435 2953 604 3004 orosio,
625 2955 808 2994 vastavit
835 2955 1004 3005 misere,
1023 2961 1072 2994 ut

193 3015 391 3055 diximus.
429 3017 494 3055 Ex
516 3017 702 3066 Zosimo,
722 3018 852 3068 Geta,
875 3018 1072 3056 Romanis

195 3078 440 3119 dicentibus
474 3092 518 3119 se
549 3092 642 3119 esse
677 3081 932 3129 innumeros,
953 3086 998 3119 et
1018 3081 1071 3120 ad

194 3153 380 3192 pugnam
414 3152 601 3193 paratos,
635 3143 871 3194 respondit,
902 3144 1074 3194 Spissius

185 3205 335 3253 foenum
344 3207 509 3255 facilius
532 3210 684 3254 secari,·
710 3221 891 3260 cumque
912 3221 1072 3259 aurum,

196 3275 431 3320 argentum,
451 3277 494 3310 et
513 3272 655 3310 omnia
687 3279 900 3322 posceret,
919 3272 1072 3323 legatis

198 3333 504 3382 quaerentibus,
536 3334 638 3385 quid
675 3333 756 3374 sibi
792 3335 1071 3388 relinqueret,

196 3393 361 3445 animas,
378 3394 526 3447 inquit.

1191 2578 1270 2613 510
1305 2574 1445 2614 Volant
1472 2586 1544 2624 pro
1573 2572 1760 2613 moenibus
1791 2571 1921 2624 ignes]
1959 2574 2014 2613 Id

487 2637 498 2657 ‘
518 2638 736 2689 Depresso
773 2639 952 2691 incipiat
977 2640 1067 2691 jam
1135 2638 1298 2679 factum
1330 2639 1487 2678 dicitur
1517 2637 1731 2685 Annibale
1759 2636 2013 2690 ingruente:

1134 2704 1245 2743 hunc
1279 2703 1431 2753 pluviae
1466 2708 1510 2741 et
1544 2700 1724 2740 fulmina
1763 2702 2016 2752 repulerunt

1135 2767 1267 2806 muris
1314 2766 1431 2804 urbis

1478 2766 1780 2804 imminentem.
1860 2765 2016 2804 Verius

1138 2841 1240 2868 sane
1249 2829 1481 2868 dixerimus
1492 2828 1810 2867 Chiidebertum
1821 2832 1866 2867 et
1879 2828 2017 2867 Theo-

1138 2892 1365 2932 debertum
1382 2892 1524 2942 Reges
1548 2891 1591 2929 in
1608 2890 1839 2930 Clotarium
1866 2890 2017 2933 irrum-

1139 2962 1291 3007 pentes
1323 2955 1463 2994 omnia
1492 2953 1606 2993 ferro
1626 2961 1670 2994 et
1689 2952 1858 2993 flamma
1877 2944 2017 2994 vasta-

1140 3025 1256 3058 turos
1289 3030 1395 3067 esse,
1427 3017 1507 3056 nisi
1536 3017 1699 3056 Coelum
1728 3016 2015 3056 Sanctissimae

1141 3082 1314 3132 Reginae
1330 3080 1526 3132 Clotiidae
1544 3079 1741 3130 precibus
1757 3086 1802 3119 et
1816 3078 2016 3130 lacrymis

1139 3139 1357 3185 turbatum
1395 3144 1588 3183 furentes
1626 3142 1805 3183 fratrum
1854 3143 2015 3182 animos

1138 3207 1311 3247 horrida
1326 3208 1515 3259 quidem,
1530 3205 1605 3245 sed
1622 3206 1814 3255 salutari,
1832 3209 2014 3254 tempes-

1139 3277 1232 3310 tate
1255 3270 1608 3322 compescuisset.
1663 3269 1876 3309 Mezeraeus
1905 3266 2012 3305 illus-

1138 3337 1215 3376 tris
1231 3335 1473 3376 Historicus.
1819 3384 1823 3388 ⁴
1897 3382 1900 3386 ,
1974 3349 2011 3387 „5
