2300 3906
629 173 695 211 m
739 171 1103 213 numerium
1147 172 1265 212 1213.
1306 172 1372 211 n.
1802 162 1911 214 565

95 289 349 352 Perculit,
378 291 431 340 et
456 287 662 339 Persas
686 288 742 338 in
765 290 917 355 regia
939 290 1165 343 vulnera
1189 291 1392 355 movit3

95 374 484 441 Rupturasque
506 369 690 434 fidem,
722 372 833 423 leto
858 387 988 438 pars
1012 389 1080 424 ne
1105 389 1217 440 qua
1241 378 1480 436 vacaret,

94 454 457 508 Eumenidum
482 454 661 506 taedas
683 459 834 506 trans>
852 456 1080 508 flumina
1100 456 1348 523 Tigridis
1371 456 1503 524 egit.

92 539 235 591 Tum
259 554 387 589 vero
413 536 662 589 cecidere
685 538 875 601 animi,
902 539 1456 606 tantisque'procellis
1809 536 1917 589 485

98 622 393 683 Deficiunt,
433 622 576 688 septi
599 621 925 672 latrantibus
950 621 1188 688 undique
1212 620 1395 674 bellis·

96 706 344 758 Infensos
375 706 596 758 tandem
627 706 869 773 Superos
889 710 952 758 et
974 703 1234 758 Consulis
1258 720 1418 757 omen

95 788 383 855 Agnovere
410 790 526 843 sui:
564 806 664 842 nec
681 791 798 859 jam
824 789 1138 842 revocabile
1163 789 1424 845 damnum

97 871 305 926 Eventu
330 891 509 927 rerum
538 875 747 929 stolido
772 875 1014 928 didicere
1039 875 1320 941 magistre.

167 956 428 1025 Namque
453 959 628 1011 ferun-t
650 959 901 1025 geminos
927 975 1037 1010 uno
1064 958 1131 1010 de
1158 958 1364 1010 semine
1389 957 1584 1011 fratres
1812 961 1918 1014 490

95 1040 482 1109 Iapetionidas
508 1043 716 1109 generis
739 1041 1041 1110 primordia
1062 1042 1235 1094 nostri

98 1123 373 1176 Dissimili
395 1124 626 1176 finxisse
652 1141 816 1176 manu
838 1141 850 1174 ε
890 1140 1278 1191 quoscumque
1303 1124 1664 1179 Prometheus

99 1206 379 1271 Excoluit,
406 1207 687 1276 multoque
707 1208 940 1260 intexuit
960 1208 1165 1272 aethera
1186 1207 1342 1271 limo,

99 1328 304 1370 Percussit
323 1328 510 1382 Saporem
533 1330 772 1379 faederutum
790 1334 828 1370 et
835 1331 998 1385 fidelem
1014 1330 1140 1382 nobis,
1171 1334 1209 1371 et
1228 1329 1419 1370 excitavit
1444 1329 1584 1369 Persas
1602 1329 1642 1369 in
1659 1331 1798 1381 plagas
1811 1343 1925 1382 regu-

99 1382 170 1432 les,
197 1386 237 1422 et
254 1395 301 1423 ne
318 1397 392 1435 quu
410 1385 519 1434 regio
535 1387 687 1424 cureret
718 1388 856 1434 morte,
886 1383 1042 1436 impulit
1062 1389 1173 1424 trans
1192 1383 1375 1435 fluvium<
1398 1382 1698 1433 Tigridisfuces
1716 1385 1929 1424 Furiarum

99 1434 313 1476 violaturus
317 1437 459 1490 fidem.
519 1437 558 1477 T
555 1450 627 1476 unc
654 1442 786 1476 autem
817 1438 941 1477 animi
969 1439 1229 1477 demittuntur
1259 1442 1297 1477 et
1327 1438 1577 1486 languescunt
1608 1437 1650 1476 in
1683 1438 1807 1476 tantis
1835 1442 1928 1477 tem-

100 1489 339 1540 pestatibus.-
368 1490 489 1530 cincti
521 1490 630 1530 bellis
660 1491 901 1530 minantibus
931 1493 1179 1542 undequaque
1206 1495 1404 1530 senserunt
1433 1491 1588 1529 tandem
1619 1491 1725 1529 Deos
1753 1491 1928 1538 irffestos,

103 1547 142 1581 et
159 1544 399 1593 proesugium
431 1544 559 1584 triste
579 1544 771 1584 consulis.-
801 1547 839 1583 et
873 1544 925 1583 ab
958 1544 1070 1584 exitu
1101 1547 1361 1593 cognoverunt
1393 1543 1548 1593 stupido
1579 1545 1768 1592 magistro
1798 1556 1931 1583 rerum

103 1595 380 1636 detrimentum
399 1609 477 1636 nou
496 1597 725 1648 reparabile.
767 1597 928 1636 Etenim
948 1597 1060 1636 aiunt
1074 1597 1228 1643 fratres
1246 1598 1357 1645 duos,
1375 1595 1678 1634 Prometheum
1698 1602 1744 1635 et
1763 1597 1933 1647 Epime-

104 1648 250 1688 theum
271 1649 385 1702 filios
401 1650 555 1700 Jupeti,
579 1649 774 1697 formasse
810 1662 926 1688 manu
957 1651 1108 1701 dispari
1134 1649 1332 1701 principia
1366 1648 1505 1699 stirpis
1538 1653 1679 1687 nostr-ce
1715 1661 1765 1688 eae
1798 1651 1931 1688 eadem

103 1701 285 1741 materia.
345 1703 490 1742 Omnes
518 1715 612 1754 quos
636 1702 888 1742 Prometheus
917 1703 1085 1756 effinxit,
1112 1706 1149 1741 et
1169 1703 1214 1741 in
1232 1701 1385 1754 quibus
1402 1701 1581 1740 innexuit
1599 1702 1729 1751 ignem
1748 1703 1828 1740 luto
1844 1703 1930 1755 plu-

864 1802 1162 1818 OOOOOOOOOOO

104 1874 240 1912 -482
272 1873 451 1913 Pertulit
481 1872 643 1913 Moret.
663 1883 730 1924 pr.
750 1872 890 1912 mnia
908 1870 1029 1911 Med.
1050 1881 1139 1910 sec.
1158 1883 1216 1909 m.
1235 1882 1302 1921 pr.
1331 1869 1442 1908 misit
1471 1870 1570 1909 Pat.
1590 1870 1700 1909 misit
1721 1872 1786 1910 vel
1808 1872 1933 1911 movit

104 1924 347 1967 Fun-483
380 1927 653 1977 Rapturusque
680 1926 784 1965 Vat.
807 1938 872 1976 pr.
902 1925 1181 1975 Rupturasque
1211 1925 1311 1963 Vat.
1346 1923 1481 1962 Livin.
1511 1924 1785 1974 Rapturusque
1816 1925 1932 1964 Prie.

104 1977 206 2029 Pat.
224 1979 372 2019 Ambr.
394 1991 460 2030 pr.
495 1979 767 2030 Rapturusque
788 1979 874 2018 duo
907 1977 1059 2016 Leidd.
1091 1982 1137 2016 et
1167 1975 1336 2027 plurimi
1369 1975 1542 2026 optimae
1563 1981 1693 2025 notae,
1719 1977 1827 2016 Exc.
1847 1978 1934 2017 Ge·

106 2038 224 2072 vart.
241 2032 342 2073 Ald.
364 2032 432 2072 ed.
453 2032 598 2072 Parm.
618 2037 662 2071 et
677 2032 821 2071 Vicet.
857 2031 1129 2082 Rupturusque
1149 2030 1215 2069 vel
1237 2028 1509 2080 Rapturusque
1539 2029 1640 2069 Put.
1661 2030 1935 2081 Rapturusque

107 2085 180 2126 vel
198 2086 472 2138 Rupturusque
488 2086 591 2125 Vat.
613 2085 747 2137 quint.
766 2084 1044 2135 fracturusque
1063 2082 1308 2134 conjecerat
1342 2082 1495 2120 Heius.
1525 2084 1625 2121 leto:
1650 2083 1811 2122 Thuan.
1841 2084 1936 2123 lecto

107 2137 209 2178 Vnt.
230 2150 294 2189 pr.
314 2151 371 2178 m.
392 2151 457 2190 pr.
478 2138 783 2178 Bonum—484
811 2137 940 2177 meniu
972 2137 1079 2176 Exc.
1098 2137 1198 2176 Pat.
1231 2148 1317 2176 rec.
1347 2134 1522 2174 Tibridis
1550 2134 1702 2175 Ambr.
1735 2141 1933 2187 pr.-485

111 2191 212 2231 Tum
228 2191 312 2232 duo
329 2192 480 2232 Leidd.
497 2204 594 2231 cum
614 2191 766 2243 viginti
785 2191 949 2230 duobus
966 2189 1103 2230 Codd.
1124 2194 1169 2228 et
1190 2190 1296 2228 Exc.
1317 2189 1499 2228 Lucens.
1519 2200 1602 2229 sec.
1627 2188 1733 2227 Tunc
1753 2195 1938 2242 quatuor

105 2232 233 2285 vatt.
253 2245 382 2286 Fam.
401 2245 519 2285 Prie.
541 2245 804 2285 Rott.-486
832 2244 1030 2284 Decidmu
1049 2243 1206 2283 Petav.
1225 2248 1327 2281 tert.
1359 2242 1482 2281 animi
1502 2254 1578 2292 pro
1595 2243 1697 2292 septi
1714 2242 1833 2281 Med.
1851 2255 1937 2282 sec.

109 2298 332 2391 ce‘ptZYYatt.
351 2302 456 2392 tert.
487 2297 571 2391 {ic
593 2311 740 2391 vgrsxs
760 2297 944 2399 {leesltifn
962 2297 1125 2391 Mazssr.
1145 2296 1370 2387 etlljllotrett.
1388 2298 1592 2386 {r‘{‡8⁷
1603 2294 1937 2397 pllnfesgoSsSFarn.

111 2361 136 2389 c
167 2379 181 2391 ,
238 2363 304 2391 ιοε
331 2380 340 2390 .
404 2364 465 2392 ar.
564 2380 574 2392 .
595 2365 619 2391 e
654 2380 664 2391 .
728 2364 754 2390 n
780 2364 821 2390 v.
874 2364 899 2389 u
921 2361 1028 2390 cusos
1095 2361 1163 2389 xc.
1234 2361 1270 2386 τε
1295 2360 1308 2386 ι
1324 2360 1348 2386 e
1429 2360 1454 2386 u
1540 2360 1572 2386 s.
1646 2360 1723 2385 ·.—
1830 2361 1938 2387 reco-

111 2402 234 2443 moue
244 2405 379 2444 damni
392 2405 463 2444 ed.
477 2405 759 2444 Vicet.—-489
779 2405 974 2443 Eventum
989 2402 1129 2441 Stilico
1143 2401 1244 2442 Jun.
1257 2413 1322 2450 pr.
1343 2400 1484 2438 Stilico
1497 2411 1627 2438 rerum
1641 2400 1939 2441 Farn.Tholos.

112 2455 253 2494 stolido
269 2468 400 2496 rerum
413 2469 559 2496 omnes
571 2458 694 2496 Vatt.
711 2457 805 2496 Pal.
820 2456 938 2495 Prie.
957 2456 1079 2494 Rott.
1092 2454 1226 2494 Oiscl.
1237 2454 1379 2492 Oxou.
1394 2463 1482 2490 sec.
1510 2451 1662 2490 stolidis
1680 2452 1940 2503 conjiciebat

114 2506 264 2547 Heius.
291 2509 502 2558 magistros
515 2509 619 2548 Vat.
640 2512 878 2549 terte—490
905 2509 1073 2556 Jamque
1090 2506 1192 2546 Jun.
1214 2517 1278 2555 pr.
1306 2505 1495 2554 sauguine
1512 2505 1671 2544 Moret.
1693 2517 1756 2555 pr.
1785 2518 1942 2556 corpore

114 2565 227 2599 natos
245 2561 315 2599 vel
332 2562 474 2600 semine
484 2559 639 2608 fratres
667 2561 902 2601 Low-491
931 2559 1233 2610 Japetioniudus
1262 2557 1385 2596 ambo
1403 2558 1564 2596 Moret.
1582 2558 1684 2596 Vat.
1703 2569 1790 2597 sec.
1818 2559 1942 2610 Jape·

112 2612 287 2652 'tionidus
304 2619 391 2653 tres
411 2614 530 2653 Med.
550 2614 655 2653 Exc.
675 2615 856 2653 Lucens.
873 2625 957 2652 sec.
971 2611 1129 2662 generis
1142 2613 1190 2650 de
1207 2611 1349 2649 semine
1365 2609 1492 2648 nostri
1508 2610 1625 2648 Med.
1643 2621 1729 2649 sec.
1751 2623 1806 2649 m.
1819 2623 1942 2662 pr.—

112 2667 196 2705 492
219 2666 355 2718 fixisse
386 2667 414 2708 J
420 2678 490 2705 un.
522 2678 589 2717 pr.
631 2667 810 2717 pinxisse
840 2666 926 2705 inc.
964 2664 1115 2704 Heius.
1143 2663 1387 2714 quiscumque
1419 2663 1720 2702 Mazar.-—493
1752 2665 1941 2715 multoque

114 2719 217 2760 vat.
237 2731 302 2771 pr.
319 2732 377 2760 m.
397 2731 462 2771 pr.
482 2720 649 2759 Bonon.
670 2720 774 2760 Put.
793 2719 893 2759 Pat.
917 2716 1064 2758 Ambr.
1085 2729 1153 2768 pr.
1174 2716 1294 2757 Leid.
1309 2727 1396 2756 sec.
1415 2716 1522 2757 Exc.
1542 2716 1718 2756 Gevart.
1740 2719 1940 2757 anuttum-

935 2810 977 2850 N
985 2809 1112 2851 OTAE

118 2896 234 2942 sunt,
282 2897 332 2932 ut
368 2894 562 2933 Caesares
598 2893 713 2946 apud
764 2895 995 2944 Romanos,
1060 2890 1192 2930 mina.

117 2954 349 3001 ,Ptolemaei
368 2956 479 3007 apud
500 2957 738 3009 AEgyptios.
793 2957 995 2997 ceterum
1117 2954 1310 3007 Tigridis]
1338 2954 1426 2995 Hic
1441 2953 1593 2996 fluvius
1607 2955 1728 2994 alluit
1744 2956 1942 3008 Mesopo·

115 3016 328 3069 ‚AEgyptii‚
358 3023 406 3058 et
443 3018 609 3069 Persae,
656 3019 809 3058 eximie
854 3021 996 3071 Reges
1065 3019 1253 3059 tamiam.

122 3087 396 3121 venerantur.
425 3082 480 3124 Q.
498 3083 699 3122 Curtius:
729 3083 897 3122 ‘Persae
912 3095 998 3122 non
1119 3086 1200 3123 486
1227 3082 1498 3134 Lutrcmtibus]
1525 3083 1667 3123 Instar
1684 3095 1851 3123 canum.

121 3143 259 3184 solum
293 3144 378 3196 pie,
424 3145 502 3184 vsed
538 3150 585 3184 et
630 3146 865 3196 prudenter
902 3158 999 3186 suos
1119 3150 1200 3188 492
1227 3148 1498 3200 Prometheus]
1516 3149 1654 3200 Supra
1668 3149 1721 3188 de
1741 3160 1804 3188 iv.
1821 3149 1946 3190 Com.

125 3203 272 3258 Reges
291 3207 405 3247 inter
423 3208 539 3248 Deos
555 3208 734 3248 colunt!
1070 3210 1188 3252 Hon.
1204 3223 1266 3251 vs.
1282 3215 1377 3252 229.

180 3268 262 3308 484
288 3270 564 3323 Eumenidum]
616 3272 857 3322 Furiarum,
900 3283 1003 3324 qus.-
1121 3276 1201 3314 493
1241 3273 1427 3325 AEtheru]
1474 3273 1671 3315 Animam
1714 3275 1948 3321 coelestem,

130 3341 225 3371 rum
257 3328 418 3374 facibus
461 3333 710 3397 tribuuntur
752 3335 895 3377 omnia
921 3336 1004 3378 cri·
1070 3348 1167 3389 quae
1197 3335 1333 3378 videri
1362 3337 1499 3389 possit
1521 3338 1664 3379 radius
1695 3336 1863 3390 quidam
1891 3346 1946 3375 ex
