2300 3906
316 189 423 251 968
858 204 953 246 en.
995 200 1350 243 CLAUDIAM
1392 202 1608 247 xxxv.

316 325 601 379 Numina:
647 328 778 378 sunt
803 323 981 375 tristes
1011 322 1217 385 Furiae,
1244 328 1300 373 te
1329 323 1563 392 conjuge
1590 325 1791 392 dignae.

317 408 524 461 Fratris
547 410 731 475 linque
757 406 950 457 domos
974 421 986 456 t
1027 405 1268 456 alienam
1294 405 1485 458 desere
1510 413 1712 460 sortem
1734 424 1746 459 τ

309 491 501 544 Nocte
527 498 623 542 tua
649 494 940 540 contentus
965 488 1076 540 abi.
1154 486 1305 551 Quid
1331 490 1459 541 viva
1485 491 1721 558 sepultis

316 572 652 626 Admisces?
693 571 1095 639 nostrum-quid
1122 575 1354 640 proteris
1381 573 1600 626 advena
1621 575 1885 628 mundum
1900 577 1925 627 'l

317 656 482 708 Talia
506 657 820 709 vociferans
847 657 1042 708 avidos
1067 658 1296 708 transire
1320 657 1528 710 minaci

320 738 662 807 Cornipedes
689 741 929 792 umbone
955 741 1096 803 ferit,
1124 740 1420 808 clypeique
1445 741 1683 792 retardat

322 822 545 892 objice,
573 824 994 913 Gorgoneisqug
1011 839 1264 892 premens
1292 825 1552 876 assibilat
1575 825 1783 894 hydris,
2037 826 2148 878 225

326 906 710 975 Praetentaque
735 907 914 975 operit
939 902 1123 959 oiista.
1200 908 1457 960 Libratur
1482 910 1540 959 in
1562 911 1729 961 ictum

325 990 612 1055 FraxinuS,
641 996 696 1043 et
719 993 906 1059 nigros
928 993 1203 1044 illuminat
1228 992 1398 1046 obvia
1421 1010 1625 1046 currus.

325 1073 620 1143 Missaque
644 1091 804 1143 paene
831 1076 986 1138 foret,
1014 1077 1073 1127 ni
1098 1076 1322 1145 Jupiter
1349 1078 1556 1130 aethere
1581 1079 1742 1131 vulso

2032 409 2068 460 ἰθ

2070 409 2140 461 lg

323 1249 434 1279 rum.-
454 1238 588 1279 Furioe
603 1242 773 1280 crudeles
801 1245 891 1280 sunt
912 1241 1044 1292 dignae
1063 1246 1103 1281 te
1121 1243 1262 1283 marito
1274 1257 1287 1283 .-
1316 1244 1488 1295 relinque
1506 1256 1629 1295 regna
1652 1243 1679 1286 J
1684 1244 1775 1283 ovis
1782 1242 1958 1291 fratris:
1986 1240 2157 1292 relinque

327 1293 594 1333 haereaitatem
612 1295 799 1334 alterius:
826 1297 971 1343 recede,
1000 1300 1203 1336 contentus
1231 1298 1399 1337 tenebris
1418 1297 1525 1337 tuis.-
1556 1310 1624 1336 cur
1642 1296 1847 1345 confundis
1873 1295 2044 1335 viventia
2067 1307 2155 1333 cum

326 1344 519 1386 mortuis?
551 1350 632 1386 Fur
646 1349 872 1398 peregrinus
890 1350 1092 1398 procule-as
1110 1354 1261 1390 nostras
1279 1348 1415 1390 sedes?
1447 1351 1590 1389 Pallas
1620 1352 1787 1388 clamans
1804 1350 1887 1388 hoec
1907 1348 2051 1396 verba,
2069 1359 2159 1397 per-

329 1400 429 1438 cutit
445 1401 572 1450 clypeo
587 1401 729 1449 infesto
741 1414 854 1451 equos
872 1402 1065 1451 cupientes
1079 1404 1265 1451 transire,
1284 1408 1322 1441 et
1341 1407 1557 1442 remoratur
1573 1404 1647 1440 hos
1662 1402 1854 1440 obstaculo
1866 1400 2160 1450 scuti‚instans-

326 1464 398 1501 que
425 1453 613 1492 absterret
631 1455 870 1504 serpentibus
904 1455 1079 1492 Medusae
1110 1454 1371 1501 sibilantibus,
1403 1459 1519 1504 atque
1547 1454 1646 1502 tegit
1669 1453 1980 1504 opposilaJ'uba:
2007 1452 2158 1502 sagitta

320 1509 489 1554 paratur
501 1508 553 1545 ad
570 1509 720 1557 vulnus,
739 1511 777 1545 et
791 1506 964 1555 opposita
985 1506 1156 1546 illustrat
1175 1518 1313 1544 curras
1327 1506 1532 1551 obsear·os;
1562 1505 1695 1554 etfere
1705 1506 1854 1553 fuisset
1873 1509 2063 1558 contorta,
2080 1505 2160 1544 nisi

1100 1645 1395 1661 00000000000

1919 1716 1937 1734 ἱ

327 1742 461 1794 quint.
482 1740 671 1791 deformes
694 1743 824 1784 Furia»
842 1743 964 1785 Voss.
985 1758 1048 1796 pr.
1067 1745 1205 1785 Lelhae
1237 1758 1313 1797 per
1333 1746 1522 1788 dativum
1553 1746 1726 1798 legebat
1756 1744 2045 1785 Heins.—219
2074 1746 2162 1785 Na·-

328 1796 436 1835 mina
457 1802 543 1835 tres
563 1798 682 1836 Vatt.
698 1798 888 1838 Florent.
903 1799 987 1838 duo
1005 1800 1123 1839 Med.
1145 1800 1228 1839 duo
1245 1799 1395 1840 Heius.
1411 1802 1519 1852 Reg.
1535 1801 1637 1841 Put.
1652 1801 1815 1840 Bonon.
1829 1799 1999 1839 Tholas.
2011 1798 2162 1839 Ambr.

331 1854 432 1889 tert.
450 1851 551 1889 Vat.
585 1851 720 1890 Livin.
742 1851 823 1890 duo
844 1852 944 1892 Jun.
979 1853 1159 1893 totidem
1183 1855 1325 1893 Oxon.
1349 1859 1393 1894 et
1412 1856 1535 1894 Voss
1567 1860 1654 1893 tres
1690 1855 1840 1893 l’etav.
1876 1855 1980 1892 Exn.
2008 1852 2161 1894 PetaV.

329 1908 468 1955 quart.
497 1904 669 1943 Nomina
688 1917 739 1943 ex
761 1906 1009 1956 conjectura
1036 1907 1103 1946 ed.
1119 1907 1262 1946 Parm.
1286 1908 1471 1947 Flumina
1492 1908 1591 1947 vat.
1623 1907 1663 1947 d.
1684 1906 1804 1947 Laid.
1826 1919 1904 1958 pro
1933 1906 2052 1944 varia
2077 1906 2164 1945 lec-

331 1956 469 2007 tione,
489 1962 533 1996 et
552 1958 611 1996 ita
633 1959 729 1997 olim
765 1959 1022 1999 edith-220
1053 1961 1211 1999 Fratris
1233 1961 1299 1999 vel
1331 1962 1497 2001 Nostras
1517 1962 1657 2001 Oxon.
1676 1964 1898 2000 sea—221
1927 1962 2167 2010 contemptus

330 2009 395 2048 abi
414 2010 515 2049 Put.
540 2011 786 2063 Reg.—222
815 2025 882 2052 cur
900 2013 1066 2065 proterit
1097 2015 1202 2053 Exn.
1230 2016 1378 2054 Petav.
1401 2021 1542 2067 quart.
1572 2014 1740 2065 proteris
1758 2015 1823 2053 vel
1851 2013 2051 2065 protrahis
2070 2013 2165 2052 Vat.

330 2067 553 2103 sem—223
571 2065 684 2103 avido
703 2067 873 2105 transire
898 2068 1124 2107 Pam—226
1141 2069 1362 2108 Proetentas
1372 2070 1496 2118 operit
1512 2068 1631 2108 crista
1650 2068 1751 2108 Jun.
1765 2079 1850 2106 sec.
1874 2067 2166 2117 Praetentasque

329 2117 459 2167 aperit
477 2118 618 2157 cristas
636 2119 825 2158 Florent.
848 2120 953 2159 Exn.
973 2120 1094 2159 Laeti.
1113 2121 1389 2173 Proetentaqae
1405 2122 1531 2172 operit
1548 2122 1668 2160 crista
1698 2122 1781 2159 dno
1804 2120 1921 2159 Med.
1938 2119 2089 2159 Heius.
2106 2117 2163 2158 H.

331 2168 432 2209 Put.
453 2170 558 2221 Reg.
593 2172 755 2209 Bonon.
782 2171 956 2211 Tholos.
977 2173 1126 2211 Ambr.
1147 2180 1248 2212 tert.
1267 2175 1368 2215 Jun.
1391 2187 1454 2225 pr.
1475 2176 1597 2213 Voss.
1619 2186 1683 2224 pr.
1704 2173 1788 2212 duo
1810 2173 1951 2212 Oxou.
1974 2177 2063 2211 tres
2082 2172 2165 2212 Pe-

332 2227 418 2262 taV.
445 2222 551 2262 Exn.
587 2224 738 2263 petav.
769 2231 908 2275 quart.
942 2226 1009 2264 ed.
1045 2225 1188 2265 Parm.
1223 2233 1268 2265 et
1304 2227 1444 2266 Vicet.
1483 2227 1757 2275 Proetenlaque
1790 2226 1916 2275 operit
1941 2227 2049 2275 palla
2079 2225 2162 2265 inc.

333 2275 485 2314 Heius.
523 2277 801 2326 Praetentaque
819 2277 943 2328 operit
962 2277 1074 2316 hasta
1093 2279 1151 2316 vel
1166 2278 1271 2328 palla
1290 2279 1392 2317 Var.
1412 2278 1496 2317 LL.
1517 2291 1540 2317 e
1563 2290 1695 2330 marg.
1715 2278 1860 2316 Parm.
1878 2281 2003 2328 operit
2024 2289 2168 2318 omnes

330 2329 453 2367 Vatt.
472 2334 518 2367 et
530 2328 636 2368 Cod.
652 2330 886 2369 Bartholin.
906 2330 1083 2369 vibratur
1099 2342 1176 2381 pro
1195 2330 1362 2369 libratur
1377 2332 1477 2370 Vat.
1492 2330 1989 2382 quint.—-228penasoret
2012 2332 2162 2372 Petav.

329 2392 416 2420 sec.
446 2382 591 2421 aethere
607 2394 752 2421 summo
767 2383 867 2423 Vat.
886 2396 953 2435 pr.
971 2390 1015 2423 et
1032 2395 1116 2423 sec.
1133 2384 1239 2423 Cod.
1256 2384 1494 2424 Bartholin.
1508 2396 1659 2435 aequore
1677 2397 1823 2423 summo
1836 2385 1958 2424 Voss.
1980 2396 2043 2436 pr.
2063 2386 2167 2424 vulso

332 2435 493 2475 Moret.
512 2448 578 2486 pr.
610 2437 706 2475 celso
728 2437 882 2476 Petav.
899 2449 962 2488 pr.
994 2439 1123 2489 lapsus
1153 2438 1323 2478 Tholos.
1353 2438 1493 2478 missas
1512 2439 1612 2478 Vat.
1632 2443 1731 2478 tert.
1751 2437 1890 2477 missas
1905 2438 2005 2477 Vat.
2028 2444 2169 2490 quart.

332 2489 442 2540 Reg.
464 2489 606 2529 Oxon.
629 2501 692 2540 pr.
703 2489 815 2538 ⁸iusso
837 2491 917 2530 inc.
938 2491 1090 2530 Heius.
1111 2491 1225 2531 misso
1244 2491 1344 2530 Vat.
1365 2493 1407 2531 d.
1428 2491 1524 2531 Pal.
1546 2492 1737 2531 Floreat.
1757 2491 1841 2531 duo
1868 2491 1987 2532 Med.
2021 2491 2167 2532 Heius.

334 2542 395 2581 H.
412 2542 517 2582 Put.
535 2544 696 2583 Bonon.
712 2544 739 2584 J
745 2556 815 2583 un.
836 2556 899 2595 pr.
919 2543 1003 2583 duo
1025 2545 1181 2584 Petav.
1199 2546 1303 2584 Exc.
1332 2545 1486 2585 Petav.
1506 2550 1643 2597 quart.
1662 2557 1808 2585 summo
1827 2545 1895 2584 vel
1926 2545 2042 2584 misso
2066 2546 2170 2585 Vnt.

335 2594 471 2647 quint.
489 2598 595 2636 vulso
609 2597 714 2649 legit
730 2598 950 2650 Heinsius,
965 2598 1039 2651 qui
1056 2598 1256 2651 ascripsit
1273 2612 1283 2637 ε
1302 2600 1313 2621 ‘
1330 2599 1389 2639 sic
1409 2600 1544 2639 vellere
1562 2599 1702 2639 moenia
1716 2611 1844 2651 supra
1857 2610 1915 2639 vs.
1926 2601 2170 2639 mal—229

1169 2719 1345 2760 NOTAE

389 2821 469 2861 220
497 2822 677 2864 Alienum
697 2825 858 2876 sortem]
901 2826 1218 2868 Haereditatem
1341 2831 1421 2867 226
1445 2826 1740 2878 Praetentaque]
1759 2825 1812 2866 Id
1825 2829 1907 2878 est,
1920 2825 2065 2865 Pallas
2079 2836 2167 2864 um-

337 2889 383 2923 et
415 2885 641 2937 imperium
674 2889 811 2939 Jovis,
843 2890 956 2942 quod
985 2891 1070 2943 ipsi
1100 2898 1217 2932 sorte
1284 2891 1363 2932 bra
1380 2891 1476 2932 coni
1501 2903 1577 2931 seu
1607 2891 1751 2942 clypei
1782 2889 2027 2942 oppositum
2061 2887 2170 2939 tegit

335 2947 531 2998 ⁰0¹¹figit·
1286 2955 1531 2995 Plutonem.

390 3011 469 3047 225
501 3009 789 3064 G⁰⁷⁸g⁰²1ei⁸que
830 3027 1009 3065 premens
1043 3018 1220 3062 assibilat
1339 3017 1550 3069 Libratur]
1615 3015 1894 3069 Componitnr
1929 3019 2060 3066 atque
2097 3025 2174 3065 pa-

336 3068 493 3122 hlldffl]
521 3071 666 3111 Panas
686 3074 729 3112 in
747 3075 915 3126 AEgide,
935 3091 1010 3119 seu
1031 3086 1152 3121 scuto
1174 3088 1220 3122 et
1292 3087 1414 3121 ratur
1447 3081 1502 3120 ad
1533 3081 1666 3120 ictum
1696 3088 1771 3118 seu
1803 3077 1954 3117 vulnus
1987 3075 2170 3116 inferen-

337 3139 534 3185 pectore,
545 3134 700 3175 dicitur
714 3143 882 3188 gestare
898 3149 1122 3192 serpentes
1134 3145 1223 3183 Me·
1291 3143 1405 3183 dum.

340 3197 477 3251 dusae,
507 3212 600 3252 quae
629 3206 696 3240 est
725 3213 810 3240 una
843 3203 1117 3256 Gorgonum;
1150 3207 1220 3258 qui
1342 3208 1421 3246 22⁷
1451 3202 1672 3254 Fraxinus]
1721 3202 1861 3242 Hasta
1898 3214 1972 3242 seu
2010 3201 2170 3255 sagitta

339 3268 564 3316 serpentes
583 3265 636 3305 ad
656 3270 818 3306 motum
837 3267 1027 3308 Palladis
1046 3270 1109 3310 ita
1121 3270 1220 3310 sibi·
1289 3269 1406 3311 facta
1424 3281 1478 3309 ex
1496 3267 1663 3308 fraxino
1684 3267 1849 3307 arbore.

338 3327 446 3379 lant,
466 3333 514 3368 ut
528 3327 623 3380 ipsa
633 3339 708 3369 eos
721 3329 923 3382 animare,
940 3338 986 3372 et
1002 3344 1097 3374 cum
1116 3333 1219 3386 ipsis
1341 3331 1564 3382 maminot]
1591 3331 1728 3371 Hasta
1743 3342 1892 3370 currus
1912 3330 2057 3381 nigros
2077 3329 2171 3371 illu-

342 3390 561 3432 assibilare
579 3391 792 3433 videatur.
1288 3399 1397 3436 strat
1416 3407 1492 3436 suo
1506 3394 1753 3449 splendore,
1766 3393 1867 3447 quia
1883 3394 2070 3435 coelestis
2087 3397 2173 3434 est.
