2300 3906
324 151 434 206 672
878 162 974 202 ci..
1013 156 1364 200 anumANl
1405 156 1590 194 xxiv.

325 282 499 348 Quod
524 297 809 350 nunquam
829 281 1054 347 pereant
1077 273 1298 328 stellae‘t
1338 273 1491 341 quod
1513 272 1733 340 Jupiter
1757 271 1928 324 altum

322 365 616 420 Possideat
640 363 880 418 coelum?
921 359 1073 429 quod
1098 358 1306 411 noverit
1331 358 1516 411 omnia
1541 357 1791 410 Phoebus
1808 357 1833 409 'l

323 452 428 505 Est
447 449 668 518 aliquod
691 448 872 500 meriti
895 445 1158 514 spatium,
1184 443 1333 511 quod
1358 443 1508 494 nulla
1530 442 1757 494 furentis

325 535 559 589 Invidiae
584 548 836 585 mensura
859 531 1032 598 capit.
1110 527 1448 580 Ductoribus
1469 526 1581 578 illis

326 620 602 672 Praeterea
625 617 840 669 divisus
866 619 984 667 erat
1007 613 1182 665 favor.
1260 611 1499 678 AEquior
1520 610 1617 661 ille
2072 608 2144 660 45

325 703 607 766 PatribuS‚
632 701 844 754 invisus
870 700 1050 769 plebi:
1089 697 1447 766 popularibus
1473 695 1557 747 illi

325 786 549 839 Munito
575 785 773 838 studiis
796 784 1092 850 languebat
1117 783 1292 849 gratia
1317 781 1562 833 Patrum.

326 869 523 922 Omnis
542 871 599 922 in
618 870 727 920 hoc
746 883 860 919 uno
887 867 1051 918 variis
1075 864 1357 916 discordia
1382 864 1552 914 cessit

325 952 643 1007 Ordinibus.
715 951 962 1003 Laetatur
988 948 1194 1015 EqueS,
1228 947 1548 1015 plauditque
1576 943 1823 1008 Senator,

323 1035 581 1104 Votaque
607 1034 840 1103 patricio
864 1036 1074 1085 certant
1097 1029 1325 1099 plebeia
1348 1029 1543 1082 favori.
2076 1028 2148 1081 50

327 1118 376 1171 Ο
402 1119 558 1183 felix,
585 1122 802 1170 servata
825 1120 991 1170 vocat
1015 1131 1174 1183 quem
1198 1114 1383 1166 Roma
1408 1111 1716 1180 parentem!

328 1201 377 1253 Ο
405 1202 595 1255 mundi
617 1200 922 1254 communis
950 1214 1120 1262 amor,
1149 1199 1238 1250 cui
1261 1197 1458 1249 militat
1481 1197 1659 1248 onmis

325 1382 513 1431 invidere,
526 1382 625 1432 quod
639 1384 747 1421 ostra
762 1393 956 1432 nunquam
970 1377 1279 1430 extinguantur?
1309 1377 1422 1423 Quod
1435 1376 1594 1428 Jupiter
1610 1378 1738 1415 teneat
1758 1374 1904 1414 C'oelum
1930 1373 2151 1415 excelsum?

331 1436 444 1480 Quod
458 1436 594 1486 Apollo
608 1434 830 1485 cog-noverit
847 1431 1010 1473 cuncta?
1044 1434 1113 1472 Est
1130 1435 1232 1473 locus
1248 1431 1391 1482 aliquis
1413 1431 1586 1478 virtutis,
1605 1441 1715 1480 quem
1733 1429 1860 1468 nullus
1887 1430 2020 1468 modus
2048 1428 2150 1468 invi-

327 1490 405 1528 diae
421 1488 616 1528 saevientis
644 1488 822 1538 attingit.
877 1488 1040 1538 Insuper
1065 1485 1326 1526 benevolentia
1358 1484 1645 1523 Romanorum
1672 1482 1829 1532 partita
1857 1485 1942 1520 erat
1967 1482 2011 1520 in
2037 1483 2150 1522 duces

327 1541 428 1581 illos.
485 1542 557 1581 Ille
574 1541 737 1580 amicior
755 1545 847 1580 erat
866 1539 1137 1589 SenatoribuS,
1161 1540 1312 1578 odiosus
1334 1538 1475 1588 populo
1490 1550 1503 1575 .·
1529 1547 1638 1575 amor
1657 1535 1891 1574 Senatorum
1908 1533 2047 1574 debilis
2064 1539 2150 1574 erat

323 1595 367 1633 in
386 1595 484 1633 hunc
484 1594 637 1640 fretum
653 1606 782 1633 amore
798 1592 990 1645 populari.
1049 1591 1188 1630 Omnis
1214 1589 1398 1630 dissensio
1413 1591 1590 1629 ordinum
1605 1588 1843 1627 diversorum
1859 1599 2074 1638 compresso
2092 1592 2150 1627 est

329 1649 370 1686 in
388 1648 455 1686 hoc
471 1659 545 1686 uno
563 1647 813 1686 Stilichone.
870 1645 1036 1696 Equites
1046 1646 1236 1695 gaudent,
1250 1643 1456 1683 Senatores
1470 1645 1685 1692 gratantur
1706 1641 1820 1690 huic,
1839 1644 1877 1680 et
1894 1640 2015 1689 favor
2028 1641 2154 1691 plebis

327 1701 371 1738 in
392 1699 502 1739 hunc
521 1712 596 1738 non
613 1700 716 1738 cedit
726 1699 862 1747 favori
880 1699 1120 1738 Senatorum.
1178 1699 1215 1736 0
1225 1695 1432 1745 fortunate
1450 1695 1646 1745 Stilicho,
1662 1706 1772 1745 quem
1790 1695 1915 1733 Roma
1929 1698 2152 1734 conservata

328 1754 500 1805 appellat
508 1757 663 1804 patrem
676 1753 815 1792 suum!
838 1752 875 1791 Ο
887 1752 1039 1792 deliciae
1052 1762 1268 1791 communes
1280 1749 1387 1789 urbis
1396 1749 1415 1790 Ι
1435 1761 1513 1801 pro
1532 1761 1604 1800 quo
1618 1752 1703 1788 tota
1716 1747 1852 1787 Gallia
1863 1751 2029 1800 pugnat,
2042 1759 2154 1799 quem

1092 1867 1387 1884 ‘OOOOO‘OI'OO

328 1951 429 1992 Jun.
451 1962 517 2001 pr.
550 1950 672 1990 Leid.
705 1963 790 1991 sec.
823 1951 932 1990 Exc.
964 1950 1251 1991 Gevart.—41
1274 1954 1439 2001 pereunt
1458 1951 1587 1990 Farn.
1615 1949 1735 1989 Prie.
1766 1947 1918 1988 Ambr.
1950 1959 2019 1999 pr.
2049 1946 2154 1987 Put.

330 2005 483 2043 Petav.
502 2009 599 2044 tert.
618 2005 781 2044 Bonon.
799 2004 968 2044 Tholos.
987 2004 1094 2043 Exc.
1116 2004 1298 2045 Lucens.
1331 2016 1397 2055 pr.
1426 2007 1592 2055 pereunt
1611 2004 1677 2043 vel
1703 2007 1865 2055 pereant
1898 2001 2037 2042 Oxou.
2066 2012 2153 2040 sec.

320 2057 476 2107 jugiter
507 2056 766 2108 conjiciebat
795 2057 946 2097 Heius.
981 2058 1103 2096 altum
1134 2057 1237 2097 Vat.
1276 2069 1341 2108 pr.
1373 2061 1420 2096 et
1452 2062 1557 2097 tert.
1588 2056 1709 2097 Med.
1743 2068 1827 2096 sec.
1855 2056 1962 2107 Reg.
1992 2055 2155 2094 Matar.

331 2112 486 2150 PetaV.
508 2116 606 2149 tert.
626 2110 789 2150 Bonon.
804 2110 976 2149 Tholos.
995 2108 1145 2149 Ambr.
1163 2122 1229 2161 pr.
1250 2107 1389 2149 Oxou.
1406 2121 1489 2149 sec.
1509 2111 1617 2150 Exc.
1638 2110 1803 2150 Schott.
1822 2108 1917 2149 olim
1934 2114 2022 2148 tres
2036 2108 2156 2148 Vatt.

331 2162 425 2203 Pal.
444 2163 569 2203 Farn.
587 2163 705 2202 Pric.
725 2163 859 2203 Oisel.
878 2164 970 2202 olim
989 2163 1059 2202 vel
1076 2163 1198 2202 altum
1217 2163 1359 2203 Oxou.
1381 2175 1463 2202 sec.
1482 2175 1598 2202 unum
1617 2175 1764 2203 manus
1781 2163 1911 2202 docta
1928 2161 1972 2201 in
1990 2173 2066 2201 ora
2085 2159 2154 2200 ed.

330 2216 580 2256 Vicet.—42
609 2217 839 2255 Possideant
858 2217 956 2256 Vat.
989 2228 1075 2256 sec.
1095 2215 1207 2269 quod
1239 2215 1442 2268 placebat
1471 2215 1666 2268 Heinsio,
1697 2221 1747 2255 ut
1777 2227 1932 2266 nempe
1953 2215 2008 2254 ad
2025 2214 2157 2254 stellas

330 2268 559 2309 referatur.
577 2270 739 2308 moverit
756 2270 782 2311 J
789 2281 858 2308 un.
878 2281 944 2320 pr.
962 2273 1121 2309 noverat
1138 2270 1299 2309 Mazar.
1314 2269 1483 2309 'rholos.
1501 2269 1621 2308 Leid.
1644 2281 1709 2320 pr.
1727 2281 1783 2308 m.
1804 2270 1978 2318 pin—43
2006 2265 2156 2318 aliquid

331 2322 455 2361 Farn.
476 2323 592 2361 Rott.
612 2324 777 2363 Bonon.
793 2323 959 2362 Tholos.
975 2323 1094 2362 Leid.
1114 2335 1198 2362 sec.
1219 2323 1339 2362 menti
1358 2335 1436 2374 pro
1450 2322 1582 2362 meriti
1601 2323 1724 2362 Rott.
1744 2321 1898 2361 meritis
1910 2320 2030 2360 Med.
2050 2325 2154 2359 tert.

331 2387 386 2414 m.
419 2387 484 2426 pr.
513 2380 559 2415 et
591 2375 651 2414 sic
683 2376 766 2427 leg.
799 2375 1056 2415 Heins.-45
1085 2376 1260 2415 diversus
1288 2387 1432 2415 omnes
1450 2376 1573 2415 vatt.
1606 2376 1702 2415 Pal.
1737 2375 1858 2415 Rott.
1879 2374 2012 2414 Oisel.
2043 2373 2152 2412 Exc.

333 2429 568 2468 Laeti.—46
613 2428 750 2467 invisis
780 2428 938 2469 Moret.
970 2440 1054 2468 sec.
1086 2441 1141 2468 m.
1172 2441 1238 2480 pr.
1265 2428 1388 2480 plebis
1420 2428 1541 2468 Leid.
1575 2431 1749 2480 piu—4⁷
1776 2426 1905 2477 glorio
1938 2426 1995 2466 id.
2033 2424 2156 2466 Leid.

331 2484 438 2521 —48
465 2485 508 2520 ot
544 2482 613 2521 hoc
645 2482 811 2522 Bonon.
843 2482 1046 2521 concordia
1092 2482 1229 2521 crescit
1260 2482 1530 2522 'rhum-49
1557 2485 1713 2521 senatus
1746 2482 1871 2520 Voss.
1907 2478 2058 2520 Ambr.
2090 2490 2156 2530 pr.

334 2535 453 2574 Leid.
505 2546 588 2575 sec.
618 2536 724 2576 Exc.
755 2536 1047 2576 (levam—50
1093 2536 1233 2574 devota
1278 2547 1355 2586 pro
1389 2535 1540 2587 plebeia
1568 2536 1670 2574 Vat.
1711 2546 1799 2574 sec.
1833 2545 1891 2574 m.
1927 2545 1993 2585 pr.
2016 2531 2162 2581 favore

333 2587 427 2628 Pal.
461 2587 574 2629 Pric.
611 2589 727 2629 Rott.
758 2590 862 2630 Jun.
895 2601 964 2640 pr.
999 2589 1142 2629 Oxou.
1173 2601 1258 2629 sec.
1291 2594 1379 2628 tres
1412 2589 1536 2628 Med.
1560 2588 1644 2628 ine.
1677 2588 1829 2628 Heius.
1864 2588 1972 2637 Reg.
1997 2587 2158 2626 Thoan.

333 2641 496 2682 Mazar.
516 2641 666 2681 Ambr.
689 2654 774 2683 sec.
794 2643 956 2682 Moret.
991 2653 1078 2682 sec.
1097 2641 1218 2682 Leid.
1250 2654 1337 2683 sec.
1358 2643 1464 2682 Exc.
1497 2642 1674 2682 Gevart.
1704 2641 1806 2682 Var.
1827 2641 1912 2681 LL.
1933 2639 2002 2680 ed.
2024 2638 2155 2680 Antv.

330 2694 518 2745 patricios
534 2707 689 2735 canores
714 2696 871 2735 Moret.
891 2699 1064 2747 ρι’.-51
1096 2708 1206 2746 quem
1234 2696 1361 2735 Roma
1390 2699 1500 2735 vocat
1525 2699 1679 2735 servata
1697 2694 1726 2736 J
1731 2707 1800 2735 un.
1818 2706 1882 2747 ρι’.
1904 2693 2044 2734 Oxon.
2065 2703 2154 2732 sec.

336 2747 431 2787 Vat-
467 2760 553 2788 sec.
591 2748 686 2788 Pal.
720 2749 837 2788 Prie.
872 2749 996 2789 Med.
1033 2760 1098 2801 pr.
1130 2749 1288 2789 Moret.
1326 2761 1389 2800 pr.
1423 2753 1618 2800 potentem
1656 2748 1797 2789 Oxon.
1831 2759 1917 2787 sec.
1948 2758 2002 2787 m.
2037 2756 2156 2797 pr.—

332 2804 385 2840 52
411 2802 623 2842 communis
649 2803 716 2842 vel
743 2803 864 2843 totius
884 2802 1026 2844 Oxon.
1045 2814 1131 2843 sec.
1157 2803 1278 2843 honor
1307 2803 1406 2843 Pat.
1426 2815 1496 2854 quo
1524 2802 1592 2843 ed.
1611 2801 1863 2842 vicen—54
1890 2801 1931 2841 in
1949 2801 2156 2840 adventum

1163 2936 1339 2978 NOTAE

388 3038 442 3075 42
471 3034 637 3075 Noverit
657 3037 804 3089 omnia]
829 3037 917 3089 Sol,
935 3050 989 3078 ex
1003 3038 1211 3090 Homero,
1277 3037 1474 3078 diximus.

335 3099 476 3139 omnia
494 3100 634 3140 cernit
653 3106 697 3139 et
718 3101 852 3142 audit.
1331 3103 1382 3139 51
1431 3097 1660 3149 Parentem]
1706 3099 1982 3150 Symmachus
2025 3102 2158 3138 vocat

387 3166 439 3203 45
467 3163 634 3214 AEquior
645 3163 846 3216 patribus]
874 3163 1103 3220 Pompeius
1121 3169 1214 3204 tue·
1279 3163 1554 3204 Stilichonem
1576 3163 1773 3215 publicum
1785 3166 1999 3214 parentem,
2018 3173 2157 3214 neque

335 3225 463 3266 batur
486 3231 631 3278 partes
664 3226 933 3278 optimatum,
962 3228 1125 3267 Marius
1142 3239 1216 3279 po-
1278 3226 1420 3266 renuit
1437 3224 1481 3266 S.
1500 3224 1764 3264 Ambrosius.

336 3287 441 3340 puli,
459 3290 540 3328 διο.
1333 3291 1386 3326 52
1415 3287 1560 3326 Mundi
1589 3286 1714 3337 amor]
1742 3286 1927 3326 Deliciae
1945 3290 1992 3325 et
2010 3298 2158 3327 corcu-

389 3353 442 3390 50
458 3350 658 3403 Patricio]
682 3351 819 3404 Supra
835 3351 890 3392 de
904 3352 985 3393 hoc
1003 3352 1209 3394 vocabulo
1279 3351 1366 3391 lum
1381 3349 1546 3404 mundi,
1562 3355 1612 3390 nt
1626 3349 1751 3391 Titus
1769 3348 2027 3401 Imperator.
