2300 3906
977 567 1218 629 XXII·

634 813 808 887 CL.
854 813 1493 888 CLAUDIANI

459 1017 559 1070 IN
620 1018 999 1072 PRIMUM
1062 1019 1686 1088 CONSULATUM

293 1197 527 1291 FL.
631 1197 1842 1295 STILICHONIS

974 1410 1052 1464 V.
1096 1410 1159 1464 C.

822 1587 1149 1648 LIBER
1216 1588 1311 1648 ΙΙ.

830 1936 1288 1979 ARGUMENTUM.

193 2063 387 2105 Linum·
407 2062 586 2105 virtutes
606 2064 850 2106 Stilichonis
871 2065 911 2105 in
944 2078 1068 2118 pace,
1087 2065 1375 2117 clementiam,
1394 2065 1538 2117 fidem,
1546 2066 1773 2118 justitiam,
1792 2073 1837 2109 et
1858 2070 1977 2121 alias,

139 2142 234 2183 quae
254 2143 335 2171 nee
357 2132 577 2183 patiuntur
597 2133 833 2182 avaritiam,
852 2146 933 2174 nec.
952 2133 1246 2185 ambitionem,
1277 2145 1358 2174 nec
1379 2133 1460 2173 alia
1479 2133 1598 2175 vitia.
1653 2134 1830 2175 Stilicho
1851 2134 1973 2177 fovet

137 2196 341 2238 virtutem
362 2204 407 2238 et
426 2199 593 2250 Musas,
623 2211 706 2239 non
728 2201 986 2252 luxuriosus,
1007 2201 1083 2242 sed
1105 2201 1318 2251 liberalis3
1345 2213 1429 2240 non
1449 2200 1674 2253 superbus,
1692 2201 1766 2241 sed
1782 2199 1978 2254 affabilis,

136 2263 303 2316 doctus,
329 2263 514 2316 facetus,
547 2278 690 2307 amore
725 2272 771 2306 et
801 2268 951 2308 statuis
985 2268 1155 2320 dignm,
1185 2274 1232 2309 et
1263 2268 1477 2308 hominum
1509 2269 1786 2321 Deorumque
1811 2268 1973 2310 favore.

134 2329 251 2371 Hinc
291 2344 435 2372 omnes
473 2332 704 2384 provinciae
737 2333 887 2373 volunt
922 2335 1039 2375 inum
1071 2347 1221 2375 creare
1260 2334 1505 2385 Consulem,
1545 2334 1753 2386 Hispania
1785 2336 1970 2387 scilicet,

134 2396 292 2447 Gallia,
325 2399 561 2449 Britannia,
594 2398 760 2449 Africa,
792 2400 932 2440 Roma
968 2401 1076 2453 ipsa,
1110 2413 1203 2454 qnae
1239 2401 1294 2441 ob
1324 2401 1442 2441 illum
1472 2401 1515 2440 id
1547 2400 1679 2452 petit,
1709 2406 1756 2440 et
1785 2400 1968 2442 obtinet.

133 2463 338 2504 Gaudent
355 2464 568 2508 Proceres
586 2464 925 2519 Orbis‚Supe1-i:
965 2467 1040 2506 Sol
1074 2468 1164 2518 ipse
1198 2467 1318 2518 eligit
1350 2479 1429 2519 pro
1463 2467 1697 2507 Consulatu
1726 2467 1969 2509 stilichonis

132 2541 288 2570 annum
305 2542 497 2570 aureum.

130 2710 504 2782 HACTENUS
533 2731 759 2780 armatae
780 2727 1008 2780 laudes:
1047 2744 1192 2780 nunc
1221 2729 1478 2796 qualibus
1504 2730 1692 2782 orbem

179 2870 382 2911 Hactenus
410 2871 544 2922 gloria
573 2871 708 2911 bellica
738 2871 986 2912 Stilichonis
1020 2873 1238 2914 celebrata
1271 2878 1338 2914 est
1372 2886 1397 2912 a
1429 2873 1564 2915 nobis.
1627 2874 1746 2915 Nunc
1778 2875 1960 2916 Camoemz

898 2994 1193 3010 OOO‘OO‘OO‘OO

178 3058 231 3098 In
250 3060 349 3100 Vat.
368 3073 432 3112 pr.
451 3065 560 3109 erat,
579 3061 728 3113 Incipit
742 3062 837 3101 liber
855 3063 941 3101 scde
972 3065 1019 3102 de
1031 3063 1167 3102 Laude
1185 3063 1399 3104 Stiliconis.
1432 3064 1554 3106 Rott.
1574 3070 1618 3105 et
1636 3066 1744 3106 Exc.
1773 3066 1956 3106 Lucens.

121 3123 208 3153 sec.
235 3115 282 3153 de
303 3115 514 3154 Consulatu
534 3114 734 3154 stiliconis
765 3115 1020 3157 inscribunt.
1052 3118 1204 3157 Petav.
1239 3130 1303 3168 pr.
1333 3118 1524 3168 exhibet,
1556 3118 1754 3159 Secundus
1771 3119 1890 3160 Liber
1907 3121 1956 3159 de

123 3166 322 3207 Laudibus
338 3167 542 3208 stiliconis
559 3171 611 3208 ad
639 3170 914 3221 promotionem
947 3170 1021 3223 (m.
1043 3182 1128 3211 sec.
1146 3172 1390 3226 electionem)
1412 3173 1740 3214 Consulatus‚-1
1760 3185 1954 3214 annorum

952 3282 991 3322 N
998 3281 1127 3322 OTAE

329 3360 350 3396 1
379 3356 554 3400 Armate
572 3361 726 3413 mades]
770 3362 854 3404 Hae
875 3367 975 3403 sunt
995 3374 1101 3415 quas
1119 3362 1200 3403 sibi
1222 3368 1443 3417 comparat
1462 3363 1526 3404 vir
1542 3367 1741 3404 armatus.
