2300 3906
683 218 762 256 nn
803 215 887 255 vr.
927 215 1102 255 cous.
1146 216 1378 259 norton,
1827 206 1935 258 805

122 333 268 401 Ergo
293 335 390 386 ubi
414 336 700 402 praeclusae
726 337 854 396 voci
877 338 1068 389 laxata
1092 337 1297 389 remisit
1828 333 1937 387 265

125 417 321 469 Fraena
346 419 523 481 dolor,
549 423 705 470 notas
731 420 909 471 oculis
931 421 1279 473 humentibus
1300 418 1474 489 Alpes

122 500 363 568 Aspicit,
391 506 445 553 et
468 502 696 552 nimium
723 503 927 555 diversi
953 504 1181 556 stamine
1203 503 1304 556 fati

123 584 435 636 Praesentes
459 585 682 648 redituS,
706 587 1116 655 fortunatosque
1141 588 1374 640 revolvit

122 669 425 735 Ingressus.
500 668 632 721 Solo
659 687 926 737 peragens
948 687 1073 723 cum
1098 687 1367 723 murmure
1390 671 1610 735 bellum,

123 751 382 804 Protento
407 752 598 803 leviter
622 754 900 821 frangebat
926 756 1131 806 moenia
1157 759 1344 816 conte,
1832 755 1939 810 270

123 834 360 887 Irridens
386 839 678 903 scopulos:
717 855 860 891 nunc
887 839 1167 892 desolatus
1193 843 1247 891 et
1272 855 1479 908 exspes

124 921 329 973 Debita
354 921 576 988 pulsato
603 923 778 975 reddit
803 924 1117 992 spectacula
1142 926 1332 976 monti.

122 1005 281 1057 Tunc
307 1005 390 1056 sic
416 1004 729 1058 Ausonium
753 1015 1074 1075 respectans
1102 1010 1310 1062 aethera
1333 1010 1507 1064 fatur:

195 1088 327 1140 Heu
350 1091 498 1156 regio
522 1090 738 1143 funesta
763 1091 921 1144 Getis
944 1095 955 1145 ἔ
998 1094 1129 1145 Heu
1159 1100 1300 1146 terra
1323 1095 1554 1146 sinistris

122 1171 386 1239 Auguriis
411 1175 633 1226 calcata
657 1175 822 1227 mihi!
862 1179 1060 1229 satiare
1082 1182 1373 1230 nocentum
1837 1175 1945 1232 275

121 1335 234 1374 quam
260 1335 401 1362 moeror
427 1324 578 1363 laxavit
607 1324 790 1375 habenas,
816 1325 934 1365 dictis
954 1325 1167 1377 impeditis,
1183 1331 1332 1377 spectat
1366 1329 1484 1367 oculis
1510 1328 1812 1380 lacrymantibus
1828 1327 1949 1379 Alpes

120 1376 296 1427 cognitas
322 1377 417 1428 sibi,
436 1381 474 1416 ct
490 1377 566 1430 filo
586 1376 674 1426 fati
700 1378 819 1418 nimis
844 1380 1003 1429 mutati,
1031 1384 1187 1419 revocat
1208 1380 1249 1418 in
1269 1386 1458 1419 mentem
1481 1380 1629 1420 abitum
1644 1386 1889 1431 prasentem,
1908 1385 1948 1420 et

119 1431 271 1470 aditum
289 1431 388 1470 olim
396 1430 569 1479 felicem.
631 1433 738 1471 Tunc
756 1445 833 1472 una
851 1445 939 1472 voce
969 1433 1171 1486 perficiens
1192 1434 1344 1484 puelia,
1364 1433 1561 1485 quatiebat
1590 1434 1703 1473 urbes
1722 1434 1834 1473 hasta
1852 1434 1949 1473 leni-

119 1486 182 1522 ter
195 1488 389 1534 porrecta,
406 1487 630 1535 despectans
647 1490 779 1524 cautes
794 1500 810 1533 ,·
839 1491 883 1525 at
898 1499 998 1526 nunc
1016 1487 1186 1539 afflictus
1201 1491 1239 1526 et
1256 1487 1339 1526 sine
1357 1500 1423 1538 spe
1439 1488 1568 1527 reddit
1594 1489 1854 1538 spectaculum
1871 1498 1950 1526 me-

118 1537 241 1576 ritum
250 1537 385 1585 fracto
401 1539 547 1577 monti:
574 1542 658 1577 tum
675 1539 864 1590 aspiciens
881 1541 1017 1579 caelum
1036 1541 1196 1589 Italum,
1214 1541 1275 1580 ita
1301 1541 1498 1592 loquitur:
1537 1540 1654 1580 Heu!
1688 1545 1794 1580 terra
1808 1540 1951 1589 fatalis

124 1589 269 1629 Getis!
295 1591 368 1631 heu
387 1595 495 1630 terra
510 1593 733 1642 proculcata
751 1592 848 1632 mihi
863 1593 1048 1643 auspiciis
1066 1592 1317 1641 infelicibus!
1343 1596 1398 1633 sis
1426 1598 1604 1634 saturata
1633 1594 1834 1643 stragibus
1864 1605 1949 1632 son-

891 1708 1187 1725 θθθθθθθθθθθθ

121 1794 322 1842 pr.-——265
352 1791 520 1830 remittit
539 1792 783 1843 Reg.—-266
810 1796 991 1844 notasque
1022 1793 1149 1832 Farn.
1203 1797 1316 1833 notas
1351 1793 1442 1831 sine
1477 1793 1647 1843 copula,
1679 1792 1764 1831 duo
1798 1792 1950 1834 Leidd.

122 1856 219 1883 cum
241 1845 393 1894 viginti
427 1845 606 1894 duobus,
638 1846 741 1884 Exc.
776 1846 956 1885 Gevart.
989 1846 1091 1885 Var.
1126 1847 1211 1886 LL.
1245 1858 1269 1885 e
1301 1858 1434 1896 marg.
1465 1847 1739 1885 Pomm—267
1770 1846 1953 1896 Adspicis

120 1897 224 1939 Jun.
246 1907 310 1947 pr.
333 1897 474 1936 Oxon.
497 1910 580 1937 sec.
626 1900 777 1937 diverso
797 1899 890 1938 Pal.
910 1898 1029 1939 Med.
1049 1911 1113 1950 pr.
1158 1900 1328 1938 stamina
1348 1900 1505 1938 Moret.
1526 1902 1726 1948 piu—268
1756 1899 1954 1938 Proesenti

120 1950 223 1991 Jun.
245 1963 311 2000 pr.
334 1950 474 1990 Oxon.
489 1962 573 1989 sec.
601 1952 759 1991 resolvit
776 1952 860 1991 duo
879 1953 1002 1991 Vatt.
1045 1953 1196 1991 revellit
1217 1952 1317 1992 Pnt.
1356 1952 1493 1991 revisit
1512 1953 1616 1991 Vat.
1637 1958 1738 1991 tert.
1759 1963 1814 1991 m.
1831 1964 1952 2001 pr.—

122 2007 203 2044 269
227 2004 385 2055 peragit
406 2003 525 2042 Med.
548 2010 686 2055 quart.
728 2017 922 2055 peragens
950 2005 1017 2043 vel
1033 2018 1251 2055 peragrans
1270 2006 1388 2044 Med.
1410 2011 1507 2044 tert.
1549 2016 1635 2044 cum
1655 2016 1847 2043 murmure
1865 2010 1953 2044 tres

122 2059 244 2097 Vatt.
263 2057 358 2096 Pal.
381 2057 497 2096 Prie.
521 2057 618 2097 Vat.
638 2070 720 2098 sec.
737 2071 790 2097 m.
812 2070 897 2097 sec.
944 2062 1028 2097 tam
1051 2059 1171 2097 Farn.
1193 2063 1280 2097 tres
1311 2058 1465 2097 Petav.
1493 2058 1657 2097 Tholas.
1687 2057 1836 2096 Ambr.
1868 2068 1954 2097 sec.

124 2111 228 2150 Lov.
250 2111 408 2150 Mor-et.
428 2122 512 2150 sec.
531 2110 672 2150 Oxon.
691 2123 776 2151 sec.
800 2111 904 2151 Exc,
924 2111 1107 2151 Lucens.
1122 2124 1188 2161 pr.
1226 2115 1319 2150 tanc
1336 2112 1439 2150 Vat.
1457 2123 1520 2161 pr.
1540 2111 1657 2150 Rott.
1680 2111 1818 2151 Oisel.
1834 2110 1954 2149 Med.

123 2176 208 2204 see.
231 2164 335 2215 Reg.
360 2165 515 2204 Moret.
538 2162 723 2215 pr.'Juu.
754 2170 800 2203 et
827 2164 971 2203 Oxon.
1005 2177 1069 2215 pr.
1102 2164 1187 2204 duo
1217 2163 1369 2204 Leidd.
1404 2165 1510 2203 Exc.
1546 2164 1723 2203 sievart.
1746 2164 1848 2202 Var.
1868 2163 1953 2203 LL.

124 2218 191 2257 ed.
212 2216 478 2257 ΔΝΜ-270
512 2218 590 2257 Pro
607 2222 716 2258 tanto
747 2218 904 2257 Petav.
939 2229 1025 2258 sec.
1062 2218 1205 2257 Oxon.
1242 2230 1328 2258 sec.
1371 2218 1481 2256 Proh
1500 2219 1638 2257 leviter
1655 2221 1767 2256 tanto
1784 2217 1955 2257 Thalos.

126 2271 233 2310 Proh
246 2274 357 2311 tanto
377 2271 538 2311 Moret.
559 2284 644 2311 sec.
689 2272 876 2310 Pertento
895 2271 999 2310 Put.
1022 2270 1166 2311 Oxou.
1189 2283 1256 2323 pr.
1287 2271 1393 2310 Proh
1407 2275 1517 2310 tanto
1538 2271 1606 2310 vel
1628 2271 1828 2309 Praetento
1846 2271 1953 2321 Reg.

123 2329 261 2376 canpto
279 2325 379 2366 Jun.
402 2337 464 2375 pr.
492 2329 607 2364 cunto
625 2325 745 2364 Leid.
761 2336 847 2365 sec.
876 2336 1015 2375 expers
1031 2329 1119 2363 tres
1137 2325 1261 2364 Vatt.
1273 2324 1405 2365 Farn.
1427 2325 1510 2363 duo
1525 2323 1645 2364 Med.
1665 2324 1772 2373 Reg.
1791 2323 1953 2362 Thuan.

123 2378 286 2419 Mazar.
322 2379 476 2417 Petav.
510 2391 598 2418 sec.
630 2378 770 2418 Oxou.
803 2381 1003 2428 pr.—27l
1034 2389 1174 2428 expers
1204 2377 1271 2415 vel
1303 2389 1440 2428 exspes
1456 2378 1555 2416 Vat.
1578 2378 1815 2426 tert—272
1842 2376 1955 2415 reddi

124 2433 384 2472 Fara—273
418 2432 514 2471 Tum
534 2432 668 2471 Oisel.
715 2430 885 2471 Aonium
903 2429 1005 2470 Jun.
1024 2442 1090 2481 pr.
1130 2429 1301 2469 Aoniam
1329 2430 1434 2480 Reg.
1474 2432 1725 2480 prospectans
1750 2428 1850 2468 Pat.
1893 2429 1958 2468 de·

122 2488 299 2535 spectans
318 2485 476 2524 Moret.
508 2497 571 2535 pr.
603 2485 706 2524 Var.
728 2485 814 2523 LL.
848 2483 916 2522 ed.
952 2482 1085 2523 Antv.
1129 2482 1235 2522 dixit
1255 2494 1332 2534 pro
1342 2482 1462 2529 fatur·
1482 2483 1581 2521 Put.
1600 2482 1700 2522 Pat.
1725 2480 1872 2520 Ambr.
1889 2493 1954 2532 pr.

125 2538 276 2577 Sclied.
304 2537 557 2578 Gud.—274
586 2537 687 2587 legio
721 2538 847 2577 Farn.
889 2537 1007 2586 genio
1042 2535 1139 2575 Vat.
1174 2548 1239 2587 pr.
1272 2548 1328 2575 m.
1357 2539 1554 2587 pin—275
1582 2536 1728 2575 sociare
1757 2534 1858 2577 Jun.
1888 2545 1954 2586 pr.

958 2656 1135 2698 NOTAE

178 2769 258 2807 265
287 2766 517 2818 Proeclusoe]
547 2767 660 2807 Nam
679 2766 852 2806 maximi
879 2764 1008 2805 affec·
1129 2768 1208 2807 272
1254 2763 1420 2814 Debita]
1471 2763 1662 2803 Alaricus
1709 2760 1893 2802 afflictus
1931 2774 1957 2802 a

125 2836 194 2870 tus
232 2843 380 2870 vocem
414 2830 682 2882 praeeludere
715 2836 761 2870 et
798 2829 1008 2882 impedire
1078 2828 1272 2878 Nemesi,
1312 2826 1454 2866 reddit
1501 2826 1795 2879 spectaculpm
1832 2824 1957 2864 meri-

126 2894 292 2933 solent:
323 2895 483 2932 etenim
509 2905 563 2932 ex
591 2893 824 2944 doloribus,
858 2896 869 2915 ‘
891 2893 1008 2932 leves
1078 2897 1168 2931 tum
1186 2890 1368 2941 Alpibus
1389 2902 1414 2929 a
1437 2900 1482 2928 se
1511 2889 1620 2928 male
1652 2887 1827 2939 pulsatis
1850 2885 1959 2927 frac-

125 2955 370 3008 loquuntur,
386 2956 583 3006 ingentes
603 2955 810 3007 stupent.'
1077 2954 1231 3006 nisque.
1275 2953 1407 2994 Quasi
1428 2956 1516 2991 tum
1536 2950 1670 3002 Alpes
1689 2951 1961 3000 laetarentur,

180 3021 262 3058 266
277 3016 417 3068 Alpes]
447 3018 620 3057 Partem
636 3018 809 3069 Alpium
829 3031 1008 3070 vergen·
1078 3017 1190 3069 quod
1223 3014 1435 3064 Nemesis,
1469 3027 1564 3067 quae
1598 3013 1788 3053 vindicat·
1820 3012 1962 3052 omnia

128 3078 215 3121 te'm
236 3080 280 3119 in
300 3081 510 3133 Illyriam‚
532 3093 614 3133 qua
635 3081 849 3132 ingressus
868 3080 1010 3120 fuerat
1078 3091 1229 3131 magna
1254 3085 1298 3118 et
1318 3079 1435 3118 dicta
1463 3081 1507 3117 et
1535 3075 1665 3127 facta,
1686 3082 1788 3116 tune
1823 3074 1961 3115 Alari-

129 3142 342 3184 Alaricus.
1079 3157 1173 3184 cum
1194 3143 1382 3194 puniret.

181 3210 260 3248 267
290 3207 489 3258 Stamine]
531 3207 622 3247 Filo
651 3212 695 3247 et
731 3207 882 3247 ordine
917 3206 1009 3254 fati,
1143 3212 1221 3248 275
1265 3205 1445 3257 Saliare]
1502 3205 1590 3245 Per
1641 3203 1960 3245 concessionem

129 3281 205 3308 seu
228 3270 474 3322 Parcarum,
493 3277 672 3311 mutato.
1079 3283 1264 3311 amaram
1285 3269 1481 3310 Alaricus
1511 3273 1636 3320 optat
1662 3274 1708 3307 ut
1738 3266 1865 3306 Italia
1893 3275 1958 3304 sa-

183 3334 264 3371 269
291 3331 383 3371 Solo
400 3335 615 3386 murmure]
648 3334 743 3374 Una
771 3345 892 3387 voce,
910 3345 1011 3385 uno,
1080 3335 1212 3373 tietur
1228 3332 1314 3372 suis
1327 3331 1537 3383 cladibus,
1557 3335 1604 3370 et
1623 3335 1843 3369 moveatur
1861 3338 1959 3380 sup·

131 3401 180 3435 ut
198 3395 259 3435 lta
272 3395 430 3449 dicam,
443 3403 564 3438 motu
583 3397 756 3451 linguae.
1080 3396 1221 3451 pliciis
1237 3395 1335 3439 suis.
