2300 3906
327 251 432 302 510

897 260 993 298 CL.
1034 257 1387 298 cLAUDlANl
1434 256 1575 297 xlx.

326 391 575 443 Culmine
597 388 870 460 dejectum
895 391 1027 442 vitae
1052 390 1291 441 Fortuna
1315 388 1486 456 priori
2116 385 2151 435 5

395 474 684 538 Reddidit,
714 476 906 526 insano
925 475 1039 543 jam
1066 473 1272 525 satiata
1290 472 1440 539 joca
1785 480 1794 484 ·

323 557 583 611 Scindere
606 576 747 611 nunc
774 559 883 610 alia
907 557 1200 616 meditatur
1223 556 1373 618 ligna
1398 555 1600 617 securi,‘

395 643 670 695 Fascibus
694 649 749 694 et
775 641 994 693 tandem
1019 639 1245 707 vapulat
1270 639 1395 706 i'pse
1422 639 1557 688 suis.

322 725 519 778 Illatas
545 726 754 778 Consul
781 740 983 793 poenas
1011 741 1071 776 se
1099 723 1337 775 Consule
1366 722 1552 783 solvit,

392 808 589 861 Annus
617 812 710 878 qui
733 811 970 873 trabeaS,
1009 809 1098 860 hic
1127 807 1277 859 dedit
1302 807 1546 858 exilium.

2078 801 2149 854 10

322 893 628 946 Infaustum
655 895 877 962 populis
905 894 960 944 in
986 910 1047 945 se
1074 908 1295 960 quoque
1321 891 1548 943 vertitur
1575 903 1749 942 omen.

392 978 566 1029 Saevit
589 979 644 1029 in
672 983 955 1029 auctorem
980 976 1328 1044 prodigiosus
1350 975 1538 1024 honOS.

320 1060 528 1113 Ablato
555 1062 776 1128 penitus
802 1058 1072 1126 respirant
1097 1058 1319 1108 nomine
1346 1057 1496 1120 fasti,

390 1144 784 1210 Maturamque
810 1143 958 1193 luem
985 1141 1172 1193 sanior
1198 1140 1330 1194 aula
1354 1142 1549 1192 vomit.

315 1267 409 1293 suas
425 1254 558 1293 inanes
576 1253 617 1293 in
632 1254 804 1293 dominos
822 1253 1028 1292 evanuisse.
1086 1249 1262 1292 Fortuna
1281 1250 1370 1300 jam
1397 1253 1576 1291 saturata
1597 1252 1686 1290 11an
1695 1250 1850 1300 furioso
1866 1250 2038 1290 restitnit
2057 1262 2146 1289 cona

313 1307 456 1346 ditioni
470 1308 607 1358 primae
626 1307 880 1358 Eutropium
900 1305 1147 1345 deturbatum
1168 1305 1385 1345 honoribus.
1443 1306 1484 1344 N
1489 1318 1559 1344 unc
1577 1305 1648 1343 ilie
1677 1309 1843 1355 apparat
1871 1307 2016 1343 coedere
2037 1305 2145 1353 ligna

314 1361 470 1411 bipenni
489 1362 630 1407 altera,
653 1366 689 1399 et
722 1362 875 1399 demum
901 1359 1125 1398 ver-beratw
1133 1358 1311 1407 fascibus
1337 1358 1432 1397 suis.
1494 1359 1637 1398 Consul
1656 1360 1728 1397 luit
1746 1358 1975 1409 supplicium
1994 1358 2146 1406 imag-a

312 1418 408 1464 tum,
426 1426 465 1453 se
487 1415 664 1453 Consule
722 1414 804 1452 Hic
822 1425 956 1462 annus,
988 1413 1053 1463 qui
1073 1412 1255 1451 dederat
1273 1413 1524 1462 consulatum,
1558 1412 1667 1450 dedit
1687 1412 1864 1450 exilium.
1920 1411 2146 1460 Aug-urium

310 1466 635 1516 infortunatum„
618 1466 796 1505 eventibus
814 1467 1053 1505 convertitur
1069 1466 1187 1505 etiam
1211 1466 1253 1504 in
1280 1479 1342 1505 se:
1370 1463 1547 1514 dignitas
1565 1469 1781 1504 monstrosa
1804 1464 1914 1513 furit
1942 1465 1984 1502 in
2012 1467 2144 1502 aucto-

311 1532 394 1560 rem
413 1533 538 1561 suum.
598 1521 710 1559 Fasti·
730 1519 887 1559 liberior
890 1532 928 1559 es
946 1523 1050 1570 sunt,
1080 1521 1234 1559 nomine
1264 1519 1465 1570 Eutropii-
1483 1530 1590 1557 eraso
1608 1518 1775 1570 omnino,
1806 1523 1844 1558 et
1865 1517 1995 1567 Regia
2012 1516 2143 1556 sanior

1074 1609 1371 1630 OOQ‘O‘O‘OOOO

309 1655 389 1692 -4
416 1654 589 1692 dominos
610 1655 710 1693 Put.
738 1655 831 1694 Pat.
850 1653 993 1693 Ambr.
1014 1662 1084 1705 pr.
1126 1652 1403 1692 dominounus
1421 1645 1506 1693 Ms.
1549 1652 1676 1692 rarius
1697 1652 1789 1691 Pal.
1812 1650 1933 1691 Med.
1949 1663 2015 1703 pr.
2038 1651 2142 1689 Lov.

307 1712 363 1744 ιιι.
388 1719 451 1756 pr.
492 1707 620 1746 abesse
638 1708 801 1746 Tholos.
805 1712 881 1745 -5
912 1707 1191 1754 vitatfortunoe
1207 1706 1375 1756 priorem
1397 1706 1516 1745 Med.
1535 1712 1634 1745 tert.
1671 1706 1843 1756 priorem
1868 1705 2022 1743 Petav.
2053 1715 2142 1743 sec.

307 1759 428 1798 Leid.
457 1772 522 1810 pr.
553 1773 608 1798 m.
627 1773 691 1811 pr.
698 1765 775 1799 -6
802 1761 950 1798 sociata
978 1761 1146 1799 Tholos.
1178 1761 1283 1798 lov,
1315 1772 1368 1798 nr.
1401 1772 1462 1809 pr.
1505 1760 1584 1797 loco
1618 1760 1770 1797 Petav.
1803 1770 1888 1796 see.
1891 1760 1970 1796 —7
2005 1756 2144 1806 lingua

304 1812 406 1852 V.ar
441 1813 528 1851 LL.
564 1813 630 1852 ed
666 1813 879 1852 Antv.—S
913 1814 978 1851 ille
1026 1814 1146 1852 Rott.
1186 1812 1374 1851 Floreut.
1414 1813 1565 1850 Petav.
1602 1815 1703 1850 tert.
1742 1810 1811 1849 ed.
1845 1810 1990 1849 Vicet.
2058 1810 2143 1860 ipse

306 1864 390 1903 duo
426 1864 576 1905 Leidd.
608 1870 658 1903 et
688 1866 830 1904 Oxon.
864 1865 966 1904 Jun.
998 1878 1063 1914 pr.
1096 1866 1200 1904 Lov.
1235 1865 1328 1903 Pal.
1371 1866 1493 1902 Farn.
1525 1864 1643 1903 Prie.
1684 1864 1822 1902 Oisei.
1857 1864 2018 1901 Mor-‚et
2051 1873 2138 1902 sec.

305 1924 351 1957 et
383 1929 527 1956 ornnes
562 1918 682 1956 Vatt.
715 1917 870 1955 Sched.
904 1917 1019 1956 Gud.
1043 1917 1158 1954 Exc.
1197 1915 1379 1954 Gevart.
1411 1928 1490 1956 nec
1516 1928 1599 1955 non
1629 1916 1732 1954 Var.
1755 1917 1840 1954 LL.
1862 1915 1930 1954 ed.
1951 1914 2141 1955 AntV.—-

303 1974 329 2008 9
374 1970 513 2009 Illatas
544 1970 665 2008 Leid.
698 1982 764 2020 pr.
792 1982 847 2008 m.
881 1981 944 2019 pr.
981 1969 1126 2007 Oxou.
1160 1980 1223 2019 pr.
1258 1969 1377 2008 Med.
1398 1973 1502 2008 tert.
1544 1968 1714 2008 Illicita's
1732 1980 1878 2007 omnes
1899 1969 2020 2008 Vatt.
2041 1967 2139 2008 Pal.

303 2024 429 2062 Farn.
461 2024 581 2061 Rott.
605 2022 740 2061 Oisel.
791 2022 961 2061 [Ilia-itus
988 2023 1135 2061 Barth.
1182 2021 1365 2060 lulio-itas
1397 2023 1465 2061 vel
1513 2022 1650 2062 Illatas
1667 2023 1771 2072 Reg.
1794 2022 1910 2060 Prie.
1955 2021 2140 2060 sancitas

304 2076 565 2126 conjiciebat
600 2075 817 2114 Heinsius.
856 2076 976 2114 solnm
995 2086 1074 2126 pro
1102 2074 1217 2114 solvit
1244 2075 1400 2113 Petav.
1436 2078 1630 2114 sec—10
1658 2074 1853 2113 auxilinm
1870 2076 1973 2113 Vat.
1994 2080 2136 2126 quart.

302 2133 407 2167 ——ll
439 2129 650 2177 Infandum
669 2129 826 2168 Moret.
862 2140 946 2168 sec.
994 2127 1218 2176 Infaustam
1249 2127 1317 2166 vel
1360 2127 1565 2175 infandum
1588 2128 1693 2167 Exc.
1713 2129 1836 2167 Laeti.
1866 2128 1966 2166 inse
1985 2139 2139 2167 conver-

301 2182 405 2220 titur
438 2182 536 2222 Jun.
579 2194 642 2231 pr.
647 2185 752 2220 —12
796 2181 903 2220 S'vit
923 2182 1024 2222 Jun.
1052 2193 1115 2232 pr.
1158 2182 1354 2220 auctorem
1374 2181 1491 2221 Med.
1514 2180 1651 2232 quart.
1674 2182 1780 2220 Exc.
1804 2181 1934 2221 Laeti.
1969 2185 2138 2220 actorem

302 2240 391 2273 tres
413 2235 535 2273 Vatt.
557 2233 639 2273 duo
660 2235 814 2274 PetaV.
837 2235 943 2274 Lov.
964 2235 1066 2273 Pat.
1088 2234 1211 2279 Leid.
1232 2245 1318 2273 sec.
1361 2235 1479 2273 honor
1500 2241 1587 2274 tres
1605 2236 1726 2274 Vatt.
1749 2236 1841 2275 Pal.
1882 2235 2001 2273 honos
2019 2235 2137 2275 Rott

304 2287 439 2326 Oisel.
473 2288 659 2327 Florem.
692 2288 810 2327 Med.
846 2293 946 2327 tert.
976 2289 1140 2327 Mazar.
1161 2287 1262 2326 Vat.
1288 2287 1422 2327 Livin.
1443 2288 1544 2328 Jun.
1567 2301 1630 2339 pr.
1654 2288 1770 2327 Loid.
1794 2301 1856 2339 pr.
1877 2295 1922 2327 et
1944 2287 2141 2326 Oxou.—

302 2343 353 2378 13
383 2340 527 2379 Abluto
548 2340 667 2380 Leid.
700 2354 762 2391 pr.
796 2354 849 2380 m.
870 2354 935 2392 pr.
958 2340 1061 2380 Vat.
1082 2353 1167 2380 sec.
1188 2340 1308 2379 Med.
1332 2346 1432 2380 tert.
1457 2342 1606 2381 Petav.
1629 2346 1731 2380 teimt
1755 2342 1837 2380 duo
1861 2339 2005 2379 Ambr.
2026 2334 2136 2380 Exc.

300 2392 477 2433 Gevart.
498 2400 545 2432 et
564 2395 747 2433 Lucens.
766 2407 851 2434 sec.
885 2394 1024 2433 Oblato
1044 2394 1144 2433 Jun.
1172 2406 1233 2442 pr.
1268 2393 1399 2432 Oblito
1416 2395 1570 2434 Petav.
1592 2407 1677 2434 sec.
1706 2395 1896 2445 respirent
1913 2394 2031 2433 Med.
2051 2405 2136 2435 sec.

300 2456 358 2484 ιιι.
378 2450 441 2497 ρι’.
446 2446 551 2485 -1‘4
579 2447 669 2486 aula
689 2443 787 2487 Vat.
804 2460 869 2499 ρι.
900 2448 994 2486 Pal.
1027 2448 1124 2487 Pat
1144 2445 1262 2486 Med
1282 2452 1421 2499 quarn
1443 2449 1548 2487 Exc.
1569 2448 1694 2488 Laeti.
1722 2461 1820 2487 aura
1841 2447 1993 2499 viginti
2009 2447 2133 2500 quin

1134 2532 1310 2580 NOTAE

296 2605 412 2656 olim,
430 2604 530 2644 dum
550 2606 719 2645 vinctus
755 2619 861 2657 opus
894 2607 1046 2646 servile
1066 2604 1179 2646 face-

297 2673 392 2707 ret:
439 2667 482 2706 id
504 2668 619 2720 quod
648 2668 702 2707 de
732 2669 940 2721 Eutropio
974 2668 1088 2707 fama
1118 2669 1179 2708 lo-

297 2733 524 2784 quebatur.

348 2799 374 2834 4
402 2796 611 2848 Dominus]
637 2795 870 2846 Eutropius
898 2794 1040 2835 factus
1068 2797 1178 2836 Con-

297 2859 375 2907 sul,
395 2864 442 2897 ut
474 2859 747 2909 extingueret
782 2859 882 2897 vitae
914 2858 1069 2909 prioris
1090 2871 1177 2898 sor-

295 2919 385 2968 des,
398 2919 493 2959 s‘u'os
508 2920 700 2958 dominos
716 2920 886 2959 'volebat
899 2919 1174 2971 extinguere:

293 2973 368 3022 sed
390 2993 499 3020 nunc
520 2982 637 3022 dolet
665 2979 798 3021 minas
827 2982 918 3021 inas
951 2994 1080 3023 vanas
1111 2982 1175 3022 fu-

294 3045 395 3086 isse.

345 3111 370 3146 7
401 3106 587 3146 Scindere
605 3106 733 3156 ligna]
765 3107 825 3145 Ut
857 3118 999 3146 servus
1023 3108 1174 3147 vilissi-

291 3181 384 3208 mus
403 3169 556 3208 scindit
577 3170 707 3220 ligna,
728 3169 802 3208 sed
818 3182 905 3208 non
925 3170 1005 3209 hac
1024 3172 1176 3223 securi,

291 3243 418 3283 quam
438 3233 635 3282 gestabat
655 3232 754 3271 dum
772 3239 889 3272 esset
907 3235 1067 3274 consul.

344 3298 370 3333 8
410 3295 614 3346 Fascibus]
660 3295 927 3334 Verberatur
961 3295 1172 3337 fasciculis

291 3367 345 3395 ex
367 3356 526 3395 betulia
545 3356 686 3406 factis,
704 3370 819 3396 more
836 3370 1068 3400 servorum.
1098 3360 1169 3400 Al-

289 3417 400 3457 ludit
415 3418 468 3458 ad
490 3417 627 3458 fasces
643 3419 887 3459 Consulum.

1249 2606 1421 2645 easdem
1453 2620 1599 2657 poenas
1631 2608 1712 2647 sibi
1731 2607 1896 2659 inferri,
1916 2619 2020 2660 quas
2042 2606 2134 2647 aliis

1248 2669 1475 2711 inferebat.

1304 2738 1354 2773 10
1385 2725 1586 2785 Exilium]
1641 2735 1693 2776 In
1711 2735 1889 2775 insulam
1910 2725 2118 2786 Cyprum.

1304 2800 1353 2835 11
1388 2796 1528 2848 Omen]
1575 2798 1832 2837 Consulatus
1848 2797 2133 2848 maliominis,

1246 2868 1320 2899 seu
1341 2867 1604 2900 monstrosus
1624 2860 1832 2911 Eutropio
1856 2859 1998 2908 datus,
2032 2872 2132 2899 con·

1245 2923 1430 2961 vertitur
1451 2923 1491 2960 in
1514 2932 1588 2971 se3
1631 2923 1673 2962 id
1708 2929 1788 2971 est,
1818 2922 1951 2972 ipsum
1976 2922 2130 2961 Eutro-

1243 2985 1377 3036 pium,
1409 2988 1534 3036 quern
1564 2985 1606 3023 in
1639 2985 1891 3024 servitutem
1931 2983 2128 3032 retrahit,

1244 3052 1483 3087 retractum
1521 3040 1726 3098 expellit:
1758 3037 1905 3098 sicque
1932 3045 2057 3084 saevit
2084 3045 2130 3084 in

1241 3110 1382 3161 ipsum
1404 3115 1638 3156 auctorem,
1662 3109 1703 3147 id
1721 3115 1802 3157 est,
1822 3109 1863 3146 in
1891 3109 2028 3158 ipsum
2046 3108 2131 3146 Eu·

1243 3173 1431 3226 tropium
1461 3178 1680 3211 auctorem
1720 3170 1945 3210 monstrosi
1979 3181 2127 3210 consu-

1240 3235 1370 3284 latus,
1388 3228 1486 3273 dum
1507 3246 1603 3273 eum
1625 3240 1812 3284 gereret.

1295 3299 1344 3336 13
1374 3294 1593 3346 Respirant
1619 3294 1744 3346 fasti]
1814 3294 1947 3336 Quasi
1982 3305 2123 3345 geme-

1239 3362 1336 3397 rent
1353 3358 1547 3409 oppressi
1568 3358 1736 3397 nomine
1758 3357 1971 3408 Eutropii.

1291 3423 1342 3459 14
1373 3420 1575 3458 Matar-am
1602 3419 1734 3458 sanior
1763 3418 1870 3469 aula]
1926 3419 1983 3458 Et
2002 3418 2124 3462 velut

342 3483 370 3519 9
400 3479 562 3530 Consul]
621 3480 707 3523 Qui
738 3480 820 3521 fuit
841 3477 1012 3534 Consul,
1039 3484 1169 3524 sentit
1234 3484 1470 3535 repurgans
1515 3494 1625 3535 sese,
1662 3482 1797 3523 vomit
1847 3480 2120 3534 Eutropium,
