2300 3906
331 182 441 235 902
849 196 944 234 cr..
985 190 1340 232 cLAumAm
1384 189 1633 229 xxxin.

333 312 562 365 Solicito
588 311 815 380 genitrix
839 308 1096 360 erraverit
1121 307 1287 360 anxia
1312 325 1508 361 cursu:

334 395 497 449 Unde
521 396 664 448 datae
690 392 916 461 populis
939 392 1109 456 leges,
1137 396 1196 442 et
1218 391 1418 459 glande
1441 394 1641 444 relicta

337 479 574 532 Cesserit
597 479 830 529 inventis
859 475 1122 528 Dodonia
1149 492 1390 544 quercus
1416 477 1615 528 aristiS.

408 564 542 614 Dux
567 561 730 612 Erebi
758 560 1041 626 quondam
1066 560 1305 611 tumidas
1333 560 1540 611 exarsit
1563 561 1616 610 in
1641 559 1774 621 iraS,

339 645 540 697 Praelia
563 649 811 695 moturus
838 643 1086 711 SuperiS,
1115 643 1268 710 quod
1295 644 1448 694 solus
1475 648 1660 709 egeret

338 727 631 791 Connubii,
660 727 979 795 sterilesque
1003 728 1099 779 diu
1126 733 1473 779 consumeret
1499 742 1690 788 annOS‚

337 812 639 879 Impatiens
664 812 874 863 nescire
901 815 1098 873 torum,
1124 811 1414 878 nullasque
1441 810 1652 861 mariti‘

336 894 652 957 IllecebraS,
680 911 782 946 nec
811 893 972 945 dulce
997 895 1172 961 patris
1198 909 1530 960 cognoscere
1554 909 1774 945 nomen.

339 977 375 1028 J
380 994 470 1029 am
493 994 851 1046 quaecumque
877 978 1047 1029 latent
1071 977 1226 1029 ferali
1250 981 1491 1029 monstra
1515 978 1772 1029 barathro

337 1126 500 1164 regnum
519 1115 763 1163 Inferorum:
781 1116 912 1157 dicite
924 1130 996 1168 per
1010 1122 1101 1168 quot
1119 1117 1296 1167 regiones
1316 1115 1532 1156 cucurrerit
1550 1119 1675 1154 mater
1690 1115 1781 1165 ejus
1799 1115 1916 1153 Ceres
1940 1111 2095 1151 solicita
2110 1109 2165 1150 de

337 1166 428 1206 filia
447 1181 524 1207 sua
539 1169 818 1220 Proserpina:
849 1170 981 1211 dicite
998 1173 1098 1210 unde
1112 1170 1255 1221 fruges
1269 1182 1452 1210 concessae
1468 1174 1567 1208 sunt
1583 1168 1813 1216 hominibus,
1829 1173 1867 1206 et
1895 1167 1994 1205 unde
2009 1175 2171 1216 quercus

342 1221 517 1261 Dodonae
534 1223 653 1273 sylvae
680 1227 809 1273 spreta
827 1227 881 1262 est
900 1237 984 1262 cum
1012 1225 1093 1263 suis
1121 1225 1344 1274 glandibus,
1366 1229 1591 1274 postquam
1630 1222 1748 1272 spicoe
1782 1218 1986 1258 frumenti
2003 1220 2170 1257 inventoe

343 1280 456 1313 sunt.
516 1276 623 1314 Olim
656 1277 746 1315 Rex
772 1276 990 1325 Inferorum
1009 1278 1137 1317 Pluto
1157 1277 1423 1328 infiammatus
1441 1281 1496 1315 est
1517 1275 1623 1314 rabie
1641 1274 1827 1323 tumenti,
1845 1273 2067 1311 indicturus
2098 1269 2175 1309 bel-

341 1328 419 1366 lum
438 1328 546 1378 Diis,
568 1333 774 1379 propterea
792 1331 892 1380 quod
921 1331 1022 1369 solus
1040 1335 1187 1369 careret
1219 1342 1352 1379 uxore,
1385 1333 1423 1367 et
1454 1331 1688 1367 consumeret
1721 1331 1803 1365 tam
1834 1327 1991 1374 longum
2023 1327 2174 1374 tempus

340 1380 424 1419 sine
462 1381 594 1420 liberis
609 1395 623 1427 ;
663 1385 702 1420 et
734 1396 819 1421 cum
855 1396 929 1422 non
961 1387 1088 1434 posset
1116 1383 1203 1433 pati
1233 1395 1273 1422 se
1308 1383 1490 1432 ignorare
1526 1381 1675 1420 diutius
1709 1383 1853 1431 quanta
1884 1381 1981 1417 esset
2017 1377 2173 1415 dulcedo

342 1436 380 1472 et
398 1433 577 1474 illecebra
595 1435 636 1474 in
656 1437 806 1475 nomine
840 1437 974 1475 mariti
1001 1441 1040 1475 et
1071 1437 1210 1486 patris.
1264 1437 1358 1475 Jam
1392 1435 1521 1474 omnia
1556 1437 1727 1472 monstra
1765 1444 1850 1482 quae
1885 1433 2009 1470 latent
2041 1429 2086 1469 in
2103 1428 2174 1477 fu-

1119 1533 1412 1549 000000000000

342 1615 448 1654 curis
482 1617 647 1655 Bonon.
675 1629 793 1656 curru
826 1617 926 1658 Jun.
958 1629 1043 1656 sec.
1070 1629 1188 1668 passu
1217 1617 1316 1657 Vat.
1346 1629 1434 1657 sec.
1462 1618 1587 1656 Voss.
1618 1621 1815 1658 sec—30
1854 1617 2010 1669 populis
2033 1616 2180 1667 fruges

347 1668 431 1706 duo
467 1669 590 1708 Voss.
632 1669 717 1708 duo
755 1670 872 1709 Vatt.
911 1671 1051 1721 populo
1086 1670 1235 1720 fruges
1262 1670 1362 1711 Jun.
1405 1683 1471 1722 pr.
1521 1671 1622 1710 Vat.
1668 1677 1804 1723 quart.
1836 1671 1980 1720 fruges
2029 1670 2181 1722 populis

347 1721 450 1759 Vat.
492 1734 558 1772 pr.
601 1721 698 1761 Ald.
728 1723 795 1762 ed.
842 1725 986 1764 Parm.
1028 1729 1073 1762 et
1103 1724 1250 1764 Vicet.
1294 1725 1432 1776 populo
1485 1725 1675 1764 Florent.
1717 1729 1871 1775 strages
1906 1724 2003 1764 Pal.
2035 1723 2183 1773 fruges

343 1775 482 1824 populo
545 1787 614 1814 cur
668 1776 726 1824 gl.
784 1777 924 1816 relicta
969 1777 1108 1816 chart.
1165 1777 1317 1816 Heius.
1365 1778 1470 1818 Cod.
1526 1777 1765 1818 Bartholin.
1822 1777 1971 1817 Ambr.
2022 1781 2183 1816 tert.—

346 1830 396 1865 31
428 1827 643 1867 innumeris
662 1841 739 1879 pro
766 1830 935 1869 inventis
953 1831 1118 1869 Bonon.
1139 1831 1327 1870 Dodonea
1345 1831 1447 1871 Vat.
1468 1843 1532 1882 pr.
1565 1836 1610 1871 et
1629 1836 1768 1883 quart.
1804 1831 1907 1870 Put.
1928 1830 2010 1869 duo
2027 1830 2183 1869 Petav.

347 1880 557 1920 Dodonida
591 1882 712 1922 Med.
742 1888 879 1934 quart.
914 1883 1064 1923 Heius.
1096 1884 1263 1923 H.-32
1289 1884 1415 1923 exivit
1450 1897 1525 1934 pro
1554 1885 1705 1924 exarsit
1723 1885 1823 1924 Vat.
1857 1896 1943 1923 sec.
1978 1885 2085 1922 Stat.
2118 1893 2183 1921 ιι.

345 1933 477 1973 Theb.
497 1938 591 1974 724.
613 1935 738 1975 exivit
758 1938 824 1974 vel
854 1938 1002 1975 exarsit
1020 1938 1145 1976 Voss.
1166 1949 1252 1977 sec.
1271 1937 1315 1976 in
1333 1950 1451 1977 auras
1467 1938 1679 1978 Put.--34
1713 1937 2010 1977 Connubiiinc.
2030 1935 2185 1976 Heins-

348 1985 501 2026 Petav.
523 2000 587 2039 pr.
607 1988 745 2028 Oxon.
766 2000 851 2028 sec.
872 1990 1058 2039 Coniugii
1073 1992 1197 2029 Voss.
1218 2002 1306 2031 sec.
1327 1991 1538 2030 Connubiis
1558 1996 1745 2042 quatuor
1758 1991 1880 2030 Vatt.
1900 1990 1997 2029 Pal.
2017 1990 2186 2029 Bonon.

349 2039 521 2079 Tholos.
555 2040 704 2081 Ambr.
737 2047 837 2082 tert.
868 2042 975 2083 Cod.
996 2044 1236 2083 Bartholin.
1270 2044 1472 2093 Coniugii-s
1497 2046 1599 2084 Vat.
1635 2056 1720 2084 sec.
1748 2046 2035 2095 consumpserat
2060 2043 2185 2083 Voss.

350 2103 414 2141 pr.
433 2095 711 2144 consumpserit
739 2095 1022 2135 Tholos.-36
1048 2109 1117 2136 nec
1139 2098 1251 2136 dulce
1271 2098 1379 2137 Exc.
1399 2097 1526 2136 Laeti.
1547 2101 1585 2136 et
1604 2099 1716 2137 dulce
1736 2097 1803 2137 ed.
1819 2097 1960 2136 Vicet.
1977 2100 2022 2135 et
2042 2095 2184 2135 Parm.

1190 2201 1366 2242 NOTAE

355 2278 743 2328 compensationem
765 2280 905 2319 allatae
927 2279 1054 2320 dotis.
1095 2280 1240 2319 Graeci

353 2345 526 2391 vocant,
556 2339 777 2393 ἆντίφερνα,
817 2343 983 2383 Gallice
1016 2344 1055 2381 la
1091 2347 1241 2382 contre-

352 2404 432 2453 dot,
470 2403 513 2442 id
541 2405 653 2456 quod
677 2405 846 2445 scilicet
865 2406 940 2445 dat
968 2405 1145 2445 maritus
1166 2418 1239 2444 ux-

357 2466 435 2517 ori,
467 2466 564 2506 loco
596 2467 724 2518 dotis,
756 2473 937 2520 propter
966 2468 1164 2520 nuptias;
1193 2474 1241 2508 ut

355 2529 417 2568 ait
446 2529 712 2570 Justinianus
742 2531 771 2570 l.
799 2536 886 2571 vet.
920 2532 969 2572 C.
1004 2531 1058 2572 de
1079 2532 1238 2572 Donat.

360 2598 459 2631 ante
478 2593 665 2644 nuptias.

416 2656 562 2707 Chaos]
605 2657 744 2696 Chaos
778 2662 872 2697 erat
905 2657 1022 2696 rudis
1054 2662 1100 2697 et
1134 2657 1241 2697 indi-

358 2721 479 2766 gesta
503 2718 636 2757 moles
669 2731 810 2758 rerum
830 2718 944 2758 inter
970 2731 1017 2759 se
1048 2731 1240 2771 pugnan-

359 2781 464 2822 tium
481 2795 492 2831 ;
514 2782 589 2821 sed
609 2788 706 2834 post
720 2782 868 2822 datum
888 2782 1016 2821 rebus
1034 2783 1241 2833 ordinem,

361 2855 415 2882 ex
432 2844 608 2895 Ovidio,
641 2846 778 2886 Chaos
815 2847 1053 2898 relegatum
1093 2852 1161 2886 est
1188 2848 1241 2886 ad

359 2905 546 2960 Inferos,
572 2910 583 2931 ‘
606 2910 678 2949 ubi
697 2911 835 2949 nullus
856 2912 974 2962 ordo,
996 2911 1071 2950 sed
1092 2909 1242 2962 sempi-

364 2974 508 3012 ternus
525 2973 676 3013 horror
694 2974 935 3015 inhabitat.’

419 3035 471 3071 30
500 3035 647 3085 Leges]
685 3037 813 3076 Ceres
841 3038 957 3088 leges
987 3038 1108 3078 dedit
1142 3039 1248 3090 orbi,

364 3095 478 3136 unde
497 3095 657 3136 dicitur
690 3097 953 3151 θεσμοφόρος;
989 3101 1141 3151 θεσμὸς,
1168 3104 1248 3152 lex,

366 3157 482 3211 φέρω,
497 3160 599 3208 sero.
658 3161 740 3200 Alii
776 3163 939 3213 legunt,
957 3163 1117 3215 fruges,
1145 3177 1247 3217 quas

368 3223 500 3264 Ceres
519 3224 640 3265 dedit
656 3226 918 3266 mortalibus.

425 3286 596 3337 Glande]
638 3287 812 3328 Invenit
851 3290 981 3330 Ceres
1018 3291 1249 3345 frumenta,

365 3362 463 3395 eum
497 3356 627 3392 antea
662 3351 819 3405 glande
858 3360 1138 3399 vescerentur
1172 3357 1248 3399 ho-

1308 2283 1456 2330 mines,
1489 2283 1558 2335 qui
1586 2283 1684 2322 ideo
1705 2295 1729 2321 a
1747 2283 1775 2324 J
1781 2282 1864 2322 ulio
1883 2282 2062 2322 Polluce
2082 2282 2188 2322 dicti

1307 2351 1405 2385 sunt
1424 2343 1714 2397 βαλανοφάγοι,
1745 2345 1790 2385 id
1818 2350 1897 2397 est,
1933 2346 2000 2398 qui
2024 2346 2188 2396 glandes

1308 2410 1525 2448 comedunt.

1362 2473 1412 2510 31
1442 2470 1642 2521 Dodonia]
1697 2470 1883 2511 Dodona
1912 2470 2062 2510 civitas
2095 2475 2191 2512 erat

1307 2531 1351 2571 in
1398 2532 1585 2572 Chaonia
1630 2533 1751 2584 Epiri
1798 2533 1987 2585 regione.
2046 2534 2189 2586 Prope

1307 2594 1416 2633 hanc
1439 2595 1588 2634 urbem
1607 2601 1702 2635 erat
1721 2608 1868 2636 nemus
1899 2600 2037 2636 totum
2065 2609 2189 2650 quer-

1308 2657 1441 2696 cubus
1459 2658 1685 2708 consitum,
1708 2657 1932 2710 glandibus
1953 2657 2188 2706 abundans,

1307 2721 1407 2762 Jovi
1442 2733 1637 2770 sacrum;
1666 2721 1765 2761 inde
1794 2720 1913 2761 dicta
1943 2726 2009 2761 est
2033 2732 2193 2772 quercus

1311 2783 1508 2833 Dodonia,
1539 2783 1704 2834 species
1725 2795 1801 2834 pro
1822 2795 2003 2834 genere:
2035 2784 2191 2835 Syneo-

1310 2847 1526 2887 dochicczs.
1847 2843 1849 2845 ’

1366 2914 1417 2950 32
1440 2911 1541 2950 Dux
1561 2909 1703 2961 Erebi]
1723 2911 1830 2950 Ideo
1854 2911 1967 2959 Dux,
1983 2907 2080 2960 quia
2099 2907 2189 2947 bel-

1312 2975 1398 3013 lum
1431 2974 1678 3014 meditatur.
1733 2972 1898 3013 Erebus
1928 2969 2097 3019 fluvius,
2125 2971 2194 3010 vel

1315 3036 1438 3075 Deus
1475 3035 1730 3084 Inferorum,
1767 3033 1940 3084 ponitur
1977 3044 2055 3083 pro
2089 3032 2194 3084 ipsis

1315 3097 1487 3138 Inferis.

1386 3162 1436 3199 37
1466 3158 1684 3209 Barathro]
1739 3156 1931 3210 Βάραθρον
1965 3164 2030 3198 est
2074 3160 2193 3199 locus

1314 3232 1387 3266 aut
1402 3226 1540 3279 hiatus
1562 3230 1687 3264 terrae
1710 3223 1976 3276 profundior,
1997 3225 2107 3265 unde
2127 3238 2195 3266 su-

1314 3289 1445 3329 mitur
1465 3301 1543 3341 pro
1563 3287 1716 3328 [nferis
1733 3303 1744 3329 :
1774 3288 1888 3340 apud
1909 3288 2194 3329 Athenienses

1315 3356 1410 3395 erat
1428 3351 1703 3403 Barathrum,
1737 3352 1783 3392 in
1814 3352 1928 3406 quod
1949 3352 2194 3406 praecipites
