2300 3906
729 202 809 241 nn
849 201 1047 242 annno
1085 203 1306 243 enrico
1345 204 1467 245 mn.
1893 200 1998 255 '751

191 311 388 366 Ullane
410 317 711 383 posteritas
737 319 969 373 credat?
1045 321 1343 377 Germania
1366 323 1644 393 quondam

188 397 294 448 Illa
317 397 470 451 ferox
493 401 746 467 populis,
771 419 894 469 quae
920 406 1015 457 vix
1043 407 1373 461 instantibus
1395 409 1525 461 olim

184 479 539 548 Principibus
564 488 684 535 tota
707 490 926 551 poterat
949 505 1070 540 cum
1094 490 1236 541 mole
1262 493 1449 554 teneri,
1892 492 1999 546 425

182 562 323 615 Tam
349 581 470 616 sese
495 567 777 633 placidam
804 577 1032 637 praestat
1057 572 1376 625 Stilichonis
1402 574 1655 638 habenis,

186 645 267 696 Ut
290 662 392 698 nec
415 649 688 715 praesidiis
712 654 913 706 nudato
938 655 1112 707 limite
1138 659 1304 707 tentet

182 728 515 796 Expositum
540 735 758 787 calcare
784 739 981 801 solum,
1004 755 1106 791 nec
1135 743 1378 791 transeat
1403 756 1636 804 amnem,

180 810 581 866 Incustoditam
607 823 859 872 metuens
885 821 1146 888 attingere
1173 823 1367 889 ripam.

181 893 400 947 Celsior
426 914 459 948 o
487 902 721 964 cunctiS,
746 905 953 972 unique
979 906 1246 973 aequande
1271 906 1507 959 Camillo
1530 907 1542 959 !
1889 907 1996 961 430

179 977 398 1030 Vestris
424 997 655 1048 namque
681 988 844 1037 armis
870 986 1080 1040 Alarici
1104 989 1272 1043 fracta
1301 990 1509 1059 quievit

181 1058 265 1112 Ac
291 1062 492 1113 Brenni
517 1065 715 1117 rabies,

792 1068 1047 1122 Confusis
1072 1073 1232 1123 rebus
1260 1078 1487 1140 uterque

178 1143 442 1197 Divinam
468 1147 736 1200 tribuistis
763 1166 925 1217 opem
947 1169 960 1204 z
1001 1154 1097 1204 sed
1122 1155 1326 1207 tardior
1348 1156 1442 1208 ille

174 1288 245 1327 uui
265 1290 620 1351 nepotes-credent?
675 1294 752 1332 Illa
768 1294 981 1335 Germania
998 1297 1087 1335 olim
1106 1299 1308 1336 metuenda
1334 1298 1519 1347 gentibus
1535 1298 1635 1348 suis,
1661 1313 1746 1351 quoe
1764 1313 1868 1350 oegre
1884 1306 1992 1352 pote-

173 1344 239 1380 rat
257 1353 427 1381 coerceri
442 1344 684 1394 principibus
697 1347 928 1396 urgentibus
957 1362 1042 1396 eum
1069 1351 1173 1388 omni
1201 1354 1395 1400 potestate
1414 1353 1694 1401 exercituum,
1717 1353 1776 1392 ita
1794 1355 1923 1393 reddit
1951 1366 1992 1393 se

173 1393 332 1433 docilem
351 1395 511 1445 imperio
529 1396 772 1449 Stilichonis,
799 1404 843 1439 ut
865 1401 1018 1452 finibus
1043 1402 1122 1440 suis
1157 1403 1287 1442 etiam
1302 1405 1504 1443 destitutis
1522 1406 1711 1453 exercitu,
1742 1418 1817 1445 non
1834 1410 1993 1445 conetur

171 1449 296 1486 terere
314 1460 464 1498 campos
481 1451 696 1500 derelictos,
713 1465 830 1502 neque
853 1456 1166 1504 transgrediatur
1184 1455 1369 1506 fluvium,
1396 1458 1535 1496 timens
1563 1459 1762 1508 pervenire
1785 1459 1837 1497 ad
1857 1459 1993 1498 littora

173 1511 248 1538 non
281 1507 448 1540 servata.
499 1504 535 1541 Ο
555 1503 749 1554 Stilicho,
766 1507 886 1555 major
919 1508 1106 1557 omnibus,
1125 1509 1456 1559 etaequiparunde
1487 1510 1557 1548 soli
1587 1510 1782 1550 Camillo!
1839 1512 1997 1550 Etenim

163 1551 284 1612 saror
301 1553 455 1592 Alarici
473 1560 586 1606 atque
605 1557 756 1596 Brenni
786 1560 930 1598 resedit
960 1560 1127 1599 domitus
1153 1561 1302 1610 gladiis
1336 1564 1490 1602 vestris.
1541 1562 1666 1602 Ambo
1685 1565 1848 1603 dedistis
1876 1564 1989 1603 auxi-

173 1605 268 1644 lium
284 1608 450 1647 coeleste.
504 1609 581 1648 Ast
599 1610 665 1649 ille
682 1611 804 1650 serior
820 1612 964 1651 vindex
987 1613 1132 1663 patrioe
1152 1613 1239 1661 jam
1267 1615 1446 1665 direptae,
1474 1619 1518 1655 tu
1546 1616 1690 1655 vindex
1709 1616 1861 1667 patriae
1890 1617 1993 1655 inco·

936 1730 1080 1745 “Om
1083 1731 1228 1746 ‘‘‘‘‘‘

173 1805 265 1845 Pal.
299 1806 420 1846 Med.
457 1820 522 1858 pr.
558 1810 690 1848 credat
726 1811 885 1851 Moret.
915 1823 979 1861 pr.
1010 1814 1134 1851 credet
1158 1819 1243 1852 tres
1263 1813 1383 1852 Vatt.
1416 1813 1510 1853 Pal.
1546 1814 1674 1853 Farn.
1703 1813 1823 1853 Rott.
1856 1813 1990 1854 Oisel.

170 1858 276 1897 Exc.
314 1859 576 1899 Laeti—424
600 1862 732 1912 populi
764 1863 832 1903 ed.
872 1865 1011 1904 Parm.
1042 1866 1194 1915 populis
1224 1867 1325 1904 Var.
1361 1867 1444 1904 LL.
1481 1878 1504 1904 e
1538 1878 1673 1917 marg.
1710 1867 1987 1905 Parm.—425

164 1914 322 1961 poterat
352 1917 438 1951 vet.
460 1913 566 1963 Gyr.
600 1914 707 1954 Exc.
727 1915 848 1955 Laeti.
880 1918 1025 1966 poterit
1057 1919 1182 1957 Farn.
1220 1918 1338 1957 Med.
1373 1930 1455 1958 sec.
1488 1919 1641 1957 Petav.
1677 1930 1760 1957 sec.
1794 1917 1891 1957 Ald.
1922 1919 1990 1959 ed.

171 1963 307 2003 vicet.
335 1965 438 2002 tueri
471 1966 628 2004 Moret.
657 1971 855 2016 pr.—426
881 1970 974 2008 Jam
1010 1982 1091 2008 sese
1119 1975 1300 2021 quatuor
1314 1971 1433 2009 Vatt.
1453 1970 1549 2008 Pal.
1582 1970 1695 2009 Prie.
1716 1972 1833 2008 Rott.
1857 1971 1992 2011 Oisel.

168 2016 262 2056 Jam
277 2020 360 2056 tam
373 2029 413 2056 se
433 2019 501 2056 vel
520 2020 613 2057 Jam
635 2019 723 2067 jam
752 2032 791 2059 se
822 2022 925 2060 Exc.
948 2023 1072 2061 Laeti.
1094 2023 1260 2072 placidis
1279 2022 1427 2062 Ambr.
1449 2035 1512 2072 pr.
1538 2027 1701 2072 praestat
1718 2023 1816 2061 Pat.
1837 2022 1990 2062 Petav.

170 2081 235 2121 pr.
254 2070 402 2120 praebet
422 2072 520 2110 Vat.
554 2083 616 2121 pr.
650 2077 695 2111 et
726 2078 825 2112 tert.
863 2074 957 2114 Pal.
995 2075 1115 2113 Farn.
1139 2076 1259 2114 Rott.
1283 2076 1419 2113 Oisel.
1440 2077 1547 2113 Exc.
1571 2075 1693 2114 Laeti.
1723 2079 1886 2124 praestat
1921 2077 1991 2114 vel

166 2123 315 2173 proebet
333 2124 433 2164 Vat.
452 2127 726 2176 quarte—427
754 2137 876 2176 neque
894 2127 987 2165 Pal.
1015 2127 1133 2166 Med.
1160 2140 1224 2178 pr.
1256 2128 1413 2167 Moret.
1434 2139 1497 2177 pr.
1531 2131 1680 2166 mutato
1708 2128 1825 2167 Med.
1849 2133 1990 2178 quart.

166 2176 342 2226 principe
369 2178 470 2216 Vat.
496 2182 599 2216 tert.
639 2178 757 2221 Rott.
795 2191 928 2230 marg.
968 2179 1120 2230 Isingr.
1165 2180 1288 2219 milite
1326 2180 1409 2219 duo
1441 2181 1562 2219 Vatt.
1599 2181 1721 2219 Farn.
1758 2181 1874 2219 Med.
1905 2192 1990 2220 sec.

167 2228 330 2268 Thuan.
369 2230 494 2269 limite
534 2231 603 2269 vel
644 2231 770 2269 milite
814 2233 881 2271 vel
917 2233 1086 2284 flumine
1133 2233 1381 2272 Pria—428
1409 2246 1483 2272 non
1515 2237 1688 2272 transeat
1733 2234 1896 2272 Mazar.
1942 2246 1992 2273 ne

167 2282 326 2322 Moret.
355 2294 422 2333 pr.
467 2296 606 2333 agmen
649 2284 807 2324 Moret.
853 2289 1056 2334 piu—429
1083 2286 1326 2334 adstringere
1358 2287 1426 2324 vel
1454 2288 1651 2334 attingere
1692 2286 1833 2324 Oxon.
1869 2298 1990 2336 pr.—

167 2337 247 2374 430
293 2348 313 2374 e
358 2337 507 2374 cunctis
537 2336 676 2375 Oxon.
714 2349 799 2376 sec.
844 2338 989 2388 solique
1026 2339 1132 2377 Lov.
1160 2337 1306 2377 Ambr.
1353 2351 1416 2388 pr.
1447 2338 1602 2376 Sched.
1651 2337 1764 2376 Gud.
1803 2339 1991 2387 oequanda

169 2386 294 2426 Rott.
327 2388 448 2427 Med.
487 2400 571 2429 see.
599 2388 751 2428 Petav.
785 2393 1015 2429 tert-431
1053 2391 1214 2429 Nostris
1246 2391 1346 2430 Jun.
1381 2403 1446 2440 pr.
1469 2389 1586 2436 facta
1621 2401 1697 2438 pro
1721 2389 1859 2434 fracta
1898 2391 1990 2430 Pal.

166 2442 300 2478 —432
340 2441 397 2480 At
432 2441 535 2480 Vat.
576 2445 675 2480 tert.
733 2441 795 2480 Ac
840 2442 996 2480 Bromii
1034 2442 1175 2482 Oxon.
1222 2454 1309 2482 sec.
1358 2443 1547 2481 Brevium
1594 2453 1672 2491 pro
1714 2441 1861 2480 Brenni
1888 2442 1988 2482 Var.

170 2491 255 2532 LL.
285 2492 352 2531 ed.
380 2492 510 2532 AntV.
538 2504 594 2534 m.
627 2505 692 2544 pr.
731 2506 817 2532 cum
851 2493 973 2541 falsis
1010 2506 1088 2545 pro
1133 2494 1303 2542 confusis
1335 2494 1437 2535 Jun.
1482 2505 1547 2545 pr.
1592 2491 1741 2541 confusi
1768 2493 1886 2533 Med.
1923 2506 1987 2546 pr.

983 2608 1164 2665 NoTAE

220 2703 301 2739 424
330 2700 477 2751 Ferox]
506 2701 779 2740 Germaniam
801 2702 861 2740 sic
883 2701 1040 2743 dictam

166 2765 340 2812 putant,
377 2763 485 2814 quod
520 2764 731 2814 germinet
767 2763 1043 2816 abundetqne

166 2823 379 2862 hominum
415 2825 568 2875 copia:
599 2831 792 2877 venatus,
828 2826 1041 2865 continuae

167 2886 481 2933 concursiones,
498 2892 542 2924 et
560 2899 785 2938 corporum
805 2888 1042 2938 proceritas

166 2958 259 2987 eam
279 2948 460 2986 reddant
480 2947 683 2987 ferocem.

162 2997 169 3008 ⁴
220 3014 297 3051 425
330 3011 596 3062 Principibus]
629 3011 785 3062 Caesar,
819 3011 1043 3052 Germani-

168 3085 257 3125 cus,
274 3073 486 3121 Tiberius,
501 3082 545 3112 et
575 3074 646 3112 alii
664 3074 734 3113 vix
761 3087 852 3113 eam
873 3074 1043 3113 domue-

170 3141 291 3187 runt3
320 3149 400 3175 nec
421 3149 604 3188 unquam
621 3143 713 3176 tota
733 3137 891 3177 domita
912 3143 989 3176 est.

222 3201 300 3238 42⁷
331 3200 510 3250 Nudato]
539 3201 718 3239 Romani
739 3200 953 3239 habebant
971 3212 1043 3238 ex-

170 3261 316 3302 cubias
334 3271 379 3304 et
412 3272 552 3304 castra
584 3265 815 3316 limitanea,
844 3265 1044 3316 opposita

172 3322 453 3364 Barbarorum
470 3324 617 3367 furori.

224 3390 304 3427 430
333 3387 515 3438 Camillo]
544 3388 630 3430 Hic
664 3389 805 3430 dictus
843 3393 908 3431 est
939 3389 1045 3430 alter

1109 2702 1258 2742 Romae
1278 2699 1496 2740 conditor:
1520 2699 1736 2738 Brennum
1756 2696 1986 2748 Gallosque

1107 2765 1312 2813 Senones,
1342 2763 1491 2802 Romae
1517 2762 1610 2813 jam
1634 2774 1659 2800 a
1679 2773 1753 2800 sex
1772 2758 1986 2799 mensibus

1109 2826 1378 2874 incubantes,
1398 2823 1597 2863 excussit.

1178 2892 1254 2928 431
1309 2887 1460 2927 Vestris
1491 2898 1655 2937 namque
1689 2884 1825 2935 armis]
1897 2882 1986 2924 Alii

1110 2951 1370 3002 scripserunt
1386 2949 1660 2989 Stilichonem
1689 2948 1825 2987 invito
1844 2945 1989 2986 Hono-

1110 3013 1173 3052 rio
1204 3023 1439 3064 pugnasse:
1471 3010 1540 3049 alii
1560 3010 1717 3048 victum
1739 3019 1829 3047 esse
1858 3019 1882 3046 a
1900 3007 1986 3047 Ge-

1110 3075 1177 3115 tis,
1231 3074 1317 3114 Sed
1347 3073 1439 3125 quis
1476 3072 1676 3111 crederet
1708 3069 1986 3110 Claudianum

1109 3143 1192 3177 tam
1215 3137 1486 3188 impudenter
1501 3135 1671 3173 mentiri
1687 3134 1701 3171 ?

1161 3203 1240 3239 433
1273 3197 1482 3247 Divinam]
1526 3197 1807 3248 Insperatam.
1862 3193 1982 3232 Tum-

1112 3275 1192 3314 que
1231 3261 1404 3311 dicitur,
1441 3258 1537 3300 Θεὸς
1573 3258 1649 3298 ἀπὸ
1682 3260 1754 3305 τῆς
1791 3255 1984 3306 μηχανῆῒ,

1111 3328 1225 3365 Deus
1260 3337 1311 3365 ex
1346 3325 1539 3375 machina,
1572 3322 1690 3375 quasi
1724 3321 1837 3362 solus
1864 3318 1982 3357 Deus

1109 3388 1219 3429 hanc
1240 3398 1365 3440 opem
1384 3391 1592 3440 praestare
1621 3387 1778 3436 posset.
