2300 3906
312 203 422 258 654
872 215 966 255 cr„
1006 212 1362 254 anumAm
1407 212 1577 253 xxix.

313 335 574 389 Formido
598 337 866 403 ingentem
893 336 1074 387 vibrat
1098 333 1387 386 succincta
1410 333 1682 386 securim.‘

381 419 544 474 Vidit
567 425 630 472 ut
653 423 841 487 optato
869 434 929 470 se
956 415 1408 492 Consule-Roma
1433 418 1688 484 potitam,

313 503 498 564 Nune,
526 505 623 566 ait,
652 502 829 570 Elysii
852 502 1011 553 lucos
1035 496 1572 568 irrumperecampi,

314 588 482 641 Nunc
506 590 655 651 libet,
695 594 757 639 ut
799 587 936 639 tanti
963 585 1145 638 Curiis
1170 585 1436 637 miracula
1457 586 1573 637 voti

315 671 696 740 Fabriciisque
721 672 909 734 feram,
940 672 1130 724 Famae
1159 672 1255 738 qui
1283 670 1511 722 vulnere
1535 685 1716 736 nuper
2038 666 2148 721 380

314 755 597 810 calcatam
623 757 820 808 flevere
843 761 1048 823 togam.
1124 756 1161 808 J
1166 772 1254 807 am
1281 760 1444 823 prata
1470 753 1687 806 choreis

313 839 561 904 Pulsent,
586 858 687 892 nec
714 841 919 907 rigidos
941 840 1152 907 pudeat
1176 840 1374 891 lusisse
1399 836 1662 889 Catones.

313 924 524 977 Audiat
547 925 652 976 hoc
678 925 857 975 senior
881 925 1105 985 BrutuS‚
1133 923 1436 987 Poenisque
1457 918 1723 970 tremendi

316 1007 619 1076 Scipiadae,
648 1007 879 1072 geminis
906 1005 1129 1057 tandem
1157 1003 1309 1071 quod
1340 1004 1514 1054 libera
1539 1001 1753 1054 damnis

317 1090 499 1142 Unius
527 1091 737 1142 auxilio
763 1089 946 1143 fasces
977 1090 1325 1158 Libyamque
1350 1089 1554 1156 recepi.
2046 1086 2155 1140 385

319 1219 474 1267 quassat
506 1214 706 1266 bipennem
743 1227 936 1265 magnam.
993 1215 1119 1254 Roma
1152 1214 1290 1253 statim
1325 1218 1441 1264 atque
1478 1212 1634 1264 aspexit
1677 1223 1718 1251 se
1753 1209 1954 1259 fruentem
1994 1209 2157 1249 Consule

319 1268 518 1319 expetito:
549 1267 679 1317 Nunc,
696 1267 843 1319 inquit,
861 1281 960 1307 nunc
982 1268 1090 1314 iuvat
1109 1269 1238 1307 volare
1267 1268 1308 1306 in
1327 1269 1457 1318 sylvas
1475 1277 1694 1317 camporum
1712 1264 1952 1316 Elysiorum,
1969 1267 2015 1302 ut
2032 1263 2158 1302 dicam

315 1321 504 1373 prodigia
534 1321 717 1360 desiderii
735 1321 841 1360 tanti
863 1321 999 1360 Curiis
1029 1326 1067 1360 et
1103 1321 1314 1371 Fabriciis,
1351 1320 1417 1371 qui
1453 1319 1693 1370 defleverunt
1729 1330 1850 1368 nuper
1877 1317 2052 1356 trabeam
2080 1327 2159 1356 esse

318 1374 508 1412 violatam
542 1375 662 1424 plaga
685 1374 823 1423 famae.
878 1375 972 1413 Jam
1009 1375 1175 1414 Catones
1210 1374 1334 1412 severi
1377 1374 1530 1424 pulsent
1563 1375 1681 1423 prata
1718 1370 2002 1419 saltationibus,
2038 1381 2159 1419 neque

319 1426 546 1466 erubescant
562 1429 706 1466 ludere.
762 1428 916 1466 Brutus
932 1427 1061 1466 senior
1078 1428 1147 1466 hoc
1180 1427 1324 1477 discat,
1346 1430 1385 1465 et
1407 1426 1611 1478 Scipiones
1636 1423 1885 1473 formidandi
1906 1421 2161 1473 Carthagini·

321 1480 494 1529 ensibus,
513 1482 613 1530 quod
641 1492 719 1529 ego
740 1481 875 1519 Roma
893 1481 1060 1523 liberata
1090 1481 1247 1519 tandem
1278 1480 1331 1519 ab
1363 1479 1488 1518 exitio
1519 1478 1680 1528 duplici,
1710 1477 1874 1516 resumsi
1895 1476 2160 1524 Consulatum,

321 1536 360 1572 et
380 1533 547 1585 Libyam
566 1546 636 1585 ope
653 1533 768 1572 unius
786 1533 1045 1573 Stilichonis.
1103 1534 1218 1578 Quod
1245 1536 1384 1583 restat,
1415 1545 1439 1572 o
1468 1532 1613 1571 Consul
1637 1529 1929 1580 generosissime
1966 1528 2161 1580 Stilicho,

1097 1650 1240 1665 “OC“
1246 1651 1390 1665 “Ol“

311 1716 468 1767 ⁸iugalis
495 1717 596 1756 Put.
631 1717 730 1756 Pat.
752 1717 910 1756 Petav.
937 1729 1024 1757 sec.
1043 1718 1147 1758 Var.
1170 1719 1256 1757 LL.
1291 1717 1362 1757 ed.
1383 1717 1650 1756 Antv.—376
1679 1715 1797 1755 librat
1815 1715 1982 1755 Thnan.
2008 1713 2162 1754 vibrant
2243 1688 2246 1693 ⁸

322 1771 406 1809 duo
426 1771 548 1809 Vatt.
582 1769 754 1818 subiecta
775 1770 1073 1810 Thana—377
1102 1775 1236 1822 aptato
1266 1771 1384 1811 Prie.
1416 1770 1519 1811 Jun.
1554 1782 1617 1821 pr.
1649 1769 1813 1819 petitam
1831 1769 1933 1808 Vat.
1962 1780 2047 1808 sec.
2067 1767 2163 1808 Pal.

322 1824 447 1862 Fam.
478 1823 577 1863 Pnt.
619 1823 744 1862 ambo
774 1824 938 1863 Moret.‘
973 1824 1055 1863 inc.
1097 1824 1247 1863 Heins.
1285 1825 1353 1864 ed.
1383 1824 1663 1863 vicen—378
1691 1821 1901 1873 irrumpite
1932 1821 2038 1860 Var.
2077 1821 2163 1860 LL.

321 1888 346 1914 e
389 1889 524 1928 marg.
562 1877 709 1916 Parm.
739 1889 938 1926 erumpere
958 1877 1080 1916 Leid.
1103 1890 1189 1917 sec.
1230 1883 1276 1916 et
1304 1877 1629 1929 quatuordecim
1659 1876 1824 1926 scripti,
1855 1876 1922 1914 ed.
1954 1875 2099 1913 Parni.
2121 1880 2166 1913 et

322 1929 468 1969 vicet.
506 1930 614 1968 Exc.
636 1929 817 1968 Gevart.
836 1931 939 1969 Var.
959 1931 1046 1969 LL.
1082 1931 1151 1970 ed.
1174 1930 1302 1970 Antv.
1336 1931 1552 1981 irrumpere
1579 1930 1646 1969 vei
1680 1940 1880 1979 erumpere
1901 1928 2042 1968 Oxou.
2079 1938 2165 1967 sec.

324 1985 460 2020 -379
488 1982 578 2021 licet
606 1981 754 2022 Ambr.
783 1993 870 2022 sec.
888 1983 991 2022 Var.
1013 1984 1098 2022 LL.
1121 1984 1190 2022 ed.
1213 1982 1344 2024 Antv.
1366 1984 1508 2023 intacti
1527 1984 1626 2023 Vat.
1647 1995 1731 2022 sec.
1749 1981 1869 2021 Med.
1892 1987 1990 2021 tert.
2011 1981 2164 2020 Petav.

325 2046 415 2074 sec.
437 2035 558 2074 Leid.
578 2047 661 2074 sec.
683 2047 737 2073 m.
773 2047 838 2085 pr.
855 2036 956 2075 Var.
977 2036 1061 2074 LL.
1083 2036 1151 2075 ed.
1179 2035 1306 2076 Antv.
1327 2037 1470 2076 intacti
1508 2036 1622 2075 viciis
1639 2037 1799 2075 Moret.
1838 2046 1904 2085 pr.
1935 2034 2078 2073 intacti
2097 2034 2167 2072 vel

324 2092 364 2126 et
384 2087 489 2126 tanti
524 2088 629 2126 Lov.
649 2089 791 2126 intacti
822 2094 866 2126 et
888 2090 1159 2129 emendatum
1192 2094 1232 2128 et
1263 2091 1368 2129 tanti
1391 2090 1510 2128 Leid.
1547 2101 1612 2140 pr.
1645 2100 1783 2129 cursus
1803 2100 1878 2139 pro
1902 2088 2035 2127 Curiis
2061 2087 2166 2128 Jun.

326 2152 393 2191 pr.
424 2140 678 2179 Pric.-—380
706 2153 853 2179 moram
881 2142 986 2180 Lov.
1015 2154 1072 2180 m.
1112 2155 1175 2193 pr.
1212 2141 1340 2190 famis
1367 2143 1509 2182 Vicet.
1528 2143 1671 2182 Parm.
1717 2143 1878 2181 vulnera
1912 2140 2170 2192 conjiciebat

327 2192 549 2240 Heinsius,
597 2194 669 2244 qni
713 2199 758 2233 et
808 2194 979 2233 obelum
1011 2195 1107 2234 huic
1140 2194 1280 2234 versui
1319 2200 1594 2246 apposuerat,
1636 2207 1784 2245 semper
1817 2194 1937 2234 Med.
1972 2198 2168 2245 quart.——
2227 2233 2231 2238 s

327 2249 402 2285 381
439 2247 665 2285 calcantem
716 2248 820 2298 Reg.
870 2247 1011 2286 Oxou.
1074 2260 1135 2297 pr.
1183 2261 1239 2288 m.
1270 2259 1335 2299 pr.
1373 2253 1488 2299 parta
1510 2249 1592 2287 inc.
1621 2247 1909 2287 Heius—382
1939 2260 1988 2286 ne
2019 2246 2169 2297 rigidos

325 2300 487 2339 Thuan.
526 2300 665 2338 lusisse
684 2300 783 2340 Vat.
821 2312 906 2339 sec.
946 2301 1101 2339 cessisse
1133 2302 1256 2341 Farn.
1290 2301 1436 2346 luxisse
1465 2301 1584 2342 Leid.
1621 2312 1706 2339 sec.
1742 2300 1836 2338 Pal.
1856 2301 1982 2339 Voss.
2013 2300 2168 2339 Petav.

329 2363 417 2391 sec.
460 2353 569 2391 Exc.
603 2352 783 2391 Gevart.
817 2353 957 2391 vidisse
985 2353 1044 2404 [f.
1082 2354 1232 2404 risisse]
1275 2355 1573 2393 Manu—383
1603 2355 1761 2392 Audeat
1796 2353 1895 2392 Vat.
1924 2364 1989 2403 pr.
2018 2365 2074 2391 m.
2103 2364 2168 2402 pr.

327 2405 424 2444 Pal.
491 2405 682 2443 Florem.
730 2405 849 2444 Med.
905 2418 971 2456 pr.
1021 2406 1205 2446 Gaudeat
1254 2407 1518 2458 conjiciebat
1564 2407 1715 2446 Heins.
1761 2405 1843 2444 haec
1881 2407 1982 2455 Vat,
2032 2405 2168 2456 quint.

328 2456 481 2497 Ambr.
519 2470 585 2508 pr.
622 2458 740 2496 Med.
776 2470 863 2497 sec.
903 2458 1077 2498 'l‘holos.
1113 2461 1262 2499 Brutos
1281 2460 1397 2499 Pric.
1431 2461 1587 2499 Brutus
1621 2460 1748 2498 senior
1780 2459 1941 2497 Movet.
1983 2470 2047 2508 pr.
2066 2458 2169 2503 Vat,

328 2522 414 2551 sec.
449 2514 681 2562 penitusque
719 2511 802 2550 inc.
827 2511 975 2551 Heius.
1005 2515 1224 2552 tremendus
1259 2512 1408 2554 Anibr.
1444 2525 1505 2562 pr.
1539 2513 1731 2551 tremendi
1763 2511 1883 2551 Med.
1922 2516 2026 2551 tert.
2061 2511 2169 2550 Exc.

330 2565 512 2604 Lucens.
547 2576 611 2615 pr.
651 2563 718 2603 ed.
749 2564 890 2604 Vicet.
920 2565 1083 2604 timendi
1115 2567 1305 2606 Flos-ent.
1338 2565 1487 2605 Ambr.
1520 2577 1604 2604 sec.
1639 2565 1724 2604 inc.
1758 2564 1908 2604 Heins.
1945 2564 2029 2604 duo
2048 2564 2170 2603 Med.

330 2620 466 2657 -384
494 2629 579 2668 quae
602 2618 709 2656 Exc.
739 2618 864 2666 Laeti,
901 2618 1002 2657 Var.
1035 2619 1119 2658 LL.
1158 2631 1182 2657 e
1229 2631 1363 2670 marg.
1394 2618 1541 2658 Parni.
1586 2618 1653 2669 qui
1699 2618 1826 2657 Farn.
1858 2617 1927 2657 ed.
1950 2618 2093 2657 Parm.
2125 2622 2172 2656 et

330 2670 611 2709 Vicet.—385
633 2671 774 2708 Paenos
806 2682 884 2721 pro
902 2670 1035 2718 fasces
1064 2672 1165 2711 Put.
1200 2673 1356 2711 Petav.
1386 2683 1471 2711 sec.
1489 2671 1633 2712 Oxou.
1663 2683 1748 2712 sec.
1783 2683 1838 2710 m.
1858 2683 1943 2710 sec.
1963 2672 2065 2709 Var.
2085 2671 2172 2710 LL-

331 2734 356 2761 e
378 2734 512 2774 marg.
531 2722 677 2762 Parm.
712 2723 854 2762 Poenos
881 2724 965 2763 duo
987 2724 1137 2763 Leidd.
1158 2726 1259 2765 Vat.
1294 2737 1379 2766 sec.
1403 2724 1522 2764 Med.
1561 2728 1662 2764 tert.
1696 2725 1781 2764 inc.
1816 2724 1966 2763 Heius.
2003 2725 2171 2764 Bonon.

332 2776 499 2815 'Pholos.
536 2777 695 2817 Moret.
732 2789 796 2826 pr.
835 2785 919 2816 vet.
942 2776 1048 2828 Gyr.
1083 2778 1188 2817 Exc.
1217 2778 1396 2818 Gevart.
1419 2779 1601 2817 Lucens.
1621 2790 1686 2828 pr.
1705 2778 1772 2817 ed.
1792 2778 1936 2817 Vicet.
1957 2778 2060 2816 Var.
2082 2777 2169 2816 LL.

335 2829 402 2870 ed.
428 2828 558 2870 Antv.
567 2828 699 2878 fasces
721 2831 790 2870 vel·
805 2830 945 2869 Poenos
962 2831 1059 2871 Vat.
1080 2843 1143 2882 pr.
1164 2832 1269 2871 Lov,
1300 2831 1446 2883 peremi
1466 2832 1567 2871 Vat.
1599 2836 1701 2871 tert.
1720 2844 1775 2871 m.
1797 2843 1863 2883 pr.
1898 2831 2044 2881 recepit
2068 2829 2171 2871 vat.

1163 2939 1337 2980 NOTAE

391 3025 470 3062 378
501 3024 632 3074 Elysii
661 3024 806 3074 campi]
850 3026 968 3064 Loca
985 3031 1107 3065 erant
1127 3026 1224 3066 des·
1292 3027 1450 3078 tropio,
1480 3026 1524 3066 id
1560 3026 1774 3066 discentes
1795 3027 1904 3065 malo
1925 3036 2091 3064 rumore
2110 3024 2172 3064 fa-

337 3084 475 3125 tinata
510 3085 674 3134 beatis;
711 3086 786 3124 ἀπὸ
818 3088 889 3125 τοῦ
923 3086 1045 3140 λύειν,
1062 3091 1224 3140 solvere,
1290 3100 1502 3140 mae‚quae
1533 3089 1613 3127 hoc
1647 3101 1815 3128 rumore
1851 3093 2052 3139 tanquam
2082 3088 2175 3127 vul·
2220 3084 2252 3122 Ἴ-
2298 3098 2300 3127 1

341 3147 455 3200 qnod
476 3147 534 3186 ibi
557 3155 700 3187 essent
719 3150 845 3188 soluti
865 3151 991 3190 curis.
1290 3162 1394 3189 nere
1424 3149 1676 3189 vulnerabat
1707 3162 1852 3193 eorum
1890 3161 2023 3188 aures.
2077 3149 2174 3188 Vir-

346 3219 351 3224 ·
393 3213 473 3250 379
501 3211 704 3250 Miracula
731 3212 830 3263 voti]
871 3214 1084 3254 Miracula
1115 3213 1222 3254 desi·
1291 3212 1442 3262 gilius:
1483 3213 1495 3233 ‘
1519 3211 1704 3250 Gravior
1751 3223 1803 3250 ne
1842 3211 2014 3250 nuntius
2047 3222 2172 3251 aures
2244 3200 2246 3203 V

342 3273 450 3313 derii
468 3274 645 3325 expleti.
1292 3273 1516 3313 vulneret:

395 3339 474 3375 380
504 3336 640 3376 Famoe
672 3336 846 3387 vulnere]
889 3308 1119 3379 Fleverunt
1158 3342 1220 3378 to·
1341 3339 1419 3375 385
1443 3336 1597 3387 Fasces,
1610 3335 1866 3388 Libyamque]
1887 3311 2175 3388 Recepisasces,
2243 3363 2248 3366 -
2297 3358 2300 3369 =

340 3411 436 3452 gam
472 3400 685 3442 calcatam
716 3401 999 3455 violatamque
1047 3403 1100 3442 ab
1136 3402 1220 3442 Eu·
1289 3411 1364 3441 seu
1383 3400 1675 3453 Consulatum,
1702 3399 1774 3453 qui
1792 3400 1982 3440 calcatus
2001 3404 2047 3444 et
2075 3410 2172 3452 per·
