2300 3906
595 198 661 239 1N
703 199 742 239 1.
780 200 955 239 coNS.
995 199 1266 239 s'rlmcH.
1308 196 1426 240 LIB.
1467 201 1507 239 1.
1845 193 1952 246 601

143 314 465 368 Maurorum
490 313 667 372 Gildo
682 318 938 384 populos,
966 318 1167 386 quibus
1190 320 1431 371 imminet
1454 317 1635 383 Atlas»,

143 399 216 452 Et
239 415 379 468 quos
403 398 621 451 interior
645 398 813 450 nimio
838 402 1005 468 plaga
1026 404 1142 454 sole
1164 403 1365 470 relegat
1384 420 1399 470 ;

143 481 299 546 Quos
322 498 495 549 vagus
519 481 788 534 humectat
812 483 1044 552 CinypS‚
1071 492 1126 538 et
1149 487 1438 553 proximus
1460 488 1636 539 hortis

143 564 514 633 Hesperidum
539 564 750 629 Triton,
776 572 830 619 et
854 567 955 619 Gir
979 570 1299 643 notissimus
1326 570 1505 621 amnis

140 648 478 715 AEthiopum,
501 648 666 700 simili
689 652 946 703 mentitus
969 654 1181 720 gurgite
1210 652 1424 705 Nilum.

137 730 384 783 Venerat
405 738 463 783 et
484 733 670 800 parvis
695 733 980 786 redimitus
1007 735 1178 787 Nuba
1201 736 1439 803 sagittiS,

140 812 212 866 Et
237 815 401 867 velox
426 814 701 869 Garamas
724 834 736 871 :
776 833 874 871 nec
901 819 1156 886 quamvis
1180 821 1436 872 tristibus
1461 818 1702 873 Ammon

1850 403 1957 455 250

1852 821 1961 874 255

136 969 223 1010 cina
255 971 480 1010 Meridiana
508 973 715 1024 increpuit.
775 975 893 1013 Gildo
926 975 1083 1014 insanus
1110 975 1349 1014 excitaverat
1372 979 1510 1025 gentes
1547 976 1792 1024 Maurorum,
1820 975 1959 1026 quibus

137 1023 253 1063 Atlas
282 1024 491 1074 impendet,
524 1031 562 1064 et
581 1039 672 1076 quos
689 1029 797 1076 regio
824 1027 963 1067 intima
998 1034 1093 1066 usta
1125 1028 1214 1067 Sole
1228 1029 1445 1067 ardentiore
1463 1033 1628 1067 removet
1648 1042 1671 1067 a
1692 1029 1812 1068 nobis
1834 1043 1845 1077 ;
1864 1042 1956 1080 quos

137 1076 313 1128 Cinyphe
347 1078 584 1117 errabundus
615 1079 747 1129 alluit,
782 1084 821 1118 et
854 1080 992 1119 Triton
1019 1082 1255 1131 propinquus
1286 1082 1411 1120 hortis
1438 1082 1714 1132 Hesperidum,
1733 1085 1771 1121 et
1791 1082 1869 1121 Gir
1877 1082 1960 1133 flu-

137 1130 222 1168 vius
239 1129 504 1170 celeberrimus
522 1131 769 1183 AEthiopum,
782 1133 946 1171 imitans
964 1133 1101 1172 Nilum
1115 1134 1371 1173 exundatione
1386 1135 1490 1185 pari.
1538 1134 1663 1173 Nubae
1681 1147 1824 1186 quoque
1839 1136 1959 1174 cincti

125 1182 270 1231 jaculis
301 1183 459 1234 exiguis
488 1186 740 1237 advenerant,
772 1189 811 1225 et
850 1186 1111 1226 Garamantes
1151 1188 1292 1226 celeres
1307 1200 1324 1234 ;
1356 1200 1476 1238 neque
1510 1187 1684 1238 Jupiter
1712 1190 1877 1227 Ammon
1895 1201 1961 1227 va·

903 1290 952 1305 N
955 1290 1199 1306 ΟΟΟΟΟΟΟΟΟ

137 1359 202 1394 rat
221 1367 350 1395 omnes
377 1368 522 1397 omnes
553 1359 671 1397 Vatt.
694 1358 788 1397 Pal.
811 1358 936 1400 Farn.
969 1359 1085 1400 Prie.
1106 1360 1229 1400 Rott.
1251 1359 1384 1400 Oisel.
1404 1361 1510 1398 Exc.
1541 1358 1663 1398 Laeti.
1704 1358 1827 1396 omnis
1854 1358 1959 1398 Exc.

139 1407 320 1448 Lucens.
340 1422 405 1460 pr.
453 1423 583 1450 amnes
599 1412 682 1451 inc.
703 1412 854 1451 Heins.
901 1426 1030 1453 amens
1066 1414 1175 1465 Reg.
1208 1413 1358 1452 Petav.
1379 1425 1465 1452 sec.
1484 1413 1648 1451 Bonon.
1664 1411 1832 1450 Tholos.
1855 1411 1960 1451 Lov.

138 1460 295 1501 Moret.
311 1469 354 1502 et
371 1463 514 1503 Oxon.
530 1475 618 1503 sec.
634 1476 691 1504 m.
710 1477 795 1504 sec.
816 1465 899 1504 duo
912 1467 1032 1506 Med.
1046 1471 1132 1505 tres
1147 1466 1292 1506 Ambr.
1309 1467 1411 1505 Var.
1434 1467 1518 1505 LL.
1536 1478 1559 1504 e
1575 1477 1707 1516 marg.
1725 1464 1867 1503 Parm.
1885 1477 1962 1502 om-

137 1526 204 1553 nes
219 1515 286 1554 vel
300 1528 430 1555 amens
444 1517 604 1556 Mazar.
625 1518 770 1558 Oxon.
789 1523 990 1568 pr.—249
1019 1520 1167 1559 Gildon
1184 1520 1290 1558 Exc.
1312 1519 1577 1558 Laeti.-—25o
1605 1517 1772 1557 ulterior
1799 1518 1960 1556 'I‘huam

138 1566 302 1607 interior
329 1570 397 1608 vel
417 1571 579 1609 ulterior
612 1571 735 1610 Farn.
754 1571 873 1612 Med.
895 1585 958 1623 pr.
999 1577 1131 1612 nostro
1144 1574 1266 1624 plaga
1283 1573 1451 1611 Tholos.
1497 1573 1646 1621 relegas
1679 1571 1777 1610 Pat.
1820 1570 1961 1620 relegit

138 1620 296 1661 Moret.
316 1626 511 1672 ρει-251
542 1624 676 1663 Deest
697 1624 764 1664 hic
783 1636 931 1664 versus
948 1626 1067 1665 Med.
1086 1632 1184 1665 tert.
1205 1627 1304 1666 Put.
1319 1634 1364 1665 et
1378 1627 1532 1665 Petav.
1554 1637 1635 1663 sec.
1669 1624 1755 1668 Quo
1768 1624 1961 1663 Florent.

141 1673 306 1726 Gynyps
320 1675 444 1714 Leid.
463 1688 529 1727 pr.
578 1677 734 1729 Gynips
761 1677 948 1718 Florent.
983 1679 1142 1719 Moret-
1163 1692 1228 1731 pr.
1262 1679 1366 1719 Var.
1403 1679 1488 1718 LL.
1526 1678 1593 1716 ed.
1627 1676 1760 1717 AntV.
1806 1677 1963 1728 Ginyps

139 1730 229 1765 tres
248 1729 368 1768 Vatt.
385 1729 512 1769 Farn.
532 1729 648 1769 Pric.
666 1730 798 1769 oisel.
830 1732 1011 1783 Gynipus
1028 1733 1196 1771 Tlnolos.
1244 1731 1380 1782 Sinips
1397 1732 1514 1771 Med.
1535 1736 1673 1782 quart.
1704 1730 1822 1769 Ginis
1842 1729 1962 1768 Med.

138 1790 226 1819 see.
276 1781 400 1832 Ginip
417 1782 578 1825 Thuan.
598 1783 762 1822 Mazar.
811 1784 940 1834 Gipus
959 1785 1060 1826 Jun.
1082 1797 1144 1837 pr.
1172 1785 1312 1825 Oxon.
1342 1797 1424 1823 sec..
1469 1784 1624 1834 Gnipus
1657 1783 1748 1822 Pal.
1792 1782 1964 1834 Ginipus

140 1829 260 1872 Med.
294 1846 358 1883 pr.
406 1835 620 1885 Cinipheus
655 1837 758 1875 Vat.
792 1837 932 1888 quint.
971 1838 1074 1876 Lov.
1119 1838 1273 1890 Ginyps
1305 1838 1372 1876 vel
1407 1838 1594 1888 Ciniphus
1625 1837 1724 1875 Vat.
1763 1841 1962 1886 quart.—

139 1887 219 1924 252
250 1886 331 1925 Gir
368 1886 502 1926 Oisel.
538 1889 646 1928 Exc.
685 1888 796 1927 Laeti
827 1894 873 1928 et
910 1891 1092 1929 Lucens.
1142 1891 1232 1942 Gyr
1258 1890 1377 1929 Leid.
1399 1902 1461 1940 pr.
1509 1890 1579 1928 Gil
1597 1890 1697 1927 Vat.
1718 1895 1819 1927 tert.
1840 1887 1961 1926 Med.

139 1949 228 1979 sec.
244 1939 349 1980 Lov.
367 1939 453 1980 inc.
474 1940 623 1981 Heins.
644 1940 795 1980 Ambr.
816 1954 902 1983 sec.
948 1943 1023 1981 Git
1043 1944 1201 1982 Moret.
1223 1955 1287 1993 pr.
1339 1943 1415 1980 Gis
1434 1942 1552 1981 Med.
1571 1946 1708 1992 quart.
1729 1940 1800 1979 ed.
1816 1941 1961 1979 Vicet.

142 1991 246 2031 Gins
262 1992 363 2034 Jun.
379 2005 445 2044 pr.
489 1994 573 2033 Hic
594 1994 717 2034 Rott.
735 2007 791 2033 m.
814 2007 878 2046 pr.
928 1996 1011 2036 Ger
1031 1996 1173 2036 Oxon.
1208 2008 1272 2047 pr.
1307 1995 1461 2035 Petav.
1482 2007 1567 2033 sec.
1591 1994 1711 2032 Med.
1732 1999 1829 2032 tert.
1853 1993 1961 2043 Reg.

138 2044 241 2085 Put.
259 2046 359 2087 Pat.
381 2047 488 2087 Exc.
508 2048 687 2087 Gevart.
710 2048 811 2087 Var.
847 2049 932 2088 LL.
972 2049 1041 2088 ed.
1072 2051 1204 2088 Antv.
1255 2048 1329 2088 Git
1348 2049 1414 2087 vel
1435 2048 1513 2086 Gir
1535 2048 1638 2086 Exc.
1670 2047 1781 2086 Laeti
1799 2058 1852 2086 m.
1877 2057 1964 2085 sec.

138 2098 367 2139 novissimus
384 2100 480 2139 Pal.
505 2100 623 2141 Med.
645 2113 710 2152 pr.
741 2101 1044 2142 Timum—253
1072 2103 1233 2152 gurgite
1259 2103 1359 2141 Vat.
1380 2106 1479 2140 tert.
1515 2100 1684 2151 flumine
1704 2100 1829 2138 Farn.
1875 2111 1965 2138 san-

134 2151 255 2202 gaiae
274 2153 375 2193 Put.
395 2154 494 2193 Pat.
517 2153 662 2193 Ambr.
697 2159 799 2194 tert.
831 2155 937 2195 LoV.
957 2167 1055 2195 cum
1086 2157 1238 2206 glossa,
1258 2156 1285 2195 i.
1301 2167 1334 2194 e.
1354 2154 1506 2204 origine
1527 2155 1678 2193 Petav.
1695 2165 1780 2193 sec.
1795 2158 1840 2191 et
1860 2156 1963 2193 tert.

137 2205 876 2301 322-03222123¹⁰1322T¹3ffi²33ff
891 2209 1000 2302 {¹554
1008 2209 1130 2302 ‘1335
1134 2215 1243 2301 “T
1238 2208 1489 2302 {22³3ssss
1490 2206 1814 2300 ώῖςτὲηἱὶιῗξξὲ
1818 2235 1828 2246 ·
1843 2205 1966 2298 31214

139 2310 242 2352 Jnn.
260 2324 326 2364 pr.
365 2314 472 2353 Juua
501 2315 595 2354 Pal.
628 2315 763 2355 Oisel.
805 2315 926 2355 Nuda
967 2316 1051 2356 inc.
1086 2275 1237 2356 Hei'ns.
1283 2315 1408 2366 Myba
1436 2315 1545 2354 Exc.
1566 2313 1691 2352 Laeti.
1735 2312 1854 2352 Nuba
1880 2311 1965 2351 duo

138 2363 260 2412 vm.
278 2366 392 2406 Prie.
410 2368 605 2408 Florent.
621 2367 738 2407 Med.
754 2373 858 2407 tert.
875 2374 959 2408 vet.
977 2369 1082 2421 Gyr.
1095 2370 1200 2408 Lov.
1212 2369 1372 2407 Moret.
1394 2380 1481 2407 see.
1502 2367 1601 2406 Put.
1618 2365 1781 2404 Mazar.
1797 2365 1966 2403 Bonon.

141 2415 243 2457 Pat.
260 2419 429 2459 Tholas.
444 2426 530 2460 tres
550 2422 702 2460 Petav.
720 2421 901 2460 totidem
921 2420 1070 2461 Ambr.
1090 2423 1200 2462 Exc.
1218 2421 1383 2461 Schott.
1404 2420 1582 2459 Gevart.
1603 2423 1648 2457 et
1674 2418 1856 2457 Lucens.
1877 2428 1965 2456 sec.

141 2469 244 2511 item
264 2472 333 2511 ed.
344 2473 487 2513 Vicet.
523 2475 628 2514 Juva
644 2475 711 2514 vel
732 2473 851 2514 Nuba
867 2474 970 2515 Vat.
989 2479 1193 2527 pr.-255
1223 2475 1444 2513 Garamans
1463 2470 1586 2511 Leid.
1618 2481 1685 2522 pr.
1714 2470 1856 2510 Oxou.
1875 2480 1966 2510 see.

969 2587 1144 2628 NOTAE

142 2696 208 2731 tos
223 2690 265 2730 in
280 2691 595 2744 septemtrione
611 2708 620 2734 :
647 2692 801 2747 ἄρκτος,
817 2707 925 2747 ursa,
937 2695 1018 2748 sig-

141 2765 242 2810 nnm
261 2754 450 2795 coeleste.

195 2820 276 2857 249
302 2816 437 2869 Atlas]
479 2818 604 2859 Mons
635 2820 865 2860 altissimus
898 2821 1020 2860 Mau-

1085 2706 1212 2747 quem
1239 2699 1341 2734 nata
1367 2693 1581 2744 Minerva,
1611 2692 1710 2732 inde
1736 2691 1855 2732 dicta
1878 2691 1966 2731 Tri·

1085 2760 1239 2869 congir]
1275 2817 1447 2857 Fluvius
1483 2816 1727 2867 AEthiopum
1759 2814 1880 2854 alluit
1898 2827 1966 2854 ur-

144 2881 310 2922 titaniae
331 2882 374 2921 in
391 2881 556 2923 Africa.

197 2949 276 2988 2⁵0
305 2947 492 2999 Relegat]
535 2947 620 2990 Qui
647 2953 748 2989 sunt
775 2948 944 2998 remoti,
975 2954 1020 2989 et

144 3008 263 3049 velut
300 3009 483 3061 relegati
529 3010 585 3050 ob
628 3024 776 3052 zonam
821 3012 1022 3052 torridam

143 3070 263 3112 nimio
279 3073 372 3123 sole,
390 3072 434 3112 id
454 3078 533 3124 est,
546 3074 668 3114 nimis
689 3075 882 3128 ardente,
895 3075 1021 3116 adus-

146 3137 250 3174 tam.

160 3230 163 3231 γ
194 3199 277 3237 251
307 3197 473 3253 Cinyps]
510 3200 682 3240 Flavius
717 3200 892 3252 Libyae3
923 3202 1022 3241 hinc

140 3255 399 3316 Cinyphius,
436 3260 479 3300 id
514 3268 596 3313 est,
628 3262 832 3315 Libycus.
884 3265 1023 3318 Supra

149 3317 206 3361 de
225 3315 339 3359 bello
354 3321 474 3363 Gild.
493 3336 556 3364 vs.
575 3328 616 3366 8.

202 3380 283 3420 252
313 3381 467 3438 Mon]
489 3385 620 3430 Palus
651 3399 730 3429 seu
751 3386 930 3442 fluvius,
967 3390 1021 3431 ad

1085 2880 1183 2921 bem
1225 2879 1537 2932 cognominem,
1569 2885 1619 2919 nt
1651 2878 1786 2918 tradit
1819 2878 1967 2918 Ptole-

1086 2955 1233 2983 maeus.
1277 2941 1483 2983 Nonnulli
1503 2946 1658 2993 putant
1675 2952 1769 2980 esse
1787 2938 1964 2980 fluvium

1089 3005 1276 3055 Nigrum.

1140 3072 1220 3109 254
1249 3066 1386 3117 Nuba]
1414 3067 1562 3112 Νοῦβαι
1576 3064 1683 3107 ἔθνος
1702 3064 1847 3114 Λιβύης
1861 3067 1966 3119 παρὰ

1088 3131 1230 3183 Νείλῳ,
1271 3131 1399 3173 Nubae
1432 3145 1530 3183 gens
1563 3131 1701 3184 Libyoe
1731 3133 1783 3172 ad
1814 3132 1965 3172 Nilum.

1087 3195 1255 3236 Suidas.

1140 3263 1217 3300 255
1250 3256 1461 3308 Garamas]
1489 3258 1790 3307 Garamantes,
1815 3255 1964 3308 populi

1087 3321 1301 3362 interioris
1321 3320 1485 3373 Libyae,
1501 3321 1613 3361 sicut
1628 3325 1674 3360 et
1688 3320 1964 3360 Nasamones.

1139 3383 1328 3435 Ammon]
1354 3383 1440 3424 Seu
1465 3382 1682 3424 Hammon
1700 3380 1877 3432 Jupiter
1892 3391 1963 3420 eo-
