<?xml version="1.0" encoding="UTF-8"?>
<!DOCTYPE html PUBLIC "-//W3C//DTD XHTML 1.0 Transitional//EN"
    "http://www.w3.org/TR/xhtml1/DTD/xhtml1-transitional.dtd">
<html xmlns="http://www.w3.org/1999/xhtml" xml:lang="en" lang="en">
 <head>
  <title>
</title>
<meta http-equiv="Content-Type" content="text/html;charset=utf-8" />
  <meta name='ocr-system' content='tesseract 3.04.00' />
  <meta name='ocr-capabilities' content='ocr_page ocr_carea ocr_par ocr_line ocrx_word'/>
</head>
<body>
  <div class='ocr_page' id='page_1' title='image "./operaomniaexedit02clauuoft/operaomniaexedit02clauuoft_0293.png"; bbox 0 0 2300 3906; ppageno 0'>
   <div class='ocr_carea' id='block_1_1' title="bbox 718 198 1968 252">
    <p class='ocr_par' dir='ltr' id='par_1_1' title="bbox 718 198 1968 252">
     <span class='ocr_line' id='line_1_1' title="bbox 718 198 1968 252; baseline 0 -2"><span class='ocrx_word' id='word_1_1' title='bbox 718 211 797 250; x_wconf 77' lang='lat' dir='ltr'>nn</span> <span class='ocrx_word' id='word_1_2' title='bbox 838 210 922 250; x_wconf 81' lang='lat' dir='ltr'>vr.</span> <span class='ocrx_word' id='word_1_3' title='bbox 963 211 1139 252; x_wconf 69' lang='lat' dir='ltr'>cons.</span> <span class='ocrx_word' id='word_1_4' title='bbox 1179 210 1413 252; x_wconf 63' lang='lat' dir='ltr'>nonore.</span> <span class='ocrx_word' id='word_1_5' title='bbox 1859 198 1968 251; x_wconf 78' lang='lat'>795</span> 
     </span>
    </p>
   </div>
   <div class='ocr_carea' id='block_1_2' title="bbox 157 327 1797 1401">
    <p class='ocr_par' dir='ltr' id='par_1_2' title="bbox 160 327 1542 482">
     <span class='ocr_line' id='line_1_2' title="bbox 160 327 1542 396; baseline 0.001 -16"><span class='ocrx_word' id='word_1_6' title='bbox 160 327 419 381; x_wconf 82' lang='lat' dir='ltr'><strong>Dixerat.</strong></span> <span class='ocrx_word' id='word_1_7' title='bbox 497 329 598 380; x_wconf 93' lang='lat' dir='ltr'>Ille</span> <span class='ocrx_word' id='word_1_8' title='bbox 623 332 789 394; x_wconf 86' lang='lat' dir='ltr'>caput</span> <span class='ocrx_word' id='word_1_9' title='bbox 811 328 1052 396; x_wconf 89' lang='lat' dir='ltr'>placidis</span> <span class='ocrx_word' id='word_1_10' title='bbox 1075 331 1308 382; x_wconf 88' lang='lat' dir='ltr'>sublime</span> <span class='ocrx_word' id='word_1_11' title='bbox 1331 328 1542 382; x_wconf 89' lang='lat' dir='ltr'>fluentis</span> 
     </span>
     <span class='ocr_line' id='line_1_3' title="bbox 160 411 1317 482; baseline 0.003 -20"><span class='ocrx_word' id='word_1_12' title='bbox 160 412 389 474; x_wconf 84' lang='lat' dir='ltr'><strong>Extulit,</strong></span> <span class='ocrx_word' id='word_1_13' title='bbox 414 416 470 463; x_wconf 84' lang='lat' dir='ltr'>et</span> <span class='ocrx_word' id='word_1_14' title='bbox 489 414 620 462; x_wconf 86' lang='lat' dir='ltr'>totis</span> <span class='ocrx_word' id='word_1_15' title='bbox 642 411 820 462; x_wconf 89' lang='lat' dir='ltr'>lucem</span> <span class='ocrx_word' id='word_1_16' title='bbox 846 417 1156 480; x_wconf 81' lang='lat' dir='ltr'>spargentia</span> <span class='ocrx_word' id='word_1_17' title='bbox 1179 415 1317 482; x_wconf 82' lang='lat' dir='ltr'>ripis</span> 
     </span>
    </p>

    <p class='ocr_par' dir='ltr' id='par_1_3' title="bbox 158 492 1326 548">
     <span class='ocr_line' id='line_1_4' title="bbox 158 492 1326 548; baseline 0.002 -2"><span class='ocrx_word' id='word_1_18' title='bbox 158 494 348 547; x_wconf 89' lang='lat' dir='ltr'>Aurea</span> <span class='ocrx_word' id='word_1_19' title='bbox 371 495 567 545; x_wconf 89' lang='lat' dir='ltr'>roranti</span> <span class='ocrx_word' id='word_1_20' title='bbox 589 494 886 547; x_wconf 87' lang='lat' dir='ltr'>micuerunt</span> <span class='ocrx_word' id='word_1_21' title='bbox 911 512 1112 548; x_wconf 90' lang='lat' dir='ltr'>cornua</span> <span class='ocrx_word' id='word_1_22' title='bbox 1135 492 1326 548; x_wconf 48' lang='lat' dir='ltr'>vultu(</span> 
     </span>
    </p>

    <p class='ocr_par' dir='ltr' id='par_1_4' title="bbox 157 577 1797 1401">
     <span class='ocr_line' id='line_1_5' title="bbox 160 577 1473 645; baseline 0.002 -15"><span class='ocrx_word' id='word_1_23' title='bbox 160 577 290 630; x_wconf 89' lang='lat' dir='ltr'>Non</span> <span class='ocrx_word' id='word_1_24' title='bbox 317 579 393 628; x_wconf 88' lang='lat' dir='ltr'>illi</span> <span class='ocrx_word' id='word_1_25' title='bbox 420 577 699 628; x_wconf 90' lang='lat' dir='ltr'>madidum</span> <span class='ocrx_word' id='word_1_26' title='bbox 724 579 961 645; x_wconf 86' lang='lat' dir='ltr'>vulgaris</span> <span class='ocrx_word' id='word_1_27' title='bbox 986 579 1247 631; x_wconf 89' lang='lat' dir='ltr'>arundine</span> <span class='ocrx_word' id='word_1_28' title='bbox 1271 581 1473 633; x_wconf 89' lang='lat' dir='ltr'>crinem</span> 
     </span>
     <span class='ocr_line' id='line_1_6' title="bbox 157 660 1515 731; baseline 0.001 -18"><span class='ocrx_word' id='word_1_29' title='bbox 157 660 324 713; x_wconf 86' lang='lat' dir='ltr'>Velat</span> <span class='ocrx_word' id='word_1_30' title='bbox 348 662 550 712; x_wconf 90' lang='lat' dir='ltr'>honos:</span> <span class='ocrx_word' id='word_1_31' title='bbox 589 664 724 713; x_wconf 87' lang='lat' dir='ltr'>rami</span> <span class='ocrx_word' id='word_1_32' title='bbox 748 669 914 731; x_wconf 86' lang='lat' dir='ltr'>caput</span> <span class='ocrx_word' id='word_1_33' title='bbox 936 665 1260 715; x_wconf 81' lang='lat' dir='ltr'><strong>umbravere</strong></span> <span class='ocrx_word' id='word_1_34' title='bbox 1283 664 1515 715; x_wconf 73' lang='lat' dir='ltr'>virentes</span> 
     </span>
     <span class='ocr_line' id='line_1_7' title="bbox 160 743 1423 814; baseline 0 -18"><span class='ocrx_word' id='word_1_35' title='bbox 160 743 480 805; x_wconf 86' lang='lat' dir='ltr'>Heliadum,</span> <span class='ocrx_word' id='word_1_36' title='bbox 509 746 741 811; x_wconf 84' lang='lat' dir='ltr'>totisque</span> <span class='ocrx_word' id='word_1_37' title='bbox 766 747 938 799; x_wconf 89' lang='lat' dir='ltr'>fluunt</span> <span class='ocrx_word' id='word_1_38' title='bbox 960 747 1166 798; x_wconf 87' lang='lat' dir='ltr'>electra</span> <span class='ocrx_word' id='word_1_39' title='bbox 1187 746 1423 814; x_wconf 77' lang='lat' dir='ltr'>capillis,</span> 
     </span>
     <span class='ocr_line' id='line_1_8' title="bbox 158 828 1485 898; baseline 0.002 -18"><span class='ocrx_word' id='word_1_40' title='bbox 158 828 318 881; x_wconf 87' lang='lat' dir='ltr'>Palla</span> <span class='ocrx_word' id='word_1_41' title='bbox 343 829 474 893; x_wconf 87' lang='lat' dir='ltr'>tegit</span> <span class='ocrx_word' id='word_1_42' title='bbox 496 828 642 879; x_wconf 86' lang='lat' dir='ltr'>latos</span> <span class='ocrx_word' id='word_1_43' title='bbox 668 830 944 894; x_wconf 84' lang='lat' dir='ltr'>humeros,</span> <span class='ocrx_word' id='word_1_44' title='bbox 973 847 1237 898; x_wconf 89' lang='lat' dir='ltr'>curruque</span> <span class='ocrx_word' id='word_1_45' title='bbox 1259 835 1485 898; x_wconf 88' lang='lat' dir='ltr'>paterno</span> 
     </span>
     <span class='ocr_line' id='line_1_9' title="bbox 160 911 1519 981; baseline 0.001 -16"><span class='ocrx_word' id='word_1_46' title='bbox 160 913 413 965; x_wconf 85' lang='lat' dir='ltr'>lntextus</span> <span class='ocrx_word' id='word_1_47' title='bbox 439 911 730 964; x_wconf 72' lang='lat' dir='ltr'>Phaethon</span> <span class='ocrx_word' id='word_1_48' title='bbox 756 916 982 981; x_wconf 86' lang='lat' dir='ltr'>glaucos</span> <span class='ocrx_word' id='word_1_49' title='bbox 1006 916 1245 967; x_wconf 86' lang='lat' dir='ltr'>incendit</span> <span class='ocrx_word' id='word_1_50' title='bbox 1268 916 1519 968; x_wconf 83' lang='lat' dir='ltr'>amictuS.</span> 
     </span>
     <span class='ocr_line' id='line_1_10' title="bbox 161 996 1486 1063; baseline 0.003 -16"><span class='ocrx_word' id='word_1_51' title='bbox 161 996 431 1063; x_wconf 85' lang='lat' dir='ltr'>Fultaque</span> <span class='ocrx_word' id='word_1_52' title='bbox 457 998 560 1047; x_wconf 87' lang='lat' dir='ltr'>sub</span> <span class='ocrx_word' id='word_1_53' title='bbox 587 1000 806 1063; x_wconf 80' lang='lat' dir='ltr'>gremiO,</span> <span class='ocrx_word' id='word_1_54' title='bbox 834 1002 1052 1053; x_wconf 89' lang='lat' dir='ltr'>coelatis</span> <span class='ocrx_word' id='word_1_55' title='bbox 1077 1000 1279 1052; x_wconf 88' lang='lat' dir='ltr'>nobilis</span> <span class='ocrx_word' id='word_1_56' title='bbox 1306 1000 1486 1062; x_wconf 81' lang='lat' dir='ltr'>astris,</span> 
     </span>
     <span class='ocr_line' id='line_1_11' title="bbox 160 1066 1797 1151; baseline 0.004 -21"><span class='ocrx_word' id='word_1_57' title='bbox 160 1079 463 1131; x_wconf 86' lang='lat' dir='ltr'>AEtherium</span> <span class='ocrx_word' id='word_1_58' title='bbox 488 1082 690 1147; x_wconf 79' lang='lat' dir='ltr'>probat</span> <span class='ocrx_word' id='word_1_59' title='bbox 712 1099 848 1134; x_wconf 85' lang='lat' dir='ltr'>urna</span> <span class='ocrx_word' id='word_1_60' title='bbox 871 1084 1055 1136; x_wconf 86' lang='lat' dir='ltr'>decus.</span> <span class='ocrx_word' id='word_1_61' title='bbox 1130 1066 1390 1151; x_wconf 81' lang='lat' dir='ltr'>Namque</span> <span class='ocrx_word' id='word_1_62' title='bbox 1414 1083 1598 1138; x_wconf 84' lang='lat' dir='ltr'>omnia</span> <span class='ocrx_word' id='word_1_63' title='bbox 1618 1083 1797 1137; x_wconf 83' lang='lat' dir='ltr'>luctus</span> 
     </span>
     <span class='ocr_line' id='line_1_12' title="bbox 160 1163 1332 1234; baseline 0.003 -19"><span class='ocrx_word' id='word_1_64' title='bbox 160 1163 492 1231; x_wconf 85' lang='lat' dir='ltr'>Argumenta</span> <span class='ocrx_word' id='word_1_65' title='bbox 514 1166 601 1216; x_wconf 88' lang='lat' dir='ltr'>sui</span> <span class='ocrx_word' id='word_1_66' title='bbox 625 1164 788 1216; x_wconf 82' lang='lat' dir='ltr'>Titan</span> <span class='ocrx_word' id='word_1_67' title='bbox 813 1167 1049 1232; x_wconf 85' lang='lat' dir='ltr'>signavit</span> <span class='ocrx_word' id='word_1_68' title='bbox 1072 1166 1332 1234; x_wconf 87' lang='lat' dir='ltr'>Olymp0‚</span> 
     </span>
     <span class='ocr_line' id='line_1_13' title="bbox 161 1247 1559 1319; baseline 0.004 -20"><span class='ocrx_word' id='word_1_69' title='bbox 161 1247 545 1316; x_wconf 89' lang='lat' dir='ltr'>Mutatumque</span> <span class='ocrx_word' id='word_1_70' title='bbox 572 1265 754 1300; x_wconf 87' lang='lat' dir='ltr'>senem</span> <span class='ocrx_word' id='word_1_71' title='bbox 777 1250 1001 1317; x_wconf 83' lang='lat' dir='ltr'>plumiS,</span> <span class='ocrx_word' id='word_1_72' title='bbox 1028 1256 1082 1303; x_wconf 87' lang='lat' dir='ltr'>et</span> <span class='ocrx_word' id='word_1_73' title='bbox 1104 1250 1297 1303; x_wconf 87' lang='lat' dir='ltr'>fronde</span> <span class='ocrx_word' id='word_1_74' title='bbox 1323 1266 1559 1319; x_wconf 81' lang='lat' dir='ltr'>sororeS,</span> 
     </span>
     <span class='ocr_line' id='line_1_14' title="bbox 160 1332 1406 1401; baseline 0.003 -17"><span class='ocrx_word' id='word_1_75' title='bbox 160 1332 234 1385; x_wconf 87' lang='lat' dir='ltr'>Et</span> <span class='ocrx_word' id='word_1_76' title='bbox 257 1333 502 1396; x_wconf 88' lang='lat' dir='ltr'>fluvium,</span> <span class='ocrx_word' id='word_1_77' title='bbox 527 1334 645 1385; x_wconf 84' lang='lat' dir='ltr'>nati</span> <span class='ocrx_word' id='word_1_78' title='bbox 672 1334 771 1401; x_wconf 92' lang='lat' dir='ltr'>qui</span> <span class='ocrx_word' id='word_1_79' title='bbox 794 1334 1019 1386; x_wconf 82' lang='lat' dir='ltr'>vulnera</span> <span class='ocrx_word' id='word_1_80' title='bbox 1041 1335 1178 1387; x_wconf 87' lang='lat' dir='ltr'>lavit</span> <span class='ocrx_word' id='word_1_81' title='bbox 1202 1336 1406 1389; x_wconf 89' lang='lat' dir='ltr'>anheli.</span> 
     </span>
    </p>
   </div>
   <div class='ocr_carea' id='block_1_3' title="bbox 1864 408 1970 461">
    <p class='ocr_par' dir='ltr' id='par_1_5' title="bbox 1864 408 1970 461">
     <span class='ocr_line' id='line_1_15' title="bbox 1864 408 1970 461; baseline 0 0"><span class='ocrx_word' id='word_1_82' title='bbox 1864 408 1970 461; x_wconf 82' lang='lat'>160</span> 
     </span>
    </p>
   </div>
   <div class='ocr_carea' id='block_1_4' title="bbox 1867 831 1976 884">
    <p class='ocr_par' dir='ltr' id='par_1_6' title="bbox 1867 831 1976 884">
     <span class='ocr_line' id='line_1_16' title="bbox 1867 831 1976 884; baseline 0.009 -1"><span class='ocrx_word' id='word_1_83' title='bbox 1867 831 1976 884; x_wconf 84' lang='lat'>165</span> 
     </span>
    </p>
   </div>
   <div class='ocr_carea' id='block_1_5' title="bbox 1867 1253 2014 1306">
    <p class='ocr_par' dir='ltr' id='par_1_7' title="bbox 1867 1253 2014 1306">
     <span class='ocr_line' id='line_1_17' title="bbox 1867 1253 2014 1306; baseline -0.007 0"><span class='ocrx_word' id='word_1_84' title='bbox 1867 1253 1975 1306; x_wconf 85' lang='grc'>170</span> <span class='ocrx_word' id='word_1_85' title='bbox 2012 1275 2014 1277; x_wconf 63' lang='grc'><strong>’</strong></span> 
     </span>
    </p>
   </div>
   <div class='ocr_carea' id='block_1_6' title="bbox 158 1485 1983 1910">
    <p class='ocr_par' dir='ltr' id='par_1_8' title="bbox 158 1485 1983 1910">
     <span class='ocr_line' id='line_1_18' title="bbox 160 1485 1980 1539; baseline 0.001 -15"><span class='ocrx_word' id='word_1_86' title='bbox 160 1485 288 1524; x_wconf 84' lang='lat' dir='ltr'>erexit</span> <span class='ocrx_word' id='word_1_87' title='bbox 308 1497 359 1523; x_wconf 83' lang='lat' dir='ltr'>ex</span> <span class='ocrx_word' id='word_1_88' title='bbox 367 1486 494 1537; x_wconf 74' lang='lat' dir='ltr'>fluvio</span> <span class='ocrx_word' id='word_1_89' title='bbox 514 1486 723 1536; x_wconf 81' lang='lat' dir='ltr'>tranquillo</span> <span class='ocrx_word' id='word_1_90' title='bbox 740 1491 857 1537; x_wconf 84' lang='lat' dir='ltr'>caput</span> <span class='ocrx_word' id='word_1_91' title='bbox 875 1489 1015 1537; x_wconf 82' lang='lat' dir='ltr'>altum,</span> <span class='ocrx_word' id='word_1_92' title='bbox 1043 1492 1080 1527; x_wconf 89' lang='lat' dir='ltr'>et</span> <span class='ocrx_word' id='word_1_93' title='bbox 1099 1501 1243 1527; x_wconf 85' lang='lat' dir='ltr'>cornua</span> <span class='ocrx_word' id='word_1_94' title='bbox 1262 1488 1350 1539; x_wconf 85' lang='lat' dir='ltr'>ejus</span> <span class='ocrx_word' id='word_1_95' title='bbox 1367 1492 1506 1528; x_wconf 84' lang='lat' dir='ltr'>aurata</span> <span class='ocrx_word' id='word_1_96' title='bbox 1515 1486 1729 1536; x_wconf 75' lang='lat' dir='ltr'>fundentia</span> <span class='ocrx_word' id='word_1_97' title='bbox 1746 1488 1980 1538; x_wconf 80' lang='lat' dir='ltr'>splendorem</span> 
     </span>
     <span class='ocr_line' id='line_1_19' title="bbox 158 1539 1982 1594; baseline 0.002 -18"><span class='ocrx_word' id='word_1_98' title='bbox 158 1539 202 1577; x_wconf 90' lang='lat' dir='ltr'>in</span> <span class='ocrx_word' id='word_1_99' title='bbox 221 1539 325 1577; x_wconf 83' lang='lat' dir='ltr'>omni</span> <span class='ocrx_word' id='word_1_100' title='bbox 344 1542 468 1587; x_wconf 80' lang='lat' dir='ltr'>domo,</span> <span class='ocrx_word' id='word_1_101' title='bbox 487 1539 710 1577; x_wconf 78' lang='lat' dir='ltr'>enituerunt</span> <span class='ocrx_word' id='word_1_102' title='bbox 730 1540 771 1577; x_wconf 90' lang='lat' dir='ltr'>in</span> <span class='ocrx_word' id='word_1_103' title='bbox 782 1539 921 1587; x_wconf 82' lang='lat' dir='ltr'>fronte</span> <span class='ocrx_word' id='word_1_104' title='bbox 939 1541 1109 1580; x_wconf 81' lang='lat' dir='ltr'>humida.</span> <span class='ocrx_word' id='word_1_105' title='bbox 1150 1542 1313 1580; x_wconf 81' lang='lat' dir='ltr'>Arundo</span> <span class='ocrx_word' id='word_1_106' title='bbox 1330 1555 1406 1581; x_wconf 87' lang='lat' dir='ltr'>non</span> <span class='ocrx_word' id='word_1_107' title='bbox 1423 1554 1559 1592; x_wconf 82' lang='lat' dir='ltr'>porum</span> <span class='ocrx_word' id='word_1_108' title='bbox 1579 1541 1788 1594; x_wconf 69' lang='lat' dir='ltr'>honorifica</span> <span class='ocrx_word' id='word_1_109' title='bbox 1805 1541 1904 1591; x_wconf 81' lang='lat' dir='ltr'>tegit</span> <span class='ocrx_word' id='word_1_110' title='bbox 1920 1540 1982 1579; x_wconf 76' lang='lat' dir='ltr'>ilci</span> 
     </span>
     <span class='ocr_line' id='line_1_20' title="bbox 159 1591 1981 1646; baseline 0.001 -16"><span class='ocrx_word' id='word_1_111' title='bbox 159 1592 357 1630; x_wconf 73' lang='lat' dir='ltr'>coesarz&#39;em</span> <span class='ocrx_word' id='word_1_112' title='bbox 377 1594 591 1630; x_wconf 79' lang='lat' dir='ltr'>madentem</span> <span class='ocrx_word' id='word_1_113' title='bbox 605 1605 617 1629; x_wconf 90' lang='lat'>.·</span> <span class='ocrx_word' id='word_1_114' title='bbox 636 1591 805 1639; x_wconf 80' lang='lat' dir='ltr'>frondes</span> <span class='ocrx_word' id='word_1_115' title='bbox 824 1594 1036 1631; x_wconf 82' lang='lat' dir='ltr'>Heliadum</span> <span class='ocrx_word' id='word_1_116' title='bbox 1052 1595 1265 1633; x_wconf 77' lang='lat' dir='ltr'>tiridantes</span> <span class='ocrx_word' id='word_1_117' title='bbox 1282 1598 1464 1633; x_wconf 85' lang='lat' dir='ltr'>texerunt</span> <span class='ocrx_word' id='word_1_118' title='bbox 1483 1606 1648 1646; x_wconf 85' lang='lat' dir='ltr'>quoque</span> <span class='ocrx_word' id='word_1_119' title='bbox 1668 1598 1783 1644; x_wconf 83' lang='lat' dir='ltr'>caput</span> <span class='ocrx_word' id='word_1_120' title='bbox 1803 1594 1908 1645; x_wconf 81' lang='lat' dir='ltr'>ejus,</span> <span class='ocrx_word' id='word_1_121' title='bbox 1942 1597 1981 1632; x_wconf 82' lang='lat' dir='ltr'>et</span> 
     </span>
     <span class='ocr_line' id='line_1_21' title="bbox 159 1644 1981 1699; baseline 0.001 -16"><span class='ocrx_word' id='word_1_122' title='bbox 159 1644 353 1684; x_wconf 74' lang='lat' dir='ltr'>succinum</span> <span class='ocrx_word' id='word_1_123' title='bbox 367 1645 492 1683; x_wconf 79' lang='lat' dir='ltr'>stillat</span> <span class='ocrx_word' id='word_1_124' title='bbox 514 1657 565 1683; x_wconf 75' lang='lat' dir='ltr'>ex</span> <span class='ocrx_word' id='word_1_125' title='bbox 580 1645 752 1683; x_wconf 78' lang='lat' dir='ltr'>crinibus</span> <span class='ocrx_word' id='word_1_126' title='bbox 769 1645 955 1685; x_wconf 77' lang='lat' dir='ltr'>omnibus.</span> <span class='ocrx_word' id='word_1_127' title='bbox 1013 1647 1185 1686; x_wconf 81' lang='lat' dir='ltr'>Pallium</span> <span class='ocrx_word' id='word_1_128' title='bbox 1203 1649 1328 1698; x_wconf 84' lang='lat' dir='ltr'>operit</span> <span class='ocrx_word' id='word_1_129' title='bbox 1346 1647 1521 1686; x_wconf 71' lang='lat' dir='ltr'>huoneros</span> <span class='ocrx_word' id='word_1_130' title='bbox 1542 1647 1635 1699; x_wconf 86' lang='lat' dir='ltr'>ejus</span> <span class='ocrx_word' id='word_1_131' title='bbox 1655 1648 1768 1696; x_wconf 78' lang='lat' dir='ltr'>latos,</span> <span class='ocrx_word' id='word_1_132' title='bbox 1794 1650 1832 1684; x_wconf 90' lang='lat' dir='ltr'>et</span> <span class='ocrx_word' id='word_1_133' title='bbox 1852 1645 1981 1684; x_wconf 77' lang='lat' dir='ltr'>Pha‘e&#39;-</span> 
     </span>
     <span class='ocr_line' id='line_1_22' title="bbox 160 1697 1982 1752; baseline 0.001 -16"><span class='ocrx_word' id='word_1_134' title='bbox 160 1697 254 1736; x_wconf 75' lang='lat' dir='ltr'>thon</span> <span class='ocrx_word' id='word_1_135' title='bbox 271 1698 399 1752; x_wconf 72' lang='lat' dir='ltr'>pictus</span> <span class='ocrx_word' id='word_1_136' title='bbox 415 1699 457 1736; x_wconf 90' lang='lat' dir='ltr'>in</span> <span class='ocrx_word' id='word_1_137' title='bbox 479 1709 530 1737; x_wconf 92' lang='lat' dir='ltr'>eo</span> <span class='ocrx_word' id='word_1_138' title='bbox 547 1698 689 1748; x_wconf 86' lang='lat' dir='ltr'>pallio,</span> <span class='ocrx_word' id='word_1_139' title='bbox 708 1710 805 1737; x_wconf 90' lang='lat' dir='ltr'>cum</span> <span class='ocrx_word' id='word_1_140' title='bbox 822 1711 939 1737; x_wconf 84' lang='lat' dir='ltr'>curru</span> <span class='ocrx_word' id='word_1_141' title='bbox 953 1700 1082 1750; x_wconf 80' lang='lat' dir='ltr'>patris</span> <span class='ocrx_word' id='word_1_142' title='bbox 1100 1700 1207 1738; x_wconf 88' lang='lat' dir='ltr'>Solis</span> <span class='ocrx_word' id='word_1_143' title='bbox 1221 1700 1438 1751; x_wconf 77' lang='lat' dir='ltr'>inflammat</span> <span class='ocrx_word' id='word_1_144' title='bbox 1456 1704 1580 1739; x_wconf 83' lang='lat' dir='ltr'>vestes</span> <span class='ocrx_word' id='word_1_145' title='bbox 1593 1701 1767 1749; x_wconf 80' lang='lat' dir='ltr'>glaucas.</span> <span class='ocrx_word' id='word_1_146' title='bbox 1810 1700 1867 1737; x_wconf 84' lang='lat' dir='ltr'>Et</span> <span class='ocrx_word' id='word_1_147' title='bbox 1882 1710 1982 1738; x_wconf 81' lang='lat' dir='ltr'>urna</span> 
     </span>
     <span class='ocr_line' id='line_1_23' title="bbox 159 1749 1983 1804; baseline 0.001 -14"><span class='ocrx_word' id='word_1_148' title='bbox 159 1749 318 1790; x_wconf 79' lang='lat' dir='ltr'>celebris</span> <span class='ocrx_word' id='word_1_149' title='bbox 337 1750 390 1789; x_wconf 90' lang='lat' dir='ltr'>ob</span> <span class='ocrx_word' id='word_1_150' title='bbox 408 1750 536 1790; x_wconf 77' lang='lat' dir='ltr'>sidera</span> <span class='ocrx_word' id='word_1_151' title='bbox 553 1752 722 1802; x_wconf 82' lang='lat' dir='ltr'>depicta,</span> <span class='ocrx_word' id='word_1_152' title='bbox 738 1752 876 1790; x_wconf 72' lang='lat' dir='ltr'>innixa</span> <span class='ocrx_word' id='word_1_153' title='bbox 892 1751 960 1791; x_wconf 82' lang='lat' dir='ltr'>sub</span> <span class='ocrx_word' id='word_1_154' title='bbox 978 1754 1066 1791; x_wconf 78' lang='lat' dir='ltr'>sinu</span> <span class='ocrx_word' id='word_1_155' title='bbox 1086 1753 1195 1804; x_wconf 85' lang='lat' dir='ltr'>ejus,</span> <span class='ocrx_word' id='word_1_156' title='bbox 1208 1754 1376 1792; x_wconf 79' lang='lat' dir='ltr'>ostendit</span> <span class='ocrx_word' id='word_1_157' title='bbox 1395 1753 1572 1793; x_wconf 78' lang='lat' dir='ltr'>honorem</span> <span class='ocrx_word' id='word_1_158' title='bbox 1588 1754 1787 1793; x_wconf 86' lang='lat' dir='ltr'>coelestem.</span> <span class='ocrx_word' id='word_1_159' title='bbox 1821 1751 1983 1791; x_wconf 82' lang='lat' dir='ltr'>Etenim</span> 
     </span>
     <span class='ocr_line' id='line_1_24' title="bbox 162 1803 1983 1857; baseline 0 -14"><span class='ocrx_word' id='word_1_160' title='bbox 162 1803 230 1843; x_wconf 81' lang='lat' dir='ltr'>Sol</span> <span class='ocrx_word' id='word_1_161' title='bbox 245 1805 398 1857; x_wconf 73' lang='lat' dir='ltr'>effinxit</span> <span class='ocrx_word' id='word_1_162' title='bbox 419 1804 460 1842; x_wconf 90' lang='lat' dir='ltr'>in</span> <span class='ocrx_word' id='word_1_163' title='bbox 482 1805 584 1842; x_wconf 82' lang='lat' dir='ltr'>Coelo</span> <span class='ocrx_word' id='word_1_164' title='bbox 601 1805 729 1843; x_wconf 84' lang='lat' dir='ltr'>omnia</span> <span class='ocrx_word' id='word_1_165' title='bbox 747 1804 864 1854; x_wconf 77' lang='lat' dir='ltr'>signa</span> <span class='ocrx_word' id='word_1_166' title='bbox 881 1806 1024 1844; x_wconf 78' lang='lat' dir='ltr'>doloris</span> <span class='ocrx_word' id='word_1_167' title='bbox 1040 1806 1117 1854; x_wconf 82' lang='lat' dir='ltr'>sui,</span> <span class='ocrx_word' id='word_1_168' title='bbox 1147 1810 1185 1845; x_wconf 88' lang='lat' dir='ltr'>et</span> <span class='ocrx_word' id='word_1_169' title='bbox 1203 1819 1328 1845; x_wconf 79' lang='lat' dir='ltr'>senem</span> <span class='ocrx_word' id='word_1_170' title='bbox 1349 1807 1543 1857; x_wconf 85' lang='lat' dir='ltr'>Cycnum</span> <span class='ocrx_word' id='word_1_171' title='bbox 1563 1817 1784 1845; x_wconf 79' lang='lat' dir='ltr'>conversum</span> <span class='ocrx_word' id='word_1_172' title='bbox 1802 1804 1843 1843; x_wconf 88' lang='lat' dir='ltr'>in</span> <span class='ocrx_word' id='word_1_173' title='bbox 1860 1816 1983 1850; x_wconf 65' lang='lat' dir='ltr'>avern,</span> 
     </span>
     <span class='ocr_line' id='line_1_25' title="bbox 162 1856 1983 1910; baseline -0.002 -12"><span class='ocrx_word' id='word_1_174' title='bbox 162 1862 201 1898; x_wconf 78' lang='lat' dir='ltr'>et</span> <span class='ocrx_word' id='word_1_175' title='bbox 219 1868 369 1897; x_wconf 68' lang='lat' dir='ltr'>eor-ores</span> <span class='ocrx_word' id='word_1_176' title='bbox 390 1856 649 1895; x_wconf 63' lang='lat' dir='ltr'>Phaethontis</span> <span class='ocrx_word' id='word_1_177' title='bbox 669 1857 875 1897; x_wconf 82' lang='lat' dir='ltr'>Heliades</span> <span class='ocrx_word' id='word_1_178' title='bbox 894 1858 935 1896; x_wconf 91' lang='lat' dir='ltr'>in</span> <span class='ocrx_word' id='word_1_179' title='bbox 970 1859 1139 1910; x_wconf 80' lang='lat' dir='ltr'>arbores,</span> <span class='ocrx_word' id='word_1_180' title='bbox 1169 1863 1208 1898; x_wconf 90' lang='lat' dir='ltr'>et</span> <span class='ocrx_word' id='word_1_181' title='bbox 1215 1859 1367 1910; x_wconf 82' lang='lat' dir='ltr'>fiumen</span> <span class='ocrx_word' id='word_1_182' title='bbox 1397 1860 1495 1910; x_wconf 78' lang='lat' dir='ltr'>quod</span> <span class='ocrx_word' id='word_1_183' title='bbox 1510 1859 1709 1910; x_wconf 79' lang='lat' dir='ltr'>conspexit</span> <span class='ocrx_word' id='word_1_184' title='bbox 1729 1862 1889 1898; x_wconf 84' lang='lat' dir='ltr'>mortem</span> <span class='ocrx_word' id='word_1_185' title='bbox 1895 1856 1983 1910; x_wconf 80' lang='lat' dir='ltr'>filii</span> 
     </span>
    </p>
   </div>
   <div class='ocr_carea' id='block_1_7' title="bbox 926 1961 1220 1976">
    <p class='ocr_par' dir='ltr' id='par_1_9' title="bbox 926 1961 1220 1976">
     <span class='ocr_line' id='line_1_26' title="bbox 926 1961 1220 1976; baseline 0.003 -2"><span class='ocrx_word' id='word_1_186' title='bbox 926 1961 972 1975; x_wconf 56' lang='grc' dir='ltr'>ΟΦ</span> <span class='ocrx_word' id='word_1_187' title='bbox 977 1961 1140 1976; x_wconf 56' lang='lat' dir='ltr'>“O-‘001</span> <span class='ocrx_word' id='word_1_188' title='bbox 1148 1961 1191 1975; x_wconf 49' lang='grc' dir='ltr'>’θ</span> <span class='ocrx_word' id='word_1_189' title='bbox 1195 1961 1220 1975; x_wconf 56' lang='lat' dir='ltr'><em>O</em></span> 
     </span>
    </p>
   </div>
   <div class='ocr_carea' id='block_1_8' title="bbox 161 2029 1992 2480">
    <p class='ocr_par' dir='ltr' id='par_1_10' title="bbox 161 2029 1992 2480">
     <span class='ocr_line' id='line_1_27' title="bbox 161 2029 1983 2082; baseline -0.002 -11"><span class='ocrx_word' id='word_1_190' title='bbox 161 2030 283 2071; x_wconf 80' lang='lat' dir='ltr'>Med.</span> <span class='ocrx_word' id='word_1_191' title='bbox 304 2034 446 2082; x_wconf 87' lang='lat' dir='ltr'>quart.</span> <span class='ocrx_word' id='word_1_192' title='bbox 488 2029 637 2069; x_wconf 81' lang='lat' dir='ltr'>sonoris</span> <span class='ocrx_word' id='word_1_193' title='bbox 653 2030 755 2069; x_wconf 85' lang='lat' dir='ltr'>Vat.</span> <span class='ocrx_word' id='word_1_194' title='bbox 778 2043 842 2081; x_wconf 84' lang='lat' dir='ltr'>pr.</span> <span class='ocrx_word' id='word_1_195' title='bbox 863 2031 982 2071; x_wconf 84' lang='lat' dir='ltr'>Prie.</span> <span class='ocrx_word' id='word_1_196' title='bbox 1003 2043 1059 2069; x_wconf 90' lang='lat' dir='ltr'>m.</span> <span class='ocrx_word' id='word_1_197' title='bbox 1094 2042 1176 2071; x_wconf 88' lang='lat' dir='ltr'>sec.</span> <span class='ocrx_word' id='word_1_198' title='bbox 1194 2031 1321 2071; x_wconf 85' lang='lat' dir='ltr'>Voss.</span> <span class='ocrx_word' id='word_1_199' title='bbox 1350 2032 1456 2072; x_wconf 87' lang='lat' dir='ltr'>Exc.</span> <span class='ocrx_word' id='word_1_200' title='bbox 1477 2030 1653 2070; x_wconf 83' lang='lat' dir='ltr'>Gevart.</span> <span class='ocrx_word' id='word_1_201' title='bbox 1673 2031 1775 2070; x_wconf 87' lang='lat' dir='ltr'>Var.</span> <span class='ocrx_word' id='word_1_202' title='bbox 1796 2029 1883 2069; x_wconf 92' lang='lat' dir='ltr'>LL.</span> <span class='ocrx_word' id='word_1_203' title='bbox 1915 2029 1983 2068; x_wconf 84' lang='lat' dir='ltr'>ed.</span> 
     </span>
     <span class='ocr_line' id='line_1_28' title="bbox 163 2082 1986 2124; baseline -0.002 0"><span class='ocrx_word' id='word_1_204' title='bbox 163 2084 295 2124; x_wconf 82' lang='lat' dir='ltr'>Antv.</span> <span class='ocrx_word' id='word_1_205' title='bbox 322 2084 471 2123; x_wconf 78' lang='lat' dir='ltr'>sonoris</span> <span class='ocrx_word' id='word_1_206' title='bbox 484 2084 547 2122; x_wconf 87' lang='lat' dir='ltr'>vel</span> <span class='ocrx_word' id='word_1_207' title='bbox 563 2096 710 2122; x_wconf 86' lang='lat' dir='ltr'>sorores</span> <span class='ocrx_word' id='word_1_208' title='bbox 721 2084 838 2123; x_wconf 86' lang='lat' dir='ltr'>Med.</span> <span class='ocrx_word' id='word_1_209' title='bbox 858 2089 960 2123; x_wconf 81' lang='lat' dir='ltr'>tert.</span> <span class='ocrx_word' id='word_1_210' title='bbox 988 2085 1135 2122; x_wconf 76' lang='lat' dir='ltr'>sonoris</span> <span class='ocrx_word' id='word_1_211' title='bbox 1150 2084 1217 2122; x_wconf 89' lang='lat' dir='ltr'>vel</span> <span class='ocrx_word' id='word_1_212' title='bbox 1228 2096 1384 2123; x_wconf 84' lang='lat' dir='ltr'>sonoras</span> <span class='ocrx_word' id='word_1_213' title='bbox 1399 2085 1507 2123; x_wconf 88' lang='lat' dir='ltr'>Exc.</span> <span class='ocrx_word' id='word_1_214' title='bbox 1527 2084 1830 2123; x_wconf 60' lang='lat' dir='ltr'>&amp;hott—159</span> <span class='ocrx_word' id='word_1_215' title='bbox 1860 2082 1986 2121; x_wconf 81' lang='lat' dir='ltr'>Dixit</span> 
     </span>
     <span class='ocr_line' id='line_1_29' title="bbox 161 2135 1984 2188; baseline -0.002 -12"><span class='ocrx_word' id='word_1_216' title='bbox 161 2142 201 2177; x_wconf 70' lang='lat' dir='ltr'>et</span> <span class='ocrx_word' id='word_1_217' title='bbox 219 2138 319 2178; x_wconf 82' lang='lat' dir='ltr'>vat.</span> <span class='ocrx_word' id='word_1_218' title='bbox 338 2149 422 2176; x_wconf 84' lang='lat' dir='ltr'>sec.</span> <span class='ocrx_word' id='word_1_219' title='bbox 447 2137 643 2188; x_wconf 81' lang='lat' dir='ltr'>placidum</span> <span class='ocrx_word' id='word_1_220' title='bbox 667 2138 828 2175; x_wconf 80' lang='lat' dir='ltr'>Mazar.</span> <span class='ocrx_word' id='word_1_221' title='bbox 870 2137 1036 2187; x_wconf 71' lang='lat' dir='ltr'>placidis</span> <span class='ocrx_word' id='word_1_222' title='bbox 1056 2138 1124 2175; x_wconf 87' lang='lat' dir='ltr'>vel</span> <span class='ocrx_word' id='word_1_223' title='bbox 1144 2137 1293 2175; x_wconf 82' lang='lat' dir='ltr'>blandis</span> <span class='ocrx_word' id='word_1_224' title='bbox 1326 2138 1429 2176; x_wconf 89' lang='lat' dir='ltr'>Lov.</span> <span class='ocrx_word' id='word_1_225' title='bbox 1463 2149 1597 2175; x_wconf 82' lang='lat' dir='ltr'>secura</span> <span class='ocrx_word' id='word_1_226' title='bbox 1619 2148 1694 2187; x_wconf 89' lang='lat' dir='ltr'>pro</span> <span class='ocrx_word' id='word_1_227' title='bbox 1713 2136 1869 2174; x_wconf 78' lang='lat' dir='ltr'>sublime</span> <span class='ocrx_word' id='word_1_228' title='bbox 1883 2135 1984 2174; x_wconf 85' lang='lat' dir='ltr'>Vat.</span> 
     </span>
     <span class='ocr_line' id='line_1_30' title="bbox 165 2188 1989 2240; baseline -0.002 -10"><span class='ocrx_word' id='word_1_229' title='bbox 165 2194 401 2233; x_wconf 55' lang='grc' dir='ltr'>αξη-161</span> <span class='ocrx_word' id='word_1_230' title='bbox 445 2191 597 2229; x_wconf 57' lang='lat' dir='ltr'>laetanti</span> <span class='ocrx_word' id='word_1_231' title='bbox 619 2201 695 2240; x_wconf 87' lang='lat' dir='ltr'>pro</span> <span class='ocrx_word' id='word_1_232' title='bbox 716 2191 869 2229; x_wconf 83' lang='lat' dir='ltr'>roranti</span> <span class='ocrx_word' id='word_1_233' title='bbox 886 2189 1190 2229; x_wconf 61' lang='lat' dir='ltr'>&#39;inuam—163</span> <span class='ocrx_word' id='word_1_234' title='bbox 1218 2189 1390 2229; x_wconf 80' lang='lat' dir='ltr'>nitentes</span> <span class='ocrx_word' id='word_1_235' title='bbox 1418 2188 1535 2229; x_wconf 81' lang='lat' dir='ltr'>Med.</span> <span class='ocrx_word' id='word_1_236' title='bbox 1570 2192 1794 2229; x_wconf 60' lang='lat' dir='ltr'>see—164</span> <span class='ocrx_word' id='word_1_237' title='bbox 1823 2188 1989 2227; x_wconf 63' lang='lat' dir='ltr'>Hellade</span> 
     </span>
     <span class='ocr_line' id='line_1_31' title="bbox 163 2243 1988 2296; baseline -0.002 -11"><span class='ocrx_word' id='word_1_238' title='bbox 163 2244 285 2285; x_wconf 80' lang='lat' dir='ltr'>Med.</span> <span class='ocrx_word' id='word_1_239' title='bbox 305 2250 442 2296; x_wconf 83' lang='lat' dir='ltr'>quart.</span> <span class='ocrx_word' id='word_1_240' title='bbox 470 2248 589 2283; x_wconf 84' lang='lat' dir='ltr'>ruunt</span> <span class='ocrx_word' id='word_1_241' title='bbox 607 2245 848 2283; x_wconf 87' lang='lat' dir='ltr'>Lov.—-·165</span> <span class='ocrx_word' id='word_1_242' title='bbox 877 2244 982 2293; x_wconf 81' lang='lat' dir='ltr'>regit</span> <span class='ocrx_word' id='word_1_243' title='bbox 1002 2255 1079 2294; x_wconf 91' lang='lat' dir='ltr'>pro</span> <span class='ocrx_word' id='word_1_244' title='bbox 1100 2243 1201 2292; x_wconf 80' lang='lat' dir='ltr'>tegit</span> <span class='ocrx_word' id='word_1_245' title='bbox 1222 2244 1315 2282; x_wconf 86' lang='lat' dir='ltr'>Pal.</span> <span class='ocrx_word' id='word_1_246' title='bbox 1343 2255 1531 2293; x_wconf 80' lang='lat' dir='ltr'>curruque</span> <span class='ocrx_word' id='word_1_247' title='bbox 1544 2246 1710 2294; x_wconf 80' lang='lat' dir='ltr'>paterna</span> <span class='ocrx_word' id='word_1_248' title='bbox 1728 2243 1830 2281; x_wconf 91' lang='lat' dir='ltr'>Lov.</span> <span class='ocrx_word' id='word_1_249' title='bbox 1848 2253 1905 2281; x_wconf 92' lang='lat' dir='ltr'>m.</span> <span class='ocrx_word' id='word_1_250' title='bbox 1923 2253 1988 2292; x_wconf 81' lang='lat' dir='ltr'>pr.</span> 
     </span>
     <span class='ocr_line' id='line_1_32' title="bbox 163 2296 1992 2347; baseline -0.002 -10"><span class='ocrx_word' id='word_1_251' title='bbox 163 2301 299 2338; x_wconf 82' lang='grc'>-166</span> <span class='ocrx_word' id='word_1_252' title='bbox 326 2298 496 2337; x_wconf 73' lang='lat' dir='ltr'>insertus</span> <span class='ocrx_word' id='word_1_253' title='bbox 534 2297 691 2336; x_wconf 76' lang='lat' dir='ltr'>PetaV.</span> <span class='ocrx_word' id='word_1_254' title='bbox 728 2308 793 2347; x_wconf 88' lang='lat' dir='ltr'>pr.</span> <span class='ocrx_word' id='word_1_255' title='bbox 828 2297 982 2336; x_wconf 78' lang='lat' dir='ltr'>Plieton</span> <span class='ocrx_word' id='word_1_256' title='bbox 1019 2296 1140 2335; x_wconf 86' lang='lat' dir='ltr'>ambo</span> <span class='ocrx_word' id='word_1_257' title='bbox 1176 2296 1339 2335; x_wconf 88' lang='lat' dir='ltr'>Moret.</span> <span class='ocrx_word' id='word_1_258' title='bbox 1382 2297 1616 2346; x_wconf 70' lang='lat' dir='ltr'>glauco-sque</span> <span class='ocrx_word' id='word_1_259' title='bbox 1650 2296 1771 2334; x_wconf 85' lang='lat' dir='ltr'>Med.</span> <span class='ocrx_word' id='word_1_260' title='bbox 1795 2300 1992 2345; x_wconf 79' lang='lat' dir='ltr'>quart.—</span> 
     </span>
     <span class='ocr_line' id='line_1_33' title="bbox 166 2344 1987 2402; baseline -0.002 -12"><span class='ocrx_word' id='word_1_261' title='bbox 166 2354 243 2392; x_wconf 84' lang='grc'>167</span> <span class='ocrx_word' id='word_1_262' title='bbox 288 2351 521 2402; x_wconf 78' lang='lat' dir='ltr'>Sculptaque</span> <span class='ocrx_word' id='word_1_263' title='bbox 540 2352 663 2390; x_wconf 83' lang='lat' dir='ltr'>Voss.</span> <span class='ocrx_word' id='word_1_264' title='bbox 686 2349 807 2388; x_wconf 74' lang='lat' dir='ltr'>Leid.</span> <span class='ocrx_word' id='word_1_265' title='bbox 826 2361 912 2389; x_wconf 80' lang='lat' dir='ltr'>sec.</span> <span class='ocrx_word' id='word_1_266' title='bbox 932 2350 1040 2389; x_wconf 86' lang='lat' dir='ltr'>Exc.</span> <span class='ocrx_word' id='word_1_267' title='bbox 1062 2344 1238 2388; x_wconf 71' lang='lat' dir='ltr'>Geva&#39;rt.</span> <span class='ocrx_word' id='word_1_268' title='bbox 1269 2348 1463 2399; x_wconf 81' lang='lat' dir='ltr'>furtaque</span> <span class='ocrx_word' id='word_1_269' title='bbox 1481 2349 1646 2387; x_wconf 89' lang='lat' dir='ltr'>Bonon.</span> <span class='ocrx_word' id='word_1_270' title='bbox 1666 2348 1778 2386; x_wconf 88' lang='lat' dir='ltr'>unde</span> <span class='ocrx_word' id='word_1_271' title='bbox 1798 2345 1987 2397; x_wconf 77' lang='lat' dir='ltr'>fulvaque</span> 
     </span>
     <span class='ocr_line' id='line_1_34' title="bbox 166 2398 1989 2480; baseline -0.003 -36"><span class='ocrx_word' id='word_1_272' title='bbox 166 2404 415 2457; x_wconf 72' lang='lat' dir='ltr'>conjecerat</span> <span class='ocrx_word' id='word_1_273' title='bbox 436 2404 590 2443; x_wconf 84' lang='lat' dir='ltr'>Heius.</span> <span class='ocrx_word' id='word_1_274' title='bbox 620 2402 761 2442; x_wconf 83' lang='lat' dir='ltr'>nubilis</span> <span class='ocrx_word' id='word_1_275' title='bbox 779 2402 862 2442; x_wconf 90' lang='lat' dir='ltr'>inc.</span> <span class='ocrx_word' id='word_1_276' title='bbox 882 2401 1170 2441; x_wconf 58' lang='lat' dir='ltr'>Heius—170</span> <span class='ocrx_word' id='word_1_277' title='bbox 1212 2402 1464 2456; x_wconf 79' lang='lat' dir='ltr'>Mutavitque</span> <span class='ocrx_word' id='word_1_278' title='bbox 1482 2401 1807 2480; x_wconf 43' lang='lat' dir='ltr'>{loreum—171</span> <span class='ocrx_word' id='word_1_279' title='bbox 1839 2398 1989 2450; x_wconf 79' lang='lat' dir='ltr'>Etflu-</span> 
     </span>
    </p>
   </div>
   <div class='ocr_carea' id='block_1_9' title="bbox 986 2496 1170 2536">
    <p class='ocr_par' dir='ltr' id='par_1_11' title="bbox 986 2496 1170 2536">
     <span class='ocr_line' id='line_1_35' title="bbox 986 2496 1170 2536; baseline 0 0"><span class='ocrx_word' id='word_1_280' title='bbox 986 2496 1170 2536; x_wconf 86' lang='lat' dir='ltr'>NOTAE</span> 
     </span>
    </p>
   </div>
   <div class='ocr_carea' id='block_1_10' title="bbox 167 2576 1989 2692">
    <p class='ocr_par' dir='ltr' id='par_1_12' title="bbox 167 2576 1989 2692">
     <span class='ocr_line' id='line_1_36' title="bbox 223 2576 1981 2629; baseline -0.003 -10"><span class='ocrx_word' id='word_1_281' title='bbox 223 2583 300 2619; x_wconf 77' lang='grc'>164</span> <span class='ocrx_word' id='word_1_282' title='bbox 331 2578 564 2629; x_wconf 82' lang='lat' dir='ltr'>Heliadum]</span> <span class='ocrx_word' id='word_1_283' title='bbox 624 2577 708 2617; x_wconf 85' lang='lat' dir='ltr'>Hae</span> <span class='ocrx_word' id='word_1_284' title='bbox 746 2578 807 2616; x_wconf 87' lang='lat' dir='ltr'>sic</span> <span class='ocrx_word' id='word_1_285' title='bbox 844 2577 1044 2617; x_wconf 82' lang='lat' dir='ltr'>dicuntur</span> <span class='ocrx_word' id='word_1_286' title='bbox 1110 2576 1301 2617; x_wconf 78' lang='lat' dir='ltr'>scutatis.</span> <span class='ocrx_word' id='word_1_287' title='bbox 1980 2610 1981 2613; x_wconf 73' lang='grc'>,</span> 
     </span>
     <span class='ocr_line' id='line_1_37' title="bbox 167 2637 1989 2692; baseline -0.002 -9"><span class='ocrx_word' id='word_1_288' title='bbox 167 2641 244 2684; x_wconf 76' lang='grc' dir='ltr'>ἀπὸ</span> <span class='ocrx_word' id='word_1_289' title='bbox 259 2644 330 2681; x_wconf 79' lang='grc' dir='ltr'>τοῦ</span> <span class='ocrx_word' id='word_1_290' title='bbox 347 2641 472 2692; x_wconf 74' lang='grc' dir='ltr'>ἡλίου,</span> <span class='ocrx_word' id='word_1_291' title='bbox 492 2655 516 2679; x_wconf 78' lang='grc' dir='ltr'>ιι</span> <span class='ocrx_word' id='word_1_292' title='bbox 535 2641 638 2692; x_wconf 81' lang='lat' dir='ltr'>Sole,</span> <span class='ocrx_word' id='word_1_293' title='bbox 654 2640 776 2692; x_wconf 85' lang='lat' dir='ltr'>cujus</span> <span class='ocrx_word' id='word_1_294' title='bbox 796 2646 894 2679; x_wconf 86' lang='lat' dir='ltr'>sunt</span> <span class='ocrx_word' id='word_1_295' title='bbox 913 2639 1013 2680; x_wconf 83' lang='lat' dir='ltr'>filiae</span> <span class='ocrx_word' id='word_1_296' title='bbox 1032 2654 1042 2680; x_wconf 77' lang='lat' dir='ltr'><em>z</em></span> <span class='ocrx_word' id='word_1_297' title='bbox 1167 2643 1246 2680; x_wconf 89' lang='grc'>168</span> <span class='ocrx_word' id='word_1_298' title='bbox 1279 2639 1408 2691; x_wconf 84' lang='lat' dir='ltr'>Urna]</span> <span class='ocrx_word' id='word_1_299' title='bbox 1427 2638 1638 2679; x_wconf 79' lang='lat' dir='ltr'>Eridanus</span> <span class='ocrx_word' id='word_1_300' title='bbox 1651 2650 1745 2681; x_wconf 85' lang='lat' dir='ltr'>cum</span> <span class='ocrx_word' id='word_1_301' title='bbox 1757 2650 1863 2678; x_wconf 86' lang='lat' dir='ltr'>urna</span> <span class='ocrx_word' id='word_1_302' title='bbox 1876 2637 1989 2680; x_wconf 85' lang='lat' dir='ltr'>inter</span> 
     </span>
    </p>
   </div>
   <div class='ocr_carea' id='block_1_11' title="bbox 0 911 51 3906">
    <p class='ocr_par' dir='ltr' id='par_1_13' title="bbox 0 911 51 3906">
     <span class='ocr_line' id='line_1_38' title="bbox 0 911 51 3906; baseline 0 0"><span class='ocrx_word' id='word_1_303' title='bbox 0 911 51 3906; x_wconf 95' lang='lat' dir='ltr'> </span> 
     </span>
    </p>
   </div>
   <div class='ocr_carea' id='block_1_12' title="bbox 160 2702 1046 2945">
    <p class='ocr_par' dir='ltr' id='par_1_14' title="bbox 160 2702 1046 2945">
     <span class='ocr_line' id='line_1_39' title="bbox 169 2702 1044 2753; baseline -0.006 -6"><span class='ocrx_word' id='word_1_304' title='bbox 169 2714 214 2747; x_wconf 85' lang='lat' dir='ltr'>et</span> <span class='ocrx_word' id='word_1_305' title='bbox 241 2719 336 2747; x_wconf 90' lang='lat' dir='ltr'>cum</span> <span class='ocrx_word' id='word_1_306' title='bbox 359 2705 672 2745; x_wconf 64' lang='lat' dir='ltr'>Phaethontem</span> <span class='ocrx_word' id='word_1_307' title='bbox 703 2702 897 2753; x_wconf 85' lang='lat' dir='ltr'>fratrem,</span> <span class='ocrx_word' id='word_1_308' title='bbox 923 2703 1044 2744; x_wconf 85' lang='lat' dir='ltr'>Jovis</span> 
     </span>
     <span class='ocr_line' id='line_1_40' title="bbox 160 2765 1043 2820; baseline -0.007 -10"><span class='ocrx_word' id='word_1_309' title='bbox 160 2769 344 2810; x_wconf 70' lang='lat' dir='ltr'>fulmine</span> <span class='ocrx_word' id='word_1_310' title='bbox 378 2769 607 2820; x_wconf 74' lang='lat' dir='ltr'>dejectum,</span> <span class='ocrx_word' id='word_1_311' title='bbox 649 2765 872 2816; x_wconf 87' lang='lat' dir='ltr'>deflerent,</span> <span class='ocrx_word' id='word_1_312' title='bbox 910 2778 1043 2805; x_wconf 84' lang='lat' dir='ltr'>versae</span> 
     </span>
     <span class='ocr_line' id='line_1_41' title="bbox 169 2827 1046 2880; baseline -0.007 -8"><span class='ocrx_word' id='word_1_313' title='bbox 169 2837 269 2872; x_wconf 79' lang='lat' dir='ltr'>sunt</span> <span class='ocrx_word' id='word_1_314' title='bbox 287 2833 329 2871; x_wconf 89' lang='lat' dir='ltr'>in</span> <span class='ocrx_word' id='word_1_315' title='bbox 350 2832 486 2879; x_wconf 80' lang='lat' dir='ltr'>alnos,</span> <span class='ocrx_word' id='word_1_316' title='bbox 500 2843 554 2869; x_wconf 86' lang='lat' dir='ltr'>ex</span> <span class='ocrx_word' id='word_1_317' title='bbox 571 2828 763 2880; x_wconf 85' lang='lat' dir='ltr'>Virgilio,</span> <span class='ocrx_word' id='word_1_318' title='bbox 779 2835 854 2867; x_wconf 86' lang='lat' dir='ltr'>aut</span> <span class='ocrx_word' id='word_1_319' title='bbox 872 2840 924 2867; x_wconf 87' lang='lat' dir='ltr'>ex</span> <span class='ocrx_word' id='word_1_320' title='bbox 943 2827 1046 2867; x_wconf 82' lang='lat' dir='ltr'>Ovi-</span> 
     </span>
     <span class='ocr_line' id='line_1_42' title="bbox 169 2893 1045 2945; baseline -0.005 -11"><span class='ocrx_word' id='word_1_321' title='bbox 169 2895 238 2934; x_wconf 81' lang='lat' dir='ltr'>dio</span> <span class='ocrx_word' id='word_1_322' title='bbox 257 2894 299 2933; x_wconf 87' lang='lat' dir='ltr'>in</span> <span class='ocrx_word' id='word_1_323' title='bbox 323 2894 500 2945; x_wconf 87' lang='lat' dir='ltr'>populos</span> <span class='ocrx_word' id='word_1_324' title='bbox 520 2893 661 2944; x_wconf 78' lang='lat' dir='ltr'>nigras</span> <span class='ocrx_word' id='word_1_325' title='bbox 686 2893 892 2931; x_wconf 84' lang='lat' dir='ltr'>electrum</span> <span class='ocrx_word' id='word_1_326' title='bbox 912 2893 1045 2942; x_wconf 88' lang='lat' dir='ltr'>lacry-</span> 
     </span>
    </p>
   </div>
   <div class='ocr_carea' id='block_1_13' title="bbox 170 2952 1074 3006">
    <p class='ocr_par' dir='ltr' id='par_1_15' title="bbox 170 2952 1074 3006">
     <span class='ocr_line' id='line_1_43' title="bbox 170 2952 1074 3006; baseline -0.003 -9"><span class='ocrx_word' id='word_1_327' title='bbox 170 2962 334 2996; x_wconf 84' lang='lat' dir='ltr'>mantes</span> <span class='ocrx_word' id='word_1_328' title='bbox 368 2955 421 2994; x_wconf 87' lang='lat' dir='ltr'>ad</span> <span class='ocrx_word' id='word_1_329' title='bbox 458 2956 568 3006; x_wconf 82' lang='lat' dir='ltr'>ripas</span> <span class='ocrx_word' id='word_1_330' title='bbox 600 2954 710 2993; x_wconf 83' lang='lat' dir='ltr'>Padi</span> <span class='ocrx_word' id='word_1_331' title='bbox 747 2966 821 2992; x_wconf 89' lang='lat' dir='ltr'>seu</span> <span class='ocrx_word' id='word_1_332' title='bbox 855 2952 1074 2994; x_wconf 72' lang='lat' dir='ltr'>Eridani.v</span> 
     </span>
    </p>
   </div>
   <div class='ocr_carea' id='block_1_14' title="bbox 169 3016 1051 3449">
    <p class='ocr_par' dir='ltr' id='par_1_16' title="bbox 169 3016 1047 3135">
     <span class='ocr_line' id='line_1_44' title="bbox 169 3016 1047 3068; baseline -0.006 -8"><span class='ocrx_word' id='word_1_333' title='bbox 169 3019 377 3060; x_wconf 82' lang='lat' dir='ltr'>Nonnulli</span> <span class='ocrx_word' id='word_1_334' title='bbox 416 3018 627 3057; x_wconf 86' lang='lat' dir='ltr'>electrum</span> <span class='ocrx_word' id='word_1_335' title='bbox 667 3016 877 3068; x_wconf 89' lang='lat' dir='ltr'>Apollinis</span> <span class='ocrx_word' id='word_1_336' title='bbox 914 3016 1047 3067; x_wconf 82' lang='lat' dir='ltr'>ipsius</span> 
     </span>
     <span class='ocr_line' id='line_1_45' title="bbox 172 3081 726 3135; baseline -0.005 -12"><span class='ocrx_word' id='word_1_337' title='bbox 172 3084 377 3135; x_wconf 81' lang='lat' dir='ltr'>lacrymas</span> <span class='ocrx_word' id='word_1_338' title='bbox 398 3093 492 3121; x_wconf 88' lang='lat' dir='ltr'>esse</span> <span class='ocrx_word' id='word_1_339' title='bbox 513 3081 726 3120; x_wconf 79' lang='lat' dir='ltr'>dixerunt.</span> 
     </span>
    </p>

    <p class='ocr_par' dir='ltr' id='par_1_17' title="bbox 171 3141 1048 3251">
     <span class='ocr_line' id='line_1_46' title="bbox 226 3141 1048 3194; baseline -0.007 -8"><span class='ocrx_word' id='word_1_340' title='bbox 226 3149 303 3186; x_wconf 84' lang='lat'>165</span> <span class='ocrx_word' id='word_1_341' title='bbox 332 3145 453 3184; x_wconf 81' lang='lat' dir='ltr'>Latos</span> <span class='ocrx_word' id='word_1_342' title='bbox 465 3143 659 3194; x_wconf 73' lang='lat' dir='ltr'>humeros]</span> <span class='ocrx_word' id='word_1_343' title='bbox 688 3142 847 3184; x_wconf 82' lang='lat' dir='ltr'>Quales</span> <span class='ocrx_word' id='word_1_344' title='bbox 864 3146 962 3181; x_wconf 86' lang='lat' dir='ltr'>sunt</span> <span class='ocrx_word' id='word_1_345' title='bbox 976 3141 1048 3180; x_wconf 90' lang='lat' dir='ltr'>hu-</span> 
     </span>
     <span class='ocr_line' id='line_1_47' title="bbox 171 3209 503 3251; baseline -0.015 -1"><span class='ocrx_word' id='word_1_346' title='bbox 171 3209 280 3251; x_wconf 82' lang='lat' dir='ltr'>meri</span> <span class='ocrx_word' id='word_1_347' title='bbox 300 3209 503 3248; x_wconf 81' lang='lat' dir='ltr'>Heroum.</span> 
     </span>
    </p>

    <p class='ocr_par' dir='ltr' id='par_1_18' title="bbox 177 3269 1051 3449">
     <span class='ocr_line' id='line_1_48' title="bbox 228 3269 1050 3323; baseline -0.005 -11"><span class='ocrx_word' id='word_1_348' title='bbox 228 3276 309 3314; x_wconf 88' lang='grc'>166</span> <span class='ocrx_word' id='word_1_349' title='bbox 337 3271 538 3323; x_wconf 80' lang='lat' dir='ltr'>Incendit]</span> <span class='ocrx_word' id='word_1_350' title='bbox 584 3269 813 3311; x_wconf 67' lang='lat' dir='ltr'>Phaethon</span> <span class='ocrx_word' id='word_1_351' title='bbox 842 3269 1050 3320; x_wconf 87' lang='lat' dir='ltr'>intextus,</span> 
     </span>
     <span class='ocr_line' id='line_1_49' title="bbox 178 3332 1051 3385; baseline -0.002 -11"><span class='ocrx_word' id='word_1_352' title='bbox 178 3345 252 3374; x_wconf 85' lang='lat' dir='ltr'>seu</span> <span class='ocrx_word' id='word_1_353' title='bbox 285 3335 479 3385; x_wconf 82' lang='lat' dir='ltr'>depictus</span> <span class='ocrx_word' id='word_1_354' title='bbox 508 3334 552 3373; x_wconf 91' lang='lat' dir='ltr'>in</span> <span class='ocrx_word' id='word_1_355' title='bbox 583 3339 705 3373; x_wconf 82' lang='lat' dir='ltr'>veste</span> <span class='ocrx_word' id='word_1_356' title='bbox 732 3332 923 3383; x_wconf 87' lang='lat' dir='ltr'>Eridani,</span> <span class='ocrx_word' id='word_1_357' title='bbox 956 3344 1051 3372; x_wconf 87' lang='lat' dir='ltr'>eam</span> 
     </span>
     <span class='ocr_line' id='line_1_50' title="bbox 177 3395 1051 3449; baseline -0.006 -8"><span class='ocrx_word' id='word_1_358' title='bbox 177 3397 382 3449; x_wconf 85' lang='lat' dir='ltr'>incendit,</span> <span class='ocrx_word' id='word_1_359' title='bbox 413 3395 596 3436; x_wconf 81' lang='lat' dir='ltr'>flammis</span> <span class='ocrx_word' id='word_1_360' title='bbox 623 3395 727 3448; x_wconf 80' lang='lat' dir='ltr'>ipsis</span> <span class='ocrx_word' id='word_1_361' title='bbox 746 3395 866 3436; x_wconf 84' lang='lat' dir='ltr'>velut</span> <span class='ocrx_word' id='word_1_362' title='bbox 894 3407 1051 3448; x_wconf 81' lang='lat' dir='ltr'>reprae-</span> 
     </span>
    </p>
   </div>
   <div class='ocr_carea' id='block_1_15' title="bbox 1111 2700 1993 3451">
    <p class='ocr_par' dir='ltr' id='par_1_19' title="bbox 1111 2700 1990 3068">
     <span class='ocr_line' id='line_1_51' title="bbox 1111 2700 1989 2754; baseline -0.005 -10"><span class='ocrx_word' id='word_1_363' title='bbox 1111 2709 1226 2744; x_wconf 83' lang='lat' dir='ltr'>astra</span> <span class='ocrx_word' id='word_1_364' title='bbox 1241 2704 1400 2744; x_wconf 84' lang='lat' dir='ltr'>relatus</span> <span class='ocrx_word' id='word_1_365' title='bbox 1417 2709 1499 2754; x_wconf 88' lang='lat' dir='ltr'>est,</span> <span class='ocrx_word' id='word_1_366' title='bbox 1513 2707 1559 2742; x_wconf 86' lang='lat' dir='ltr'>et</span> <span class='ocrx_word' id='word_1_367' title='bbox 1574 2707 1640 2742; x_wconf 83' lang='lat' dir='ltr'>est</span> <span class='ocrx_word' id='word_1_368' title='bbox 1655 2702 1819 2753; x_wconf 73' lang='lat' dir='ltr'>signnm</span> <span class='ocrx_word' id='word_1_369' title='bbox 1834 2700 1989 2742; x_wconf 87' lang='lat' dir='ltr'>Orioni</span> 
     </span>
     <span class='ocr_line' id='line_1_52' title="bbox 1112 2763 1990 2818; baseline -0.005 -10"><span class='ocrx_word' id='word_1_370' title='bbox 1112 2768 1312 2808; x_wconf 84' lang='lat' dir='ltr'>vicinum.</span> <span class='ocrx_word' id='word_1_371' title='bbox 1370 2766 1459 2806; x_wconf 87' lang='lat' dir='ltr'>Alii</span> <span class='ocrx_word' id='word_1_372' title='bbox 1479 2770 1634 2818; x_wconf 87' lang='lat' dir='ltr'>putant</span> <span class='ocrx_word' id='word_1_373' title='bbox 1662 2764 1835 2805; x_wconf 83' lang='lat' dir='ltr'>fluvium</span> <span class='ocrx_word' id='word_1_374' title='bbox 1867 2763 1990 2804; x_wconf 85' lang='lat' dir='ltr'>illum</span> 
     </span>
     <span class='ocr_line' id='line_1_53' title="bbox 1113 2826 1990 2880; baseline -0.006 -10"><span class='ocrx_word' id='word_1_375' title='bbox 1113 2830 1322 2870; x_wconf 81' lang='lat' dir='ltr'>sideribus</span> <span class='ocrx_word' id='word_1_376' title='bbox 1342 2829 1575 2880; x_wconf 87' lang='lat' dir='ltr'>ascriptum</span> <span class='ocrx_word' id='word_1_377' title='bbox 1594 2839 1690 2867; x_wconf 87' lang='lat' dir='ltr'>esse</span> <span class='ocrx_word' id='word_1_378' title='bbox 1705 2827 1866 2877; x_wconf 89' lang='lat' dir='ltr'>Nilum,</span> <span class='ocrx_word' id='word_1_379' title='bbox 1879 2832 1924 2866; x_wconf 84' lang='lat' dir='ltr'>et</span> <span class='ocrx_word' id='word_1_380' title='bbox 1943 2826 1990 2865; x_wconf 86' lang='lat' dir='ltr'>in</span> 
     </span>
     <span class='ocr_line' id='line_1_54' title="bbox 1113 2891 1989 2942; baseline -0.003 -9"><span class='ocrx_word' id='word_1_381' title='bbox 1113 2905 1164 2933; x_wconf 86' lang='lat' dir='ltr'>eo</span> <span class='ocrx_word' id='word_1_382' title='bbox 1183 2893 1352 2933; x_wconf 87' lang='lat' dir='ltr'>stellam</span> <span class='ocrx_word' id='word_1_383' title='bbox 1380 2891 1585 2942; x_wconf 83' lang='lat' dir='ltr'>insignem</span> <span class='ocrx_word' id='word_1_384' title='bbox 1614 2894 1864 2941; x_wconf 83' lang='lat' dir='ltr'>agnoscunt,</span> <span class='ocrx_word' id='word_1_385' title='bbox 1894 2900 1989 2940; x_wconf 73' lang='lat' dir='ltr'>quae</span> 
     </span>
     <span class='ocr_line' id='line_1_55' title="bbox 1113 2951 1990 3005; baseline -0.007 -10"><span class='ocrx_word' id='word_1_386' title='bbox 1113 2955 1166 2995; x_wconf 89' lang='lat' dir='ltr'>ab</span> <span class='ocrx_word' id='word_1_387' title='bbox 1182 2955 1231 2994; x_wconf 87' lang='lat' dir='ltr'>iis</span> <span class='ocrx_word' id='word_1_388' title='bbox 1251 2955 1409 2995; x_wconf 86' lang='lat' dir='ltr'>dicitur</span> <span class='ocrx_word' id='word_1_389' title='bbox 1428 2955 1620 3005; x_wconf 67' lang='lat' dir='ltr'>Canqms,</span> <span class='ocrx_word' id='word_1_390' title='bbox 1630 2952 1682 2992; x_wconf 87' lang='lat' dir='ltr'>ab</span> <span class='ocrx_word' id='word_1_391' title='bbox 1694 2952 1878 3004; x_wconf 87' lang='lat' dir='ltr'>ipsorum</span> <span class='ocrx_word' id='word_1_392' title='bbox 1890 2951 1990 2990; x_wconf 84' lang='lat' dir='ltr'>neo</span> 
     </span>
     <span class='ocr_line' id='line_1_56' title="bbox 1114 3016 1570 3068; baseline -0.002 -11"><span class='ocrx_word' id='word_1_393' title='bbox 1114 3023 1158 3057; x_wconf 91' lang='lat' dir='ltr'>et</span> <span class='ocrx_word' id='word_1_394' title='bbox 1178 3017 1283 3056; x_wconf 85' lang='lat' dir='ltr'>urbe</span> <span class='ocrx_word' id='word_1_395' title='bbox 1304 3016 1570 3068; x_wconf 87' lang='lat' dir='ltr'>cognomine.</span> 
     </span>
    </p>

    <p class='ocr_par' dir='ltr' id='par_1_20' title="bbox 1114 3077 1993 3451">
     <span class='ocr_line' id='line_1_57' title="bbox 1169 3077 1990 3131; baseline -0.005 -11"><span class='ocrx_word' id='word_1_396' title='bbox 1169 3084 1247 3120; x_wconf 89' lang='grc'>170</span> <span class='ocrx_word' id='word_1_397' title='bbox 1276 3079 1434 3130; x_wconf 85' lang='lat' dir='ltr'>Senem]</span> <span class='ocrx_word' id='word_1_398' title='bbox 1465 3079 1672 3131; x_wconf 88' lang='lat' dir='ltr'>Cycnum,</span> <span class='ocrx_word' id='word_1_399' title='bbox 1701 3077 1774 3130; x_wconf 91' lang='lat' dir='ltr'>qui</span> <span class='ocrx_word' id='word_1_400' title='bbox 1799 3088 1894 3117; x_wconf 89' lang='lat' dir='ltr'>cum</span> <span class='ocrx_word' id='word_1_401' title='bbox 1923 3088 1990 3116; x_wconf 77' lang='lat' dir='ltr'>ca-</span> 
     </span>
     <span class='ocr_line' id='line_1_58' title="bbox 1115 3139 1992 3194; baseline -0.006 -11"><span class='ocrx_word' id='word_1_402' title='bbox 1115 3157 1207 3183; x_wconf 91' lang='lat' dir='ltr'>sum</span> <span class='ocrx_word' id='word_1_403' title='bbox 1243 3143 1523 3194; x_wconf 64' lang='lat' dir='ltr'>Phaethontis</span> <span class='ocrx_word' id='word_1_404' title='bbox 1552 3141 1783 3194; x_wconf 87' lang='lat' dir='ltr'>propinqui</span> <span class='ocrx_word' id='word_1_405' title='bbox 1819 3141 1883 3180; x_wconf 77' lang='lat' dir='ltr'>sui</span> <span class='ocrx_word' id='word_1_406' title='bbox 1919 3139 1992 3179; x_wconf 85' lang='lat' dir='ltr'>de-</span> 
     </span>
     <span class='ocr_line' id='line_1_59' title="bbox 1114 3204 1990 3257; baseline -0.007 -10"><span class='ocrx_word' id='word_1_407' title='bbox 1114 3206 1256 3256; x_wconf 87' lang='lat' dir='ltr'>fleret,</span> <span class='ocrx_word' id='word_1_408' title='bbox 1268 3207 1331 3247; x_wconf 85' lang='lat' dir='ltr'>ita</span> <span class='ocrx_word' id='word_1_409' title='bbox 1346 3207 1492 3247; x_wconf 89' lang='lat' dir='ltr'>dolore</span> <span class='ocrx_word' id='word_1_410' title='bbox 1506 3204 1741 3257; x_wconf 87' lang='lat' dir='ltr'>contabuit,</span> <span class='ocrx_word' id='word_1_411' title='bbox 1749 3209 1798 3244; x_wconf 86' lang='lat' dir='ltr'>ut</span> <span class='ocrx_word' id='word_1_412' title='bbox 1810 3204 1852 3243; x_wconf 90' lang='lat' dir='ltr'>in</span> <span class='ocrx_word' id='word_1_413' title='bbox 1867 3214 1990 3242; x_wconf 74' lang='lat' dir='ltr'>aven</span> 
     </span>
     <span class='ocr_line' id='line_1_60' title="bbox 1116 3266 1990 3323; baseline -0.007 -13"><span class='ocrx_word' id='word_1_414' title='bbox 1116 3270 1408 3323; x_wconf 82' lang='lat' dir='ltr'>cognominem</span> <span class='ocrx_word' id='word_1_415' title='bbox 1434 3275 1688 3310; x_wconf 82' lang='lat' dir='ltr'>mutaretur.</span> <span class='ocrx_word' id='word_1_416' title='bbox 1743 3266 1829 3307; x_wconf 89' lang='lat' dir='ltr'>Alii</span> <span class='ocrx_word' id='word_1_417' title='bbox 1849 3271 1990 3308; x_wconf 72' lang='lat' dir='ltr'>tamen</span> 
     </span>
     <span class='ocr_line' id='line_1_61' title="bbox 1118 3326 1989 3374; baseline -0.005 0"><span class='ocrx_word' id='word_1_418' title='bbox 1118 3334 1294 3374; x_wconf 88' lang='lat' dir='ltr'>Olorem</span> <span class='ocrx_word' id='word_1_419' title='bbox 1313 3333 1433 3372; x_wconf 89' lang='lat' dir='ltr'>illum</span> <span class='ocrx_word' id='word_1_420' title='bbox 1450 3334 1666 3373; x_wconf 86' lang='lat' dir='ltr'>coelestem</span> <span class='ocrx_word' id='word_1_421' title='bbox 1683 3330 1833 3371; x_wconf 83' lang='lat' dir='ltr'>dicunt</span> <span class='ocrx_word' id='word_1_422' title='bbox 1859 3326 1989 3370; x_wconf 72' lang='lat' dir='ltr'>fuisse</span> 
     </span>
     <span class='ocr_line' id='line_1_62' title="bbox 1117 3389 1993 3451; baseline -0.008 -14"><span class='ocrx_word' id='word_1_423' title='bbox 1117 3397 1253 3450; x_wconf 84' lang='lat' dir='ltr'>illum,</span> <span class='ocrx_word' id='word_1_424' title='bbox 1281 3396 1404 3451; x_wconf 78' lang='lat' dir='ltr'>cujus</span> <span class='ocrx_word' id='word_1_425' title='bbox 1435 3395 1616 3449; x_wconf 76' lang='lat' dir='ltr'>figuram</span> <span class='ocrx_word' id='word_1_426' title='bbox 1640 3392 1813 3446; x_wconf 86' lang='lat' dir='ltr'>Jupiter</span> <span class='ocrx_word' id='word_1_427' title='bbox 1844 3389 1993 3432; x_wconf 73' lang='lat' dir='ltr'>sumsit</span> 
     </span>
    </p>
   </div>
  </div>
 </body>
</html>
