<?xml version="1.0" encoding="UTF-8"?>
<!DOCTYPE html PUBLIC "-//W3C//DTD XHTML 1.0 Transitional//EN"
    "http://www.w3.org/TR/xhtml1/DTD/xhtml1-transitional.dtd">
<html xmlns="http://www.w3.org/1999/xhtml" xml:lang="en" lang="en">
 <head>
  <title>
</title>
<meta http-equiv="Content-Type" content="text/html;charset=utf-8" />
  <meta name='ocr-system' content='tesseract 3.04.00' />
  <meta name='ocr-capabilities' content='ocr_page ocr_carea ocr_par ocr_line ocrx_word'/>
</head>
<body>
  <div class='ocr_page' id='page_1' title='image "./operaomniaexedit02clauuoft/operaomniaexedit02clauuoft_0041.png"; bbox 0 0 2300 3906; ppageno 0'>
   <div class='ocr_carea' id='block_1_1' title="bbox 588 178 1874 239">
    <p class='ocr_par' dir='ltr' id='par_1_1' title="bbox 588 178 1874 239">
     <span class='ocr_line' id='line_1_1' title="bbox 588 178 1874 239; baseline -0.002 -12"><span class='ocrx_word' id='word_1_1' title='bbox 588 189 655 228; x_wconf 85' lang='lat' dir='ltr'><strong>IN</strong></span> <span class='ocrx_word' id='word_1_2' title='bbox 697 187 1064 239; x_wconf 71' lang='lat' dir='ltr'><strong>EU&#39;I&#39;ROPIUM</strong></span> <span class='ocrx_word' id='word_1_3' title='bbox 1105 188 1225 226; x_wconf 85' lang='lat' dir='ltr'>LIB.</span> <span class='ocrx_word' id='word_1_4' title='bbox 1264 187 1335 227; x_wconf 81' lang='lat'><strong>11.</strong></span> <span class='ocrx_word' id='word_1_5' title='bbox 1766 178 1874 231; x_wconf 78' lang='grc'><strong>543</strong></span> 
     </span>
    </p>
   </div>
   <div class='ocr_carea' id='block_1_2' title="bbox 54 304 1884 1029">
    <p class='ocr_par' dir='ltr' id='par_1_2' title="bbox 60 304 1650 458">
     <span class='ocr_line' id='line_1_2' title="bbox 60 304 1650 374; baseline -0.004 -12"><span class='ocrx_word' id='word_1_6' title='bbox 60 309 211 362; x_wconf 90' lang='lat' dir='ltr'><strong>Dum</strong></span> <span class='ocrx_word' id='word_1_7' title='bbox 234 321 367 361; x_wconf 87' lang='lat' dir='ltr'><strong>suus</strong></span> <span class='ocrx_word' id='word_1_8' title='bbox 385 310 487 368; x_wconf 84' lang='lat' dir='ltr'><strong>est,</strong></span> <span class='ocrx_word' id='word_1_9' title='bbox 506 305 765 371; x_wconf 85' lang='lat' dir='ltr'><strong>flexuque</strong></span> <span class='ocrx_word' id='word_1_10' title='bbox 791 322 1015 360; x_wconf 83' lang='lat' dir='ltr'><strong>carens:</strong></span> <span class='ocrx_word' id='word_1_11' title='bbox 1049 306 1168 374; x_wconf 83' lang='lat' dir='ltr'><strong>jam</strong></span> <span class='ocrx_word' id='word_1_12' title='bbox 1191 306 1414 358; x_wconf 88' lang='lat' dir='ltr'><strong>flumine</strong></span> <span class='ocrx_word' id='word_1_13' title='bbox 1437 304 1650 357; x_wconf 84' lang='lat' dir='ltr'><strong>mixtus</strong></span> 
     </span>
     <span class='ocr_line' id='line_1_3' title="bbox 62 389 1362 458; baseline -0.001 -14"><span class='ocrx_word' id='word_1_14' title='bbox 62 391 323 452; x_wconf 87' lang='lat' dir='ltr'><strong>Mollitur,</strong></span> <span class='ocrx_word' id='word_1_15' title='bbox 352 389 658 451; x_wconf 86' lang='lat' dir='ltr'><strong>Maeandre,</strong></span> <span class='ocrx_word' id='word_1_16' title='bbox 686 395 785 440; x_wconf 86' lang='lat' dir='ltr'><strong>tuo</strong></span> <span class='ocrx_word' id='word_1_17' title='bbox 808 407 822 454; x_wconf 83' lang='lat'>3</span> <span class='ocrx_word' id='word_1_18' title='bbox 863 392 1142 444; x_wconf 82' lang='lat' dir='ltr'><strong>contraria</strong></span> <span class='ocrx_word' id='word_1_19' title='bbox 1157 406 1362 458; x_wconf 83' lang='lat' dir='ltr'><strong>passus</strong></span> 
     </span>
    </p>

    <p class='ocr_par' dir='ltr' id='par_1_3' title="bbox 58 473 1881 706">
     <span class='ocr_line' id='line_1_4' title="bbox 62 473 1653 542; baseline 0.001 -15"><span class='ocrx_word' id='word_1_20' title='bbox 62 474 244 539; x_wconf 84' lang='lat' dir='ltr'><strong>Quam</strong></span> <span class='ocrx_word' id='word_1_21' title='bbox 270 473 544 525; x_wconf 83' lang='lat' dir='ltr'>Rhodano</span> <span class='ocrx_word' id='word_1_22' title='bbox 570 473 879 525; x_wconf 86' lang='lat' dir='ltr'><strong>stimulatus</strong></span> <span class='ocrx_word' id='word_1_23' title='bbox 910 473 1084 527; x_wconf 84' lang='lat' dir='ltr'><strong>Arar:</strong></span> <span class='ocrx_word' id='word_1_24' title='bbox 1126 491 1265 542; x_wconf 90' lang='lat' dir='ltr'><strong>quos</strong></span> <span class='ocrx_word' id='word_1_25' title='bbox 1290 476 1435 527; x_wconf 87' lang='lat' dir='ltr'><strong>inter</strong></span> <span class='ocrx_word' id='word_1_26' title='bbox 1462 475 1653 542; x_wconf 83' lang='lat' dir='ltr'><strong>aprica</strong></span> 
     </span>
     <span class='ocr_line' id='line_1_5' title="bbox 59 554 1881 625; baseline 0.001 -16"><span class='ocrx_word' id='word_1_27' title='bbox 59 557 321 609; x_wconf 86' lang='lat' dir='ltr'><strong>Planities</strong></span> <span class='ocrx_word' id='word_1_28' title='bbox 347 554 636 622; x_wconf 83' lang='lat' dir='ltr'><strong>Cererique</strong></span> <span class='ocrx_word' id='word_1_29' title='bbox 659 555 829 617; x_wconf 85' lang='lat' dir='ltr'><strong>favet,</strong></span> <span class='ocrx_word' id='word_1_30' title='bbox 857 556 1155 625; x_wconf 82' lang='lat' dir='ltr'><strong>densisque</strong></span> <span class='ocrx_word' id='word_1_31' title='bbox 1179 559 1383 624; x_wconf 85' lang='lat' dir='ltr'><strong>ligatur</strong></span> <span class='ocrx_word' id='word_1_32' title='bbox 1773 558 1881 610; x_wconf 78' lang='lat'><strong>270</strong></span> 
     </span>
     <span class='ocr_line' id='line_1_6' title="bbox 58 639 1298 706; baseline 0 -14"><span class='ocrx_word' id='word_1_33' title='bbox 58 639 302 702; x_wconf 83' lang='lat' dir='ltr'><strong>vitibus,</strong></span> <span class='ocrx_word' id='word_1_34' title='bbox 329 643 382 690; x_wconf 89' lang='lat' dir='ltr'><strong>et</strong></span> <span class='ocrx_word' id='word_1_35' title='bbox 401 640 631 706; x_wconf 85' lang='lat' dir='ltr'><strong>glaucos</strong></span> <span class='ocrx_word' id='word_1_36' title='bbox 653 640 864 691; x_wconf 86' lang='lat' dir='ltr'><strong>fructus</strong></span> <span class='ocrx_word' id='word_1_37' title='bbox 891 642 1087 692; x_wconf 85' lang='lat' dir='ltr'><strong>attollit</strong></span> <span class='ocrx_word' id='word_1_38' title='bbox 1111 641 1298 704; x_wconf 85' lang='lat' dir='ltr'><strong>olivae,</strong></span> 
     </span>
    </p>

    <p class='ocr_par' dir='ltr' id='par_1_4' title="bbox 60 722 1389 798">
     <span class='ocr_line' id='line_1_7' title="bbox 60 722 1389 798; baseline 0.001 -23"><span class='ocrx_word' id='word_1_39' title='bbox 60 722 236 775; x_wconf 87' lang='lat' dir='ltr'><strong>Dives</strong></span> <span class='ocrx_word' id='word_1_40' title='bbox 262 723 438 798; x_wconf 56' lang='lat' dir='ltr'><strong>equis?</strong></span> <span class='ocrx_word' id='word_1_41' title='bbox 463 722 600 774; x_wconf 87' lang='lat' dir='ltr'><strong>felix</strong></span> <span class='ocrx_word' id='word_1_42' title='bbox 627 725 835 790; x_wconf 88' lang='lat' dir='ltr'><strong>pecori,</strong></span> <span class='ocrx_word' id='word_1_43' title='bbox 862 726 1208 792; x_wconf 85' lang='lat' dir='ltr'><strong>pretiosaque</strong></span> <span class='ocrx_word' id='word_1_44' title='bbox 1235 725 1389 792; x_wconf 85' lang='lat' dir='ltr'><strong>picto</strong></span> 
     </span>
    </p>

    <p class='ocr_par' dir='ltr' id='par_1_5' title="bbox 62 805 1438 877">
     <span class='ocr_line' id='line_1_8' title="bbox 62 805 1438 877; baseline 0.004 -20"><span class='ocrx_word' id='word_1_45' title='bbox 62 805 354 870; x_wconf 82' lang='lat' dir='ltr'><strong>Marmore,</strong></span> <span class='ocrx_word' id='word_1_46' title='bbox 381 809 665 875; x_wconf 86' lang='lat' dir='ltr'><strong>purpureis</strong></span> <span class='ocrx_word' id='word_1_47' title='bbox 693 808 843 860; x_wconf 85' lang='lat' dir='ltr'><strong>cedit</strong></span> <span class='ocrx_word' id='word_1_48' title='bbox 865 809 956 859; x_wconf 91' lang='lat' dir='ltr'><strong>cui</strong></span> <span class='ocrx_word' id='word_1_49' title='bbox 982 808 1245 877; x_wconf 84' lang='lat' dir='ltr'>Synnada</span> <span class='ocrx_word' id='word_1_50' title='bbox 1268 810 1438 862; x_wconf 81' lang='lat' dir='ltr'><strong>veniS.</strong></span> 
     </span>
    </p>

    <p class='ocr_par' dir='ltr' id='par_1_6' title="bbox 54 888 1451 960">
     <span class='ocr_line' id='line_1_9' title="bbox 54 888 1451 960; baseline 0.004 -21"><span class='ocrx_word' id='word_1_51' title='bbox 54 888 251 940; x_wconf 81' lang='lat' dir='ltr'><strong>Talem</strong></span> <span class='ocrx_word' id='word_1_52' title='bbox 278 895 391 940; x_wconf 89' lang='lat' dir='ltr'><strong>tum</strong></span> <span class='ocrx_word' id='word_1_53' title='bbox 420 891 710 958; x_wconf 80' lang='lat' dir='ltr'><strong>Phrygiam</strong></span> <span class='ocrx_word' id='word_1_54' title='bbox 738 890 952 943; x_wconf 85' lang='lat' dir='ltr'><strong>Geticis</strong></span> <span class='ocrx_word' id='word_1_55' title='bbox 971 893 1337 960; x_wconf 84' lang='lat' dir='ltr'><strong>populatibus</strong></span> <span class='ocrx_word' id='word_1_56' title='bbox 1365 893 1451 944; x_wconf 87' lang='lat' dir='ltr'><strong>uri</strong></span> 
     </span>
    </p>

    <p class='ocr_par' dir='ltr' id='par_1_7' title="bbox 59 970 1884 1029">
     <span class='ocr_line' id='line_1_10' title="bbox 59 970 1884 1029; baseline 0.003 -7"><span class='ocrx_word' id='word_1_57' title='bbox 59 970 365 1024; x_wconf 87' lang='lat' dir='ltr'><strong>Permisere</strong></span> <span class='ocrx_word' id='word_1_58' title='bbox 394 974 519 1026; x_wconf 91' lang='lat' dir='ltr'><strong>Dei.</strong></span> <span class='ocrx_word' id='word_1_59' title='bbox 597 975 837 1027; x_wconf 84' lang='lat' dir='ltr'><strong>Securas</strong></span> <span class='ocrx_word' id='word_1_60' title='bbox 863 977 1135 1027; x_wconf 84' lang='lat' dir='ltr'><strong>barbarus</strong></span> <span class='ocrx_word' id='word_1_61' title='bbox 1161 978 1330 1028; x_wconf 90' lang='lat' dir='ltr'><strong>urbes</strong></span> <span class='ocrx_word' id='word_1_62' title='bbox 1775 976 1884 1029; x_wconf 80' lang='lat'><strong>275</strong></span> 
     </span>
    </p>
   </div>
   <div class='ocr_carea' id='block_1_3' title="bbox 58 1153 1894 1420">
    <p class='ocr_par' dir='ltr' id='par_1_8' title="bbox 58 1153 1894 1420">
     <span class='ocr_line' id='line_1_11' title="bbox 61 1153 1890 1207; baseline 0.002 -14"><span class='ocrx_word' id='word_1_63' title='bbox 61 1158 135 1203; x_wconf 77' lang='lat' dir='ltr'><strong>est,</strong></span> <span class='ocrx_word' id='word_1_64' title='bbox 150 1158 187 1193; x_wconf 88' lang='lat' dir='ltr'><strong>et</strong></span> <span class='ocrx_word' id='word_1_65' title='bbox 207 1153 289 1192; x_wconf 84' lang='lat' dir='ltr'><strong>sine</strong></span> <span class='ocrx_word' id='word_1_66' title='bbox 302 1153 562 1201; x_wconf 81' lang='lat' dir='ltr'><strong>anfractibus:</strong></span> <span class='ocrx_word' id='word_1_67' title='bbox 581 1155 669 1203; x_wconf 75' lang='lat' dir='ltr'><strong>jam</strong></span> <span class='ocrx_word' id='word_1_68' title='bbox 683 1153 862 1203; x_wconf 79' lang='lat' dir='ltr'><strong>confusus</strong></span> <span class='ocrx_word' id='word_1_69' title='bbox 876 1167 962 1194; x_wconf 85' lang='lat' dir='ltr'><strong>cum</strong></span> <span class='ocrx_word' id='word_1_70' title='bbox 969 1156 1098 1207; x_wconf 84' lang='lat' dir='ltr'><strong>fluvio</strong></span> <span class='ocrx_word' id='word_1_71' title='bbox 1112 1159 1192 1206; x_wconf 82' lang='lat' dir='ltr'><strong>tuo,</strong></span> <span class='ocrx_word' id='word_1_72' title='bbox 1206 1168 1230 1195; x_wconf 95' lang='lat' dir='ltr'><em>o</em></span> <span class='ocrx_word' id='word_1_73' title='bbox 1251 1157 1470 1207; x_wconf 84' lang='lat' dir='ltr'><strong>Moeandre,</strong></span> <span class='ocrx_word' id='word_1_74' title='bbox 1486 1157 1646 1207; x_wconf 85' lang='lat' dir='ltr'><strong>lenitur,</strong></span> <span class='ocrx_word' id='word_1_75' title='bbox 1650 1156 1789 1205; x_wconf 77' lang='lat' dir='ltr'><strong>ferens</strong></span> <span class='ocrx_word' id='word_1_76' title='bbox 1813 1153 1890 1197; x_wconf 73' lang='lat' dir='ltr'><strong>res&#39;</strong></span> 
     </span>
     <span class='ocr_line' id='line_1_12' title="bbox 58 1207 1886 1260; baseline 0.001 -14"><span class='ocrx_word' id='word_1_77' title='bbox 58 1208 288 1253; x_wconf 76' lang='lat' dir='ltr'><strong>contrarias,</strong></span> <span class='ocrx_word' id='word_1_78' title='bbox 306 1220 421 1258; x_wconf 81' lang='lat' dir='ltr'><strong>quam</strong></span> <span class='ocrx_word' id='word_1_79' title='bbox 442 1207 549 1246; x_wconf 85' lang='lat' dir='ltr'><strong>Arar</strong></span> <span class='ocrx_word' id='word_1_80' title='bbox 565 1212 701 1258; x_wconf 75' lang='lat' dir='ltr'><strong>raptu-3</strong></span> <span class='ocrx_word' id='word_1_81' title='bbox 718 1220 742 1246; x_wconf 87' lang='lat' dir='ltr'><em>a</em></span> <span class='ocrx_word' id='word_1_82' title='bbox 763 1208 967 1247; x_wconf 79' lang='lat' dir='ltr'><em>Rhodano.</em></span> <span class='ocrx_word' id='word_1_83' title='bbox 1022 1209 1133 1247; x_wconf 80' lang='lat' dir='ltr'><strong>Inter</strong></span> <span class='ocrx_word' id='word_1_84' title='bbox 1149 1222 1241 1259; x_wconf 81' lang='lat' dir='ltr'><strong>quos</strong></span> <span class='ocrx_word' id='word_1_85' title='bbox 1262 1208 1411 1248; x_wconf 81' lang='lat' dir='ltr'><strong>fluvios</strong></span> <span class='ocrx_word' id='word_1_86' title='bbox 1440 1222 1597 1260; x_wconf 78' lang='lat' dir='ltr'><strong>campus</strong></span> <span class='ocrx_word' id='word_1_87' title='bbox 1615 1210 1772 1260; x_wconf 76' lang='lat' dir='ltr'><strong>apricus</strong></span> <span class='ocrx_word' id='word_1_88' title='bbox 1786 1222 1886 1257; x_wconf 86' lang='lat' dir='ltr'><strong>gra-</strong></span> 
     </span>
     <span class='ocr_line' id='line_1_13' title="bbox 60 1260 1890 1311; baseline 0.001 -13"><span class='ocrx_word' id='word_1_89' title='bbox 60 1265 123 1299; x_wconf 75' lang='lat' dir='ltr'><strong>tus</strong></span> <span class='ocrx_word' id='word_1_90' title='bbox 139 1265 196 1299; x_wconf 81' lang='lat' dir='ltr'><strong>est</strong></span> <span class='ocrx_word' id='word_1_91' title='bbox 211 1260 362 1310; x_wconf 88' lang='lat' dir='ltr'><strong>Cereri,</strong></span> <span class='ocrx_word' id='word_1_92' title='bbox 381 1264 418 1298; x_wconf 90' lang='lat' dir='ltr'><strong>et</strong></span> <span class='ocrx_word' id='word_1_93' title='bbox 447 1261 621 1311; x_wconf 82' lang='lat' dir='ltr'><strong>operitur</strong></span> <span class='ocrx_word' id='word_1_94' title='bbox 637 1261 763 1299; x_wconf 82' lang='lat' dir='ltr'><strong>vineis</strong></span> <span class='ocrx_word' id='word_1_95' title='bbox 774 1261 924 1311; x_wconf 77' lang='lat' dir='ltr'><strong>spissis,</strong></span> <span class='ocrx_word' id='word_1_96' title='bbox 957 1265 996 1300; x_wconf 86' lang='lat' dir='ltr'><strong>et</strong></span> <span class='ocrx_word' id='word_1_97' title='bbox 1014 1266 1181 1300; x_wconf 80' lang='lat' dir='ltr'><strong>ostentat</strong></span> <span class='ocrx_word' id='word_1_98' title='bbox 1205 1262 1333 1310; x_wconf 82' lang='lat' dir='ltr'><strong>foetus</strong></span> <span class='ocrx_word' id='word_1_99' title='bbox 1365 1263 1510 1301; x_wconf 79' lang='lat' dir='ltr'><strong>virides</strong></span> <span class='ocrx_word' id='word_1_100' title='bbox 1528 1263 1664 1300; x_wconf 81' lang='lat' dir='ltr'><strong>olivoe:</strong></span> <span class='ocrx_word' id='word_1_101' title='bbox 1683 1262 1890 1310; x_wconf 74' lang='lat' dir='ltr'><strong>foecundus</strong></span> 
     </span>
     <span class='ocr_line' id='line_1_14' title="bbox 61 1312 1890 1367; baseline 0.001 -16"><span class='ocrx_word' id='word_1_102' title='bbox 61 1325 255 1364; x_wconf 80' lang='lat' dir='ltr'><strong>equorum,</strong></span> <span class='ocrx_word' id='word_1_103' title='bbox 273 1312 481 1360; x_wconf 84' lang='lat' dir='ltr'><strong>foecundus</strong></span> <span class='ocrx_word' id='word_1_104' title='bbox 497 1317 771 1363; x_wconf 81' lang='lat' dir='ltr'><strong>armentorum,</strong></span> <span class='ocrx_word' id='word_1_105' title='bbox 803 1318 843 1352; x_wconf 88' lang='lat' dir='ltr'><strong>et</strong></span> <span class='ocrx_word' id='word_1_106' title='bbox 871 1316 1124 1364; x_wconf 84' lang='lat' dir='ltr'><strong>locupletatus</strong></span> <span class='ocrx_word' id='word_1_107' title='bbox 1136 1327 1326 1354; x_wconf 86' lang='lat' dir='ltr'><strong>marmore</strong></span> <span class='ocrx_word' id='word_1_108' title='bbox 1339 1316 1555 1366; x_wconf 83' lang='lat' dir='ltr'><strong>picturato,</strong></span> <span class='ocrx_word' id='word_1_109' title='bbox 1573 1315 1636 1354; x_wconf 76' lang='lat' dir='ltr'><strong>cuz·</strong></span> <span class='ocrx_word' id='word_1_110' title='bbox 1656 1315 1813 1367; x_wconf 71' lang='lat' dir='ltr'><em>Synnas</em></span> <span class='ocrx_word' id='word_1_111' title='bbox 1829 1327 1890 1354; x_wconf 89' lang='lat' dir='ltr'><strong>ce-</strong></span> 
     </span>
     <span class='ocr_line' id='line_1_15' title="bbox 59 1366 1894 1420; baseline 0.001 -15"><span class='ocrx_word' id='word_1_112' title='bbox 59 1366 136 1418; x_wconf 83' lang='lat' dir='ltr'><strong>dit,</strong></span> <span class='ocrx_word' id='word_1_113' title='bbox 148 1367 370 1419; x_wconf 75' lang='lat' dir='ltr'><strong>lapidicinis</strong></span> <span class='ocrx_word' id='word_1_114' title='bbox 386 1366 626 1407; x_wconf 80' lang='lat' dir='ltr'><strong>rubentibus,</strong></span> <span class='ocrx_word' id='word_1_115' title='bbox 670 1367 827 1418; x_wconf 79' lang='lat' dir='ltr'><strong>.Superi</strong></span> <span class='ocrx_word' id='word_1_116' title='bbox 844 1368 1019 1407; x_wconf 81' lang='lat' dir='ltr'><strong>siverunt</strong></span> <span class='ocrx_word' id='word_1_117' title='bbox 1054 1368 1272 1419; x_wconf 84' lang='lat' dir='ltr'><strong>Phrygiam</strong></span> <span class='ocrx_word' id='word_1_118' title='bbox 1292 1372 1375 1408; x_wconf 85' lang='lat' dir='ltr'><strong>tum</strong></span> <span class='ocrx_word' id='word_1_119' title='bbox 1394 1369 1511 1408; x_wconf 84' lang='lat' dir='ltr'><strong>talem</strong></span> <span class='ocrx_word' id='word_1_120' title='bbox 1528 1368 1682 1408; x_wconf 84' lang='lat' dir='ltr'><strong>incendi</strong></span> <span class='ocrx_word' id='word_1_121' title='bbox 1697 1368 1894 1420; x_wconf 63' lang='lat' dir='ltr'><strong>praedati·-</strong></span> 
     </span>
    </p>
   </div>
   <div class='ocr_carea' id='block_1_4' title="bbox 831 1472 1129 1487">
    <p class='ocr_par' dir='ltr' id='par_1_9' title="bbox 831 1472 1129 1487">
     <span class='ocr_line' id='line_1_16' title="bbox 831 1472 1129 1487; baseline -0.003 0"><span class='ocrx_word' id='word_1_122' title='bbox 831 1472 1129 1487; x_wconf 60' lang='lat' dir='ltr'><strong>eeeeeeeeeee</strong></span> 
     </span>
    </p>
   </div>
   <div class='ocr_carea' id='block_1_5' title="bbox 60 1539 1897 1694">
    <p class='ocr_par' dir='ltr' id='par_1_10' title="bbox 60 1539 1897 1694">
     <span class='ocr_line' id='line_1_17' title="bbox 60 1539 1894 1594; baseline 0 -14"><span class='ocrx_word' id='word_1_123' title='bbox 60 1539 180 1580; x_wconf 80' lang='lat' dir='ltr'><strong>Med.</strong></span> <span class='ocrx_word' id='word_1_124' title='bbox 201 1544 476 1592; x_wconf 58' lang='lat' dir='ltr'><strong>quarn—26⁷</strong></span> <span class='ocrx_word' id='word_1_125' title='bbox 493 1541 687 1593; x_wconf 83' lang='lat' dir='ltr'><strong>fluxuque</strong></span> <span class='ocrx_word' id='word_1_126' title='bbox 706 1541 847 1582; x_wconf 89' lang='lat' dir='ltr'><strong>Oxon.</strong></span> <span class='ocrx_word' id='word_1_127' title='bbox 867 1554 955 1582; x_wconf 87' lang='lat' dir='ltr'><strong>sec.</strong></span> <span class='ocrx_word' id='word_1_128' title='bbox 971 1542 1178 1594; x_wconf 82' lang='lat' dir='ltr'><strong>flexusque</strong></span> <span class='ocrx_word' id='word_1_129' title='bbox 1205 1542 1307 1582; x_wconf 82' lang='lat' dir='ltr'><strong>Vat.</strong></span> <span class='ocrx_word' id='word_1_130' title='bbox 1330 1554 1395 1593; x_wconf 86' lang='lat' dir='ltr'><strong>pr.</strong></span> <span class='ocrx_word' id='word_1_131' title='bbox 1417 1546 1462 1581; x_wconf 89' lang='lat' dir='ltr'><strong>et</strong></span> <span class='ocrx_word' id='word_1_132' title='bbox 1478 1545 1580 1581; x_wconf 87' lang='lat' dir='ltr'><strong>tert.</strong></span> <span class='ocrx_word' id='word_1_133' title='bbox 1605 1541 1741 1581; x_wconf 80' lang='lat' dir='ltr'><strong>Oisei.</strong></span> <span class='ocrx_word' id='word_1_134' title='bbox 1760 1541 1894 1593; x_wconf 78' lang='lat' dir='ltr'><strong>flexu-</strong></span> 
     </span>
     <span class='ocr_line' id='line_1_18' title="bbox 62 1592 1897 1649; baseline 0.001 -18"><span class='ocrx_word' id='word_1_135' title='bbox 62 1605 135 1644; x_wconf 85' lang='lat' dir='ltr'><strong>que</strong></span> <span class='ocrx_word' id='word_1_136' title='bbox 156 1594 221 1633; x_wconf 84' lang='lat' dir='ltr'><strong>vel</strong></span> <span class='ocrx_word' id='word_1_137' title='bbox 237 1592 430 1644; x_wconf 81' lang='lat' dir='ltr'><strong>fluxuque</strong></span> <span class='ocrx_word' id='word_1_138' title='bbox 463 1594 654 1635; x_wconf 82' lang='lat' dir='ltr'><strong>Florent.</strong></span> <span class='ocrx_word' id='word_1_139' title='bbox 681 1608 771 1634; x_wconf 88' lang='lat' dir='ltr'><strong>nam</strong></span> <span class='ocrx_word' id='word_1_140' title='bbox 786 1597 957 1649; x_wconf 84' lang='lat' dir='ltr'><strong>flamine</strong></span> <span class='ocrx_word' id='word_1_141' title='bbox 992 1596 1111 1636; x_wconf 83' lang='lat' dir='ltr'><strong>Med.</strong></span> <span class='ocrx_word' id='word_1_142' title='bbox 1150 1607 1236 1635; x_wconf 85' lang='lat' dir='ltr'><strong>sec.</strong></span> <span class='ocrx_word' id='word_1_143' title='bbox 1266 1596 1418 1635; x_wconf 84' lang='lat' dir='ltr'><strong>Petav.</strong></span> <span class='ocrx_word' id='word_1_144' title='bbox 1440 1599 1678 1635; x_wconf 63' lang='lat' dir='ltr'><strong>tem-268</strong></span> <span class='ocrx_word' id='word_1_145' title='bbox 1725 1596 1897 1634; x_wconf 71' lang='lat' dir='ltr'><strong>Molitur&#39;</strong></span> 
     </span>
     <span class='ocr_line' id='line_1_19' title="bbox 61 1647 1892 1694; baseline 0.002 -10"><span class='ocrx_word' id='word_1_146' title='bbox 61 1647 164 1685; x_wconf 83' lang='lat' dir='ltr'><strong>Vat.</strong></span> <span class='ocrx_word' id='word_1_147' title='bbox 203 1651 304 1687; x_wconf 74' lang='lat' dir='ltr'><strong>tert;</strong></span> <span class='ocrx_word' id='word_1_148' title='bbox 331 1647 503 1686; x_wconf 85' lang='lat' dir='ltr'><strong>mollitus</strong></span> <span class='ocrx_word' id='word_1_149' title='bbox 530 1648 768 1689; x_wconf 62' lang='lat' dir='ltr'><strong>,lum-269</strong></span> <span class='ocrx_word' id='word_1_150' title='bbox 813 1650 939 1694; x_wconf 80' lang='lat' dir='ltr'><strong>Quam</strong></span> <span class='ocrx_word' id='word_1_151' title='bbox 978 1650 1191 1689; x_wconf 76' lang='lat' dir='ltr'><strong>Rhodanus</strong></span> <span class='ocrx_word' id='word_1_152' title='bbox 1227 1649 1396 1688; x_wconf 90' lang='lat' dir='ltr'><strong>Bonon.</strong></span> <span class='ocrx_word' id='word_1_153' title='bbox 1429 1650 1683 1693; x_wconf 84' lang='lat' dir='ltr'><strong>Quorundam</strong></span> <span class='ocrx_word' id='word_1_154' title='bbox 1719 1649 1892 1687; x_wconf 87' lang='lat' dir='ltr'><strong>Tholos.</strong></span> 
     </span>
    </p>
   </div>
   <div class='ocr_carea' id='block_1_6' title="bbox 4 1699 1889 1751">
    <p class='ocr_par' dir='ltr' id='par_1_11' title="bbox 4 1699 1889 1751">
     <span class='ocr_line' id='line_1_20' title="bbox 4 1699 1889 1751; baseline 0.002 -14"><span class='ocrx_word' id='word_1_155' title='bbox 4 1742 8 1743; x_wconf 18' lang='lat'><em>⁷</em></span> <span class='ocrx_word' id='word_1_156' title='bbox 65 1699 163 1744; x_wconf 81' lang='lat' dir='ltr'><strong>Quae</strong></span> <span class='ocrx_word' id='word_1_157' title='bbox 184 1699 371 1738; x_wconf 75' lang='lat' dir='ltr'><em>Rhodano</em></span> <span class='ocrx_word' id='word_1_158' title='bbox 391 1701 542 1739; x_wconf 84' lang='lat' dir='ltr'><strong>Petav.</strong></span> <span class='ocrx_word' id='word_1_159' title='bbox 562 1713 628 1751; x_wconf 89' lang='lat' dir='ltr'><strong>pr.</strong></span> <span class='ocrx_word' id='word_1_160' title='bbox 655 1702 883 1741; x_wconf 75' lang='lat' dir='ltr'><strong>stimulatur</strong></span> <span class='ocrx_word' id='word_1_161' title='bbox 919 1702 1035 1742; x_wconf 83' lang='lat' dir='ltr'><strong>Prie.</strong></span> <span class='ocrx_word' id='word_1_162' title='bbox 1053 1702 1274 1742; x_wconf 79' lang='lat' dir='ltr'><strong>stimulator</strong></span> <span class='ocrx_word' id='word_1_163' title='bbox 1305 1703 1424 1742; x_wconf 87' lang='lat' dir='ltr'><strong>Rott.</strong></span> <span class='ocrx_word' id='word_1_164' title='bbox 1455 1702 1620 1740; x_wconf 86' lang='lat' dir='ltr'><strong>Tholos.</strong></span> <span class='ocrx_word' id='word_1_165' title='bbox 1655 1701 1775 1740; x_wconf 85' lang='lat' dir='ltr'><strong>Leid.</strong></span> <span class='ocrx_word' id='word_1_166' title='bbox 1805 1713 1889 1740; x_wconf 87' lang='lat' dir='ltr'><strong>sec.</strong></span> 
     </span>
    </p>
   </div>
   <div class='ocr_carea' id='block_1_7' title="bbox 0 2767 13 3358">
    <p class='ocr_par' dir='ltr' id='par_1_12' title="bbox 0 2767 16 3500">
     <span class='ocr_line' id='line_1_21' title="bbox 0 2767 13 3358; baseline 0 114"><span class='ocrx_word' id='word_1_167' title='bbox 0 2767 13 3358; x_wconf 51' lang='lat' dir='ltr'><strong>i</strong></span> 
     </span>
    </p>
   </div>
   <div class='ocr_carea' id='block_1_8' title="bbox 61 1752 1902 2908">
    <p class='ocr_par' dir='ltr' id='par_1_13' title="bbox 61 1752 1902 2908">
     <span class='ocr_line' id='line_1_22' title="bbox 63 1752 1895 1805; baseline 0.001 -15"><span class='ocrx_word' id='word_1_168' title='bbox 63 1752 219 1790; x_wconf 84' lang='lat' dir='ltr'><strong>Petav.</strong></span> <span class='ocrx_word' id='word_1_169' title='bbox 237 1764 322 1792; x_wconf 85' lang='lat' dir='ltr'><strong>sec.</strong></span> <span class='ocrx_word' id='word_1_170' title='bbox 344 1753 449 1791; x_wconf 84' lang='lat' dir='ltr'><strong>Lov.</strong></span> <span class='ocrx_word' id='word_1_171' title='bbox 469 1766 524 1793; x_wconf 91' lang='lat' dir='ltr'><strong>m.</strong></span> <span class='ocrx_word' id='word_1_172' title='bbox 540 1765 604 1805; x_wconf 86' lang='lat' dir='ltr'><strong>pr.</strong></span> <span class='ocrx_word' id='word_1_173' title='bbox 625 1755 733 1794; x_wconf 83' lang='lat' dir='ltr'><strong>Exc.</strong></span> <span class='ocrx_word' id='word_1_174' title='bbox 755 1755 934 1795; x_wconf 85' lang='lat' dir='ltr'><strong>Gevart.</strong></span> <span class='ocrx_word' id='word_1_175' title='bbox 952 1755 1057 1794; x_wconf 86' lang='lat' dir='ltr'><strong>Var.</strong></span> <span class='ocrx_word' id='word_1_176' title='bbox 1077 1756 1165 1795; x_wconf 86' lang='lat' dir='ltr'><strong>LL.</strong></span> <span class='ocrx_word' id='word_1_177' title='bbox 1181 1755 1249 1795; x_wconf 90' lang='lat' dir='ltr'><strong>ed.</strong></span> <span class='ocrx_word' id='word_1_178' title='bbox 1264 1753 1399 1794; x_wconf 86' lang='lat' dir='ltr'><strong>Antv.</strong></span> <span class='ocrx_word' id='word_1_179' title='bbox 1426 1755 1648 1794; x_wconf 76' lang='lat' dir='ltr'><strong>stimulator</strong></span> <span class='ocrx_word' id='word_1_180' title='bbox 1666 1754 1735 1792; x_wconf 88' lang='lat' dir='ltr'><strong>vel</strong></span> <span class='ocrx_word' id='word_1_181' title='bbox 1756 1754 1895 1792; x_wconf 81' lang='lat' dir='ltr'><strong>stimu-</strong></span> 
     </span>
     <span class='ocr_line' id='line_1_23' title="bbox 62 1805 1892 1858; baseline 0.001 -14"><span class='ocrx_word' id='word_1_182' title='bbox 62 1806 165 1844; x_wconf 75' lang='lat' dir='ltr'><strong>latus</strong></span> <span class='ocrx_word' id='word_1_183' title='bbox 183 1805 288 1855; x_wconf 81' lang='lat' dir='ltr'><strong>Reg.</strong></span> <span class='ocrx_word' id='word_1_184' title='bbox 303 1805 413 1845; x_wconf 86' lang='lat' dir='ltr'><strong>Exc.</strong></span> <span class='ocrx_word' id='word_1_185' title='bbox 429 1806 525 1844; x_wconf 84' lang='lat' dir='ltr'><strong>Pat.</strong></span> <span class='ocrx_word' id='word_1_186' title='bbox 542 1817 629 1846; x_wconf 88' lang='lat' dir='ltr'><strong>rec.</strong></span> <span class='ocrx_word' id='word_1_187' title='bbox 657 1809 773 1846; x_wconf 67' lang='lat' dir='ltr'><strong>Aram</strong></span> <span class='ocrx_word' id='word_1_188' title='bbox 788 1808 909 1847; x_wconf 84' lang='lat' dir='ltr'><strong>Rott.</strong></span> <span class='ocrx_word' id='word_1_189' title='bbox 929 1807 1051 1847; x_wconf 81' lang='lat' dir='ltr'><strong>Leid.</strong></span> <span class='ocrx_word' id='word_1_190' title='bbox 1084 1820 1151 1858; x_wconf 87' lang='lat' dir='ltr'><strong>pr.</strong></span> <span class='ocrx_word' id='word_1_191' title='bbox 1180 1810 1292 1847; x_wconf 76' lang='lat' dir='ltr'><strong>Atax</strong></span> <span class='ocrx_word' id='word_1_192' title='bbox 1318 1807 1579 1858; x_wconf 89' lang='lat' dir='ltr'><strong>conjiciebat</strong></span> <span class='ocrx_word' id='word_1_193' title='bbox 1603 1806 1892 1846; x_wconf 79' lang='lat' dir='ltr'><strong>Heins.—270</strong></span> 
     </span>
     <span class='ocr_line' id='line_1_24' title="bbox 61 1856 1893 1910; baseline 0.001 -13"><span class='ocrx_word' id='word_1_194' title='bbox 61 1856 262 1908; x_wconf 74' lang='lat' dir='ltr'><strong>cedrisque</strong></span> <span class='ocrx_word' id='word_1_195' title='bbox 295 1856 414 1904; x_wconf 82' lang='lat' dir='ltr'><strong>favet</strong></span> <span class='ocrx_word' id='word_1_196' title='bbox 434 1858 555 1897; x_wconf 86' lang='lat' dir='ltr'><strong>Leid.</strong></span> <span class='ocrx_word' id='word_1_197' title='bbox 588 1870 653 1910; x_wconf 85' lang='lat' dir='ltr'><strong>pr.</strong></span> <span class='ocrx_word' id='word_1_198' title='bbox 679 1858 790 1907; x_wconf 82' lang='lat' dir='ltr'><strong>favit</strong></span> <span class='ocrx_word' id='word_1_199' title='bbox 810 1860 915 1898; x_wconf 88' lang='lat' dir='ltr'><strong>Var.</strong></span> <span class='ocrx_word' id='word_1_200' title='bbox 945 1860 1034 1899; x_wconf 88' lang='lat' dir='ltr'><strong>LL.</strong></span> <span class='ocrx_word' id='word_1_201' title='bbox 1057 1860 1125 1900; x_wconf 89' lang='lat' dir='ltr'><strong>ed.</strong></span> <span class='ocrx_word' id='word_1_202' title='bbox 1155 1859 1287 1899; x_wconf 85' lang='lat' dir='ltr'><strong>Antv.</strong></span> <span class='ocrx_word' id='word_1_203' title='bbox 1334 1865 1450 1898; x_wconf 82' lang='lat' dir='ltr'><strong>avent</strong></span> <span class='ocrx_word' id='word_1_204' title='bbox 1480 1859 1637 1897; x_wconf 79' lang='lat' dir='ltr'><strong>PetaV.</strong></span> <span class='ocrx_word' id='word_1_205' title='bbox 1669 1862 1893 1898; x_wconf 47' lang='grc' dir='ltr'><strong>ηομ-271</strong></span> 
     </span>
     <span class='ocr_line' id='line_1_25' title="bbox 63 1909 1897 1963; baseline 0.001 -13"><span class='ocrx_word' id='word_1_206' title='bbox 63 1910 273 1950; x_wconf 75' lang='lat' dir='ltr'><strong>Fructibus</strong></span> <span class='ocrx_word' id='word_1_207' title='bbox 291 1909 520 1963; x_wconf 85' lang='lat' dir='ltr'><strong>Ambr.pr.</strong></span> <span class='ocrx_word' id='word_1_208' title='bbox 533 1923 588 1950; x_wconf 90' lang='lat' dir='ltr'><strong>m.</strong></span> <span class='ocrx_word' id='word_1_209' title='bbox 603 1923 668 1963; x_wconf 88' lang='lat' dir='ltr'><strong>pr.</strong></span> <span class='ocrx_word' id='word_1_210' title='bbox 693 1913 848 1961; x_wconf 73' lang='lat' dir='ltr'><strong>glauca·</strong></span> <span class='ocrx_word' id='word_1_211' title='bbox 867 1911 1014 1952; x_wconf 90' lang='lat' dir='ltr'><strong>Ambr.</strong></span> <span class='ocrx_word' id='word_1_212' title='bbox 1035 1918 1136 1952; x_wconf 85' lang='lat' dir='ltr'><strong>tert.</strong></span> <span class='ocrx_word' id='word_1_213' title='bbox 1157 1913 1262 1952; x_wconf 86' lang='lat' dir='ltr'><strong>Exc.</strong></span> <span class='ocrx_word' id='word_1_214' title='bbox 1321 1912 1407 1951; x_wconf 85' lang='lat' dir='ltr'><strong>aeti.</strong></span> <span class='ocrx_word' id='word_1_215' title='bbox 1432 1912 1589 1960; x_wconf 78' lang='lat' dir='ltr'><strong>glaucos</strong></span> <span class='ocrx_word' id='word_1_216' title='bbox 1610 1923 1754 1950; x_wconf 85' lang='lat' dir='ltr'><strong>omnes</strong></span> <span class='ocrx_word' id='word_1_217' title='bbox 1774 1912 1897 1951; x_wconf 84' lang='lat' dir='ltr'><strong>Vatt.</strong></span> 
     </span>
     <span class='ocr_line' id='line_1_26' title="bbox 62 1963 1899 2015; baseline 0 -13"><span class='ocrx_word' id='word_1_218' title='bbox 62 1963 160 2003; x_wconf 82' lang='lat' dir='ltr'><strong>Pal.</strong></span> <span class='ocrx_word' id='word_1_219' title='bbox 175 1964 301 2003; x_wconf 78' lang='lat' dir='ltr'><strong>Fam.</strong></span> <span class='ocrx_word' id='word_1_220' title='bbox 340 1963 456 2004; x_wconf 86' lang='lat' dir='ltr'><strong>Prie.</strong></span> <span class='ocrx_word' id='word_1_221' title='bbox 488 1964 607 2005; x_wconf 85' lang='lat' dir='ltr'><strong>Rott.</strong></span> <span class='ocrx_word' id='word_1_222' title='bbox 631 1969 771 2015; x_wconf 78' lang='lat' dir='ltr'><strong>gratos</strong></span> <span class='ocrx_word' id='word_1_223' title='bbox 801 1964 952 2005; x_wconf 89' lang='lat' dir='ltr'><strong>Ambr.</strong></span> <span class='ocrx_word' id='word_1_224' title='bbox 988 1977 1072 2005; x_wconf 86' lang='lat' dir='ltr'><strong>sec.</strong></span> <span class='ocrx_word' id='word_1_225' title='bbox 1093 1965 1175 2005; x_wconf 87' lang='lat' dir='ltr'><strong>inc.</strong></span> <span class='ocrx_word' id='word_1_226' title='bbox 1195 1965 1347 2005; x_wconf 86' lang='lat' dir='ltr'><strong>Heins.</strong></span> <span class='ocrx_word' id='word_1_227' title='bbox 1368 1964 1531 2012; x_wconf 79' lang='lat' dir='ltr'><strong>fructus</strong></span> <span class='ocrx_word' id='word_1_228' title='bbox 1544 1964 1645 2003; x_wconf 84' lang='lat' dir='ltr'><strong>Jun.</strong></span> <span class='ocrx_word' id='word_1_229' title='bbox 1663 1976 1727 2015; x_wconf 86' lang='lat' dir='ltr'><strong>pr.</strong></span> <span class='ocrx_word' id='word_1_230' title='bbox 1745 1964 1899 2015; x_wconf 80' lang='lat' dir='ltr'><strong>fluctus</strong></span> 
     </span>
     <span class='ocr_line' id='line_1_27' title="bbox 64 2016 1900 2069; baseline 0.001 -13"><span class='ocrx_word' id='word_1_231' title='bbox 64 2016 185 2057; x_wconf 79' lang='lat' dir='ltr'><strong>Leid.</strong></span> <span class='ocrx_word' id='word_1_232' title='bbox 203 2028 271 2067; x_wconf 86' lang='lat' dir='ltr'><strong>pr.</strong></span> <span class='ocrx_word' id='word_1_233' title='bbox 285 2016 387 2056; x_wconf 86' lang='lat' dir='ltr'><strong>Vat.</strong></span> <span class='ocrx_word' id='word_1_234' title='bbox 409 2022 510 2056; x_wconf 87' lang='lat' dir='ltr'><strong>tert.</strong></span> <span class='ocrx_word' id='word_1_235' title='bbox 527 2028 583 2058; x_wconf 89' lang='lat' dir='ltr'><strong>m.</strong></span> <span class='ocrx_word' id='word_1_236' title='bbox 603 2029 668 2069; x_wconf 87' lang='lat' dir='ltr'><strong>pr.</strong></span> <span class='ocrx_word' id='word_1_237' title='bbox 698 2019 851 2058; x_wconf 82' lang='lat' dir='ltr'><strong>extollit</strong></span> <span class='ocrx_word' id='word_1_238' title='bbox 878 2018 946 2058; x_wconf 86' lang='lat' dir='ltr'><strong>ed.</strong></span> <span class='ocrx_word' id='word_1_239' title='bbox 966 2018 1110 2058; x_wconf 85' lang='lat' dir='ltr'><strong>Vicet.</strong></span> <span class='ocrx_word' id='word_1_240' title='bbox 1138 2018 1284 2058; x_wconf 87' lang='lat' dir='ltr'><strong>attollit</strong></span> <span class='ocrx_word' id='word_1_241' title='bbox 1303 2019 1412 2058; x_wconf 87' lang='lat' dir='ltr'><strong>Exc.</strong></span> <span class='ocrx_word' id='word_1_242' title='bbox 1429 2017 1541 2057; x_wconf 83' lang='lat' dir='ltr'><strong>Laeti</strong></span> <span class='ocrx_word' id='word_1_243' title='bbox 1561 2021 1608 2056; x_wconf 89' lang='lat' dir='ltr'><strong>et</strong></span> <span class='ocrx_word' id='word_1_244' title='bbox 1629 2017 1812 2056; x_wconf 86' lang='lat' dir='ltr'><strong>Lucens.</strong></span> <span class='ocrx_word' id='word_1_245' title='bbox 1833 2028 1900 2068; x_wconf 84' lang='lat' dir='ltr'><strong>pr.</strong></span> 
     </span>
     <span class='ocr_line' id='line_1_28' title="bbox 64 2068 1899 2131; baseline 0 -21"><span class='ocrx_word' id='word_1_246' title='bbox 64 2072 198 2110; x_wconf 74' lang='lat'><strong>—272</strong></span> <span class='ocrx_word' id='word_1_247' title='bbox 225 2069 330 2131; x_wconf 74' lang='lat' dir='ltr'><strong>equis</strong></span> <span class='ocrx_word' id='word_1_248' title='bbox 349 2075 534 2121; x_wconf 83' lang='lat' dir='ltr'><strong>quatuor</strong></span> <span class='ocrx_word' id='word_1_249' title='bbox 549 2072 670 2111; x_wconf 88' lang='lat' dir='ltr'><strong>Vatt.</strong></span> <span class='ocrx_word' id='word_1_250' title='bbox 685 2071 784 2111; x_wconf 88' lang='lat' dir='ltr'><strong>Pal.</strong></span> <span class='ocrx_word' id='word_1_251' title='bbox 800 2073 928 2112; x_wconf 84' lang='lat' dir='ltr'><strong>Farn.</strong></span> <span class='ocrx_word' id='word_1_252' title='bbox 945 2072 1062 2111; x_wconf 85' lang='lat' dir='ltr'><strong>Prie.</strong></span> <span class='ocrx_word' id='word_1_253' title='bbox 1084 2071 1211 2111; x_wconf 83' lang='lat' dir='ltr'><strong>Rott.</strong></span> <span class='ocrx_word' id='word_1_254' title='bbox 1230 2071 1364 2112; x_wconf 76' lang='lat' dir='ltr'><strong>oisel.</strong></span> <span class='ocrx_word' id='word_1_255' title='bbox 1384 2072 1487 2110; x_wconf 89' lang='lat' dir='ltr'><strong>Exc.</strong></span> <span class='ocrx_word' id='word_1_256' title='bbox 1502 2069 1628 2111; x_wconf 83' lang='lat' dir='ltr'><strong>Laeti.</strong></span> <span class='ocrx_word' id='word_1_257' title='bbox 1644 2070 1734 2121; x_wconf 83' lang='lat' dir='ltr'><strong>equi</strong></span> <span class='ocrx_word' id='word_1_258' title='bbox 1747 2068 1899 2110; x_wconf 87' lang='lat' dir='ltr'><strong>Ambr.</strong></span> 
     </span>
     <span class='ocr_line' id='line_1_29' title="bbox 63 2123 1898 2241; baseline 0 -26"><span class='ocrx_word' id='word_1_259' title='bbox 63 2123 1898 2241; x_wconf 46' lang='lat' dir='ltr'><strong>{22stPgffssz‘gzssssgffisszkffzssoffi·d¹{3³1;0‘333.⁰31;ss21gssgz&#39;ffi&#39;ssffizss.¹253&amp;ss</strong></span> 
     </span>
     <span class='ocr_line' id='line_1_30' title="bbox 64 2229 1899 2343; baseline 0 -21"><span class='ocrx_word' id='word_1_260' title='bbox 64 2229 529 2335; x_wconf 50' lang='lat'><strong>{222132332‘22&#39;5221</strong></span> <span class='ocrx_word' id='word_1_261' title='bbox 536 2230 1130 2338; x_wconf 56' lang='grc' dir='ltr'><strong>ἶῗέιῗέἒῖἱῗῑὲιῖξέἳῖῲὲἷῧ</strong></span> <span class='ocrx_word' id='word_1_262' title='bbox 1142 2229 1899 2343; x_wconf 43' lang='lat' dir='ltr'><strong>33:3²3&amp;,isszzi‘sst&#39;viz‘fifftss</strong></span> 
     </span>
     <span class='ocr_line' id='line_1_31' title="bbox 65 2322 1899 2390; baseline 0 -15"><span class='ocrx_word' id='word_1_263' title='bbox 65 2322 200 2378; x_wconf 80' lang='lat' dir='ltr'><strong>Antv.</strong></span> <span class='ocrx_word' id='word_1_264' title='bbox 226 2336 327 2376; x_wconf 78' lang='lat' dir='ltr'><strong>cedit</strong></span> <span class='ocrx_word' id='word_1_265' title='bbox 346 2349 435 2388; x_wconf 83' lang='lat' dir='ltr'><strong>quoe</strong></span> <span class='ocrx_word' id='word_1_266' title='bbox 452 2337 570 2378; x_wconf 78' lang='lat' dir='ltr'><strong>Pric-</strong></span> <span class='ocrx_word' id='word_1_267' title='bbox 590 2338 712 2379; x_wconf 84' lang='lat' dir='ltr'><strong>Med.</strong></span> <span class='ocrx_word' id='word_1_268' title='bbox 732 2350 797 2389; x_wconf 87' lang='lat' dir='ltr'><strong>pr.</strong></span> <span class='ocrx_word' id='word_1_269' title='bbox 816 2337 969 2379; x_wconf 88' lang='lat' dir='ltr'><strong>Ambr.</strong></span> <span class='ocrx_word' id='word_1_270' title='bbox 991 2350 1057 2390; x_wconf 83' lang='lat' dir='ltr'><strong>pr.</strong></span> <span class='ocrx_word' id='word_1_271' title='bbox 1075 2339 1231 2379; x_wconf 68' lang='lat' dir='ltr'><strong>Petu.</strong></span> <span class='ocrx_word' id='word_1_272' title='bbox 1252 2350 1339 2378; x_wconf 86' lang='lat' dir='ltr'><strong>sec.</strong></span> <span class='ocrx_word' id='word_1_273' title='bbox 1369 2339 1474 2377; x_wconf 86' lang='lat' dir='ltr'><strong>Exc.</strong></span> <span class='ocrx_word' id='word_1_274' title='bbox 1506 2337 1687 2376; x_wconf 87' lang='lat' dir='ltr'><strong>Gevart.</strong></span> <span class='ocrx_word' id='word_1_275' title='bbox 1714 2336 1780 2375; x_wconf 81' lang='lat' dir='ltr'><strong>cui</strong></span> <span class='ocrx_word' id='word_1_276' title='bbox 1795 2337 1899 2375; x_wconf 69' lang='lat' dir='ltr'><strong>cedat</strong></span> 
     </span>
     <span class='ocr_line' id='line_1_32' title="bbox 67 2386 1900 2444; baseline -0.001 -17"><span class='ocrx_word' id='word_1_277' title='bbox 67 2386 222 2429; x_wconf 84' lang='lat' dir='ltr'><strong>Petav.</strong></span> <span class='ocrx_word' id='word_1_278' title='bbox 244 2401 309 2442; x_wconf 85' lang='lat' dir='ltr'><strong>pr.</strong></span> <span class='ocrx_word' id='word_1_279' title='bbox 329 2390 448 2430; x_wconf 84' lang='lat' dir='ltr'><strong>Leid.</strong></span> <span class='ocrx_word' id='word_1_280' title='bbox 465 2403 552 2431; x_wconf 87' lang='lat' dir='ltr'><strong>sec.</strong></span> <span class='ocrx_word' id='word_1_281' title='bbox 578 2391 681 2433; x_wconf 81' lang='lat' dir='ltr'><strong>Vat.</strong></span> <span class='ocrx_word' id='word_1_282' title='bbox 702 2392 838 2444; x_wconf 90' lang='lat' dir='ltr'><strong>quint.</strong></span> <span class='ocrx_word' id='word_1_283' title='bbox 866 2393 966 2443; x_wconf 75' lang='lat' dir='ltr'><strong>quod</strong></span> <span class='ocrx_word' id='word_1_284' title='bbox 984 2391 1053 2431; x_wconf 85' lang='lat' dir='ltr'><strong>ed.</strong></span> <span class='ocrx_word' id='word_1_285' title='bbox 1075 2391 1219 2431; x_wconf 87' lang='lat' dir='ltr'><strong>vicet.</strong></span> <span class='ocrx_word' id='word_1_286' title='bbox 1248 2403 1395 2442; x_wconf 82' lang='lat' dir='ltr'><strong>qaoque</strong></span> <span class='ocrx_word' id='word_1_287' title='bbox 1412 2389 1563 2430; x_wconf 82' lang='lat' dir='ltr'><strong>Ambr.</strong></span> <span class='ocrx_word' id='word_1_288' title='bbox 1585 2394 1687 2428; x_wconf 85' lang='lat' dir='ltr'><strong>tert.</strong></span> <span class='ocrx_word' id='word_1_289' title='bbox 1717 2388 1900 2427; x_wconf 79' lang='lat' dir='ltr'><strong>Sennada</strong></span> 
     </span>
     <span class='ocr_line' id='line_1_33' title="bbox 65 2436 1901 2495; baseline 0 -14"><span class='ocrx_word' id='word_1_290' title='bbox 65 2436 226 2482; x_wconf 73' lang='lat' dir='ltr'><strong>Mor-et.</strong></span> <span class='ocrx_word' id='word_1_291' title='bbox 255 2454 320 2494; x_wconf 85' lang='lat' dir='ltr'><strong>pr.</strong></span> <span class='ocrx_word' id='word_1_292' title='bbox 347 2443 534 2483; x_wconf 83' lang='lat' dir='ltr'><strong>Sirmada</strong></span> <span class='ocrx_word' id='word_1_293' title='bbox 559 2443 680 2484; x_wconf 84' lang='lat' dir='ltr'><strong>Med.</strong></span> <span class='ocrx_word' id='word_1_294' title='bbox 711 2455 776 2495; x_wconf 85' lang='lat' dir='ltr'><strong>pr.</strong></span> <span class='ocrx_word' id='word_1_295' title='bbox 806 2444 995 2484; x_wconf 85' lang='lat' dir='ltr'><strong>Cirmana</strong></span> <span class='ocrx_word' id='word_1_296' title='bbox 1024 2444 1185 2484; x_wconf 85' lang='lat' dir='ltr'><strong>Thuan.</strong></span> <span class='ocrx_word' id='word_1_297' title='bbox 1216 2444 1407 2484; x_wconf 81' lang='lat' dir='ltr'><strong>Firmada</strong></span> <span class='ocrx_word' id='word_1_298' title='bbox 1442 2442 1619 2481; x_wconf 80' lang='lat' dir='ltr'><strong>Thalos.</strong></span> <span class='ocrx_word' id='word_1_299' title='bbox 1651 2441 1828 2480; x_wconf 81' lang='lat' dir='ltr'><strong>Sinnada</strong></span> <span class='ocrx_word' id='word_1_300' title='bbox 1853 2445 1901 2481; x_wconf 88' lang='lat' dir='ltr'><strong>et</strong></span> 
     </span>
     <span class='ocr_line' id='line_1_34' title="bbox 69 2493 1899 2548; baseline -0.001 -15"><span class='ocrx_word' id='word_1_301' title='bbox 69 2493 344 2535; x_wconf 76' lang='lat' dir='ltr'><strong>emendatum</strong></span> <span class='ocrx_word' id='word_1_302' title='bbox 366 2495 568 2536; x_wconf 75' lang='lat' dir='ltr'><strong>Trabacka</strong></span> <span class='ocrx_word' id='word_1_303' title='bbox 587 2496 707 2536; x_wconf 83' lang='lat' dir='ltr'><strong>Leid.</strong></span> <span class='ocrx_word' id='word_1_304' title='bbox 724 2509 789 2548; x_wconf 88' lang='grc' dir='ltr'><strong>ρι’.</strong></span> <span class='ocrx_word' id='word_1_305' title='bbox 819 2497 960 2537; x_wconf 88' lang='lat' dir='ltr'><strong>Oxon.</strong></span> <span class='ocrx_word' id='word_1_306' title='bbox 975 2508 1064 2536; x_wconf 84' lang='lat' dir='ltr'><strong>sec.</strong></span> <span class='ocrx_word' id='word_1_307' title='bbox 1095 2495 1279 2535; x_wconf 76' lang='lat' dir='ltr'><strong>Sarmata</strong></span> <span class='ocrx_word' id='word_1_308' title='bbox 1302 2496 1369 2535; x_wconf 84' lang='lat' dir='ltr'><strong>vel</strong></span> <span class='ocrx_word' id='word_1_309' title='bbox 1389 2494 1569 2534; x_wconf 82' lang='lat' dir='ltr'><strong>Sindima</strong></span> <span class='ocrx_word' id='word_1_310' title='bbox 1607 2494 1677 2533; x_wconf 87' lang='lat' dir='ltr'><strong>vel</strong></span> <span class='ocrx_word' id='word_1_311' title='bbox 1714 2494 1899 2534; x_wconf 80' lang='lat' dir='ltr'><strong>Sennada</strong></span> 
     </span>
     <span class='ocr_line' id='line_1_35' title="bbox 67 2546 1899 2593; baseline 0.001 -8"><span class='ocrx_word' id='word_1_312' title='bbox 67 2546 231 2586; x_wconf 74' lang='lat' dir='ltr'><strong>Mor-et.</strong></span> <span class='ocrx_word' id='word_1_313' title='bbox 254 2558 339 2586; x_wconf 85' lang='lat' dir='ltr'><strong>sec.</strong></span> <span class='ocrx_word' id='word_1_314' title='bbox 366 2548 484 2586; x_wconf 73' lang='lat' dir='ltr'><strong>vestis</strong></span> <span class='ocrx_word' id='word_1_315' title='bbox 500 2549 605 2586; x_wconf 71' lang='lat' dir='ltr'><strong>Var:</strong></span> <span class='ocrx_word' id='word_1_316' title='bbox 626 2549 717 2593; x_wconf 81' lang='lat' dir='ltr'><strong>LL.</strong></span> <span class='ocrx_word' id='word_1_317' title='bbox 737 2548 806 2588; x_wconf 86' lang='lat' dir='ltr'><strong>ed.</strong></span> <span class='ocrx_word' id='word_1_318' title='bbox 821 2547 1094 2588; x_wconf 55' lang='lat' dir='ltr'><strong>Amin—2⁷4</strong></span> <span class='ocrx_word' id='word_1_319' title='bbox 1122 2552 1207 2587; x_wconf 82' lang='lat' dir='ltr'><strong>tum</strong></span> <span class='ocrx_word' id='word_1_320' title='bbox 1238 2549 1361 2588; x_wconf 88' lang='lat' dir='ltr'><strong>Med.</strong></span> <span class='ocrx_word' id='word_1_321' title='bbox 1385 2560 1473 2587; x_wconf 85' lang='lat' dir='ltr'><strong>sec.</strong></span> <span class='ocrx_word' id='word_1_322' title='bbox 1500 2559 1586 2587; x_wconf 83' lang='lat' dir='ltr'><strong>cum</strong></span> <span class='ocrx_word' id='word_1_323' title='bbox 1607 2548 1727 2586; x_wconf 82' lang='lat' dir='ltr'><strong>Rott.</strong></span> <span class='ocrx_word' id='word_1_324' title='bbox 1746 2547 1899 2586; x_wconf 84' lang='lat' dir='ltr'><strong>Petav.</strong></span> 
     </span>
     <span class='ocr_line' id='line_1_36' title="bbox 70 2599 1898 2650; baseline 0 -13"><span class='ocrx_word' id='word_1_325' title='bbox 70 2609 139 2649; x_wconf 85' lang='lat' dir='ltr'><strong>pr.</strong></span> <span class='ocrx_word' id='word_1_326' title='bbox 154 2599 274 2638; x_wconf 87' lang='lat' dir='ltr'><strong>Med.</strong></span> <span class='ocrx_word' id='word_1_327' title='bbox 296 2605 398 2639; x_wconf 84' lang='lat' dir='ltr'><strong>tert.</strong></span> <span class='ocrx_word' id='word_1_328' title='bbox 425 2604 518 2639; x_wconf 81' lang='lat' dir='ltr'><strong>tunc</strong></span> <span class='ocrx_word' id='word_1_329' title='bbox 537 2601 703 2640; x_wconf 86' lang='lat' dir='ltr'><strong>Mazar.</strong></span> <span class='ocrx_word' id='word_1_330' title='bbox 718 2600 802 2639; x_wconf 86' lang='lat' dir='ltr'><strong>duo</strong></span> <span class='ocrx_word' id='word_1_331' title='bbox 822 2599 942 2640; x_wconf 79' lang='lat' dir='ltr'><strong>Med.</strong></span> <span class='ocrx_word' id='word_1_332' title='bbox 969 2601 1054 2640; x_wconf 91' lang='lat' dir='ltr'><strong>duo</strong></span> <span class='ocrx_word' id='word_1_333' title='bbox 1074 2599 1221 2640; x_wconf 86' lang='lat' dir='ltr'><strong>Ambr.</strong></span> <span class='ocrx_word' id='word_1_334' title='bbox 1248 2612 1350 2640; x_wconf 81' lang='lat' dir='ltr'><strong>nunc</strong></span> <span class='ocrx_word' id='word_1_335' title='bbox 1368 2601 1499 2640; x_wconf 84' lang='lat' dir='ltr'><strong>Fam.</strong></span> <span class='ocrx_word' id='word_1_336' title='bbox 1529 2599 1710 2638; x_wconf 78' lang='lat' dir='ltr'><strong>Gethicis</strong></span> <span class='ocrx_word' id='word_1_337' title='bbox 1737 2599 1898 2650; x_wconf 82' lang='lat' dir='ltr'><strong>popula·</strong></span> 
     </span>
     <span class='ocr_line' id='line_1_37' title="bbox 67 2650 1898 2704; baseline 0.001 -14"><span class='ocrx_word' id='word_1_338' title='bbox 67 2650 176 2690; x_wconf 73' lang='lat' dir='ltr'><strong>tibus</strong></span> <span class='ocrx_word' id='word_1_339' title='bbox 197 2652 387 2691; x_wconf 87' lang='lat' dir='ltr'><strong>Florent.</strong></span> <span class='ocrx_word' id='word_1_340' title='bbox 403 2656 491 2691; x_wconf 85' lang='lat' dir='ltr'><strong>tres</strong></span> <span class='ocrx_word' id='word_1_341' title='bbox 511 2652 632 2691; x_wconf 86' lang='lat' dir='ltr'><strong>Med.</strong></span> <span class='ocrx_word' id='word_1_342' title='bbox 650 2654 758 2692; x_wconf 87' lang='lat' dir='ltr'><strong>Exc.</strong></span> <span class='ocrx_word' id='word_1_343' title='bbox 779 2654 959 2692; x_wconf 81' lang='lat' dir='ltr'><strong>Lucens.</strong></span> <span class='ocrx_word' id='word_1_344' title='bbox 981 2665 1046 2704; x_wconf 89' lang='grc' dir='ltr'><strong>ρι’.</strong></span> <span class='ocrx_word' id='word_1_345' title='bbox 1059 2653 1129 2693; x_wconf 87' lang='lat' dir='ltr'><strong>ed.</strong></span> <span class='ocrx_word' id='word_1_346' title='bbox 1150 2653 1292 2692; x_wconf 87' lang='lat' dir='ltr'><strong>Vicet.</strong></span> <span class='ocrx_word' id='word_1_347' title='bbox 1326 2653 1480 2692; x_wconf 76' lang='lat' dir='ltr'><strong>Geticis</strong></span> <span class='ocrx_word' id='word_1_348' title='bbox 1495 2654 1597 2692; x_wconf 88' lang='lat' dir='ltr'><strong>Put.</strong></span> <span class='ocrx_word' id='word_1_349' title='bbox 1615 2653 1720 2704; x_wconf 86' lang='lat' dir='ltr'><strong>Reg.</strong></span> <span class='ocrx_word' id='word_1_350' title='bbox 1737 2653 1898 2692; x_wconf 86' lang='lat' dir='ltr'><strong>Thuan.</strong></span> 
     </span>
     <span class='ocr_line' id='line_1_38' title="bbox 68 2703 1899 2746; baseline 0.001 -3"><span class='ocrx_word' id='word_1_351' title='bbox 68 2703 409 2743; x_wconf 81' lang='lat' dir='ltr'><strong>Mazar.Bonon.</strong></span> <span class='ocrx_word' id='word_1_352' title='bbox 427 2704 528 2744; x_wconf 83' lang='lat' dir='ltr'><strong>Pat.</strong></span> <span class='ocrx_word' id='word_1_353' title='bbox 549 2710 636 2745; x_wconf 81' lang='lat' dir='ltr'><strong>tres</strong></span> <span class='ocrx_word' id='word_1_354' title='bbox 667 2706 822 2746; x_wconf 85' lang='lat' dir='ltr'><strong>Petav.</strong></span> <span class='ocrx_word' id='word_1_355' title='bbox 848 2712 937 2745; x_wconf 87' lang='lat' dir='ltr'><strong>tres</strong></span> <span class='ocrx_word' id='word_1_356' title='bbox 968 2706 1117 2745; x_wconf 88' lang='lat' dir='ltr'><strong>Ambr.</strong></span> <span class='ocrx_word' id='word_1_357' title='bbox 1146 2705 1272 2745; x_wconf 84' lang='lat' dir='ltr'><strong>ambo</strong></span> <span class='ocrx_word' id='word_1_358' title='bbox 1302 2706 1460 2746; x_wconf 86' lang='lat' dir='ltr'><strong>Moret.</strong></span> <span class='ocrx_word' id='word_1_359' title='bbox 1490 2706 1593 2745; x_wconf 84' lang='lat' dir='ltr'><strong>Vat.</strong></span> <span class='ocrx_word' id='word_1_360' title='bbox 1629 2705 1767 2745; x_wconf 81' lang='lat' dir='ltr'><strong>Livin.</strong></span> <span class='ocrx_word' id='word_1_361' title='bbox 1795 2703 1899 2745; x_wconf 85' lang='lat' dir='ltr'><strong>Ald.</strong></span> 
     </span>
     <span class='ocr_line' id='line_1_39' title="bbox 70 2756 1901 2810; baseline 0.001 -13"><span class='ocrx_word' id='word_1_362' title='bbox 70 2756 177 2797; x_wconf 80' lang='lat' dir='ltr'><strong>Exc.</strong></span> <span class='ocrx_word' id='word_1_363' title='bbox 198 2757 379 2797; x_wconf 83' lang='lat' dir='ltr'><strong>Gevart.</strong></span> <span class='ocrx_word' id='word_1_364' title='bbox 400 2764 445 2797; x_wconf 87' lang='lat' dir='ltr'><strong>et</strong></span> <span class='ocrx_word' id='word_1_365' title='bbox 463 2757 571 2798; x_wconf 86' lang='lat' dir='ltr'><strong>cod.</strong></span> <span class='ocrx_word' id='word_1_366' title='bbox 593 2758 741 2798; x_wconf 85' lang='lat' dir='ltr'><strong>Rhem.</strong></span> <span class='ocrx_word' id='word_1_367' title='bbox 768 2758 1045 2810; x_wconf 70' lang='lat' dir='ltr'><strong>populantibus</strong></span> <span class='ocrx_word' id='word_1_368' title='bbox 1063 2759 1190 2800; x_wconf 84' lang='lat' dir='ltr'><strong>Farn.</strong></span> <span class='ocrx_word' id='word_1_369' title='bbox 1221 2759 1325 2799; x_wconf 86' lang='lat' dir='ltr'><strong>Lov.</strong></span> <span class='ocrx_word' id='word_1_370' title='bbox 1357 2759 1442 2799; x_wconf 88' lang='lat' dir='ltr'><strong>duo</strong></span> <span class='ocrx_word' id='word_1_371' title='bbox 1473 2758 1616 2798; x_wconf 85' lang='lat' dir='ltr'><strong>Oxon.</strong></span> <span class='ocrx_word' id='word_1_372' title='bbox 1645 2759 1752 2797; x_wconf 83' lang='lat' dir='ltr'><strong>Exc.</strong></span> <span class='ocrx_word' id='word_1_373' title='bbox 1774 2756 1901 2798; x_wconf 82' lang='lat' dir='ltr'><strong>Laeti.</strong></span> 
     </span>
     <span class='ocr_line' id='line_1_40' title="bbox 66 2809 1901 2863; baseline 0.001 -13"><span class='ocrx_word' id='word_1_374' title='bbox 66 2810 313 2861; x_wconf 67' lang='lat' dir='ltr'><strong>populatibus</strong></span> <span class='ocrx_word' id='word_1_375' title='bbox 331 2810 416 2851; x_wconf 88' lang='lat' dir='ltr'><strong>duo</strong></span> <span class='ocrx_word' id='word_1_376' title='bbox 434 2811 559 2852; x_wconf 81' lang='lat' dir='ltr'><strong>Vatt.</strong></span> <span class='ocrx_word' id='word_1_377' title='bbox 581 2812 697 2852; x_wconf 86' lang='lat' dir='ltr'><strong>Prie.</strong></span> <span class='ocrx_word' id='word_1_378' title='bbox 720 2812 822 2853; x_wconf 88' lang='lat' dir='ltr'><strong>Put.</strong></span> <span class='ocrx_word' id='word_1_379' title='bbox 856 2813 963 2863; x_wconf 86' lang='lat' dir='ltr'><strong>Reg.</strong></span> <span class='ocrx_word' id='word_1_380' title='bbox 990 2812 1155 2857; x_wconf 78' lang='lat' dir='ltr'><strong>Thuan.</strong></span> <span class='ocrx_word' id='word_1_381' title='bbox 1180 2813 1343 2853; x_wconf 84' lang='lat' dir='ltr'><strong>Mazar.</strong></span> <span class='ocrx_word' id='word_1_382' title='bbox 1362 2812 1444 2851; x_wconf 85' lang='lat' dir='ltr'><strong>duo</strong></span> <span class='ocrx_word' id='word_1_383' title='bbox 1462 2811 1617 2851; x_wconf 82' lang='lat' dir='ltr'><strong>Petav.</strong></span> <span class='ocrx_word' id='word_1_384' title='bbox 1637 2810 1739 2850; x_wconf 86' lang='lat' dir='ltr'><strong>Vat.</strong></span> <span class='ocrx_word' id='word_1_385' title='bbox 1760 2809 1901 2851; x_wconf 73' lang='lat' dir='ltr'><strong>Livin-</strong></span> 
     </span>
     <span class='ocr_line' id='line_1_41' title="bbox 72 2862 1902 2908; baseline 0 -6"><span class='ocrx_word' id='word_1_386' title='bbox 72 2862 197 2905; x_wconf 77' lang='lat' dir='ltr'><strong>ambo</strong></span> <span class='ocrx_word' id='word_1_387' title='bbox 217 2864 379 2905; x_wconf 81' lang='lat' dir='ltr'><strong>Moret.</strong></span> <span class='ocrx_word' id='word_1_388' title='bbox 396 2864 503 2905; x_wconf 84' lang='lat' dir='ltr'><strong>Exc.</strong></span> <span class='ocrx_word' id='word_1_389' title='bbox 538 2864 719 2906; x_wconf 81' lang='lat' dir='ltr'><strong>Gevart.</strong></span> <span class='ocrx_word' id='word_1_390' title='bbox 745 2865 808 2905; x_wconf 80' lang='lat' dir='ltr'><strong>uti</strong></span> <span class='ocrx_word' id='word_1_391' title='bbox 842 2863 992 2906; x_wconf 83' lang='lat' dir='ltr'><strong>Ambr.</strong></span> <span class='ocrx_word' id='word_1_392' title='bbox 1023 2869 1263 2908; x_wconf 53' lang='lat' dir='ltr'><strong>terh—2⁷5</strong></span> <span class='ocrx_word' id='word_1_393' title='bbox 1293 2865 1514 2905; x_wconf 64' lang='lat' dir='ltr'><strong>Promisere</strong></span> <span class='ocrx_word' id='word_1_394' title='bbox 1550 2864 1715 2904; x_wconf 84' lang='lat' dir='ltr'><strong>Mazar.</strong></span> <span class='ocrx_word' id='word_1_395' title='bbox 1743 2872 1902 2903; x_wconf 70' lang='lat' dir='ltr'><strong>securus</strong></span> 
     </span>
    </p>
   </div>
   <div class='ocr_carea' id='block_1_9' title="bbox 897 2989 1074 3030">
    <p class='ocr_par' dir='ltr' id='par_1_14' title="bbox 897 2989 1074 3030">
     <span class='ocr_line' id='line_1_42' title="bbox 897 2989 1074 3030; baseline 0 0"><span class='ocrx_word' id='word_1_396' title='bbox 897 2989 1074 3030; x_wconf 82' lang='lat' dir='ltr'><strong>NOTAE</strong></span> 
     </span>
    </p>
   </div>
   <div class='ocr_carea' id='block_1_10' title="bbox 75 3067 1903 3434">
    <p class='ocr_par' dir='ltr' id='par_1_15' title="bbox 75 3067 1903 3434">
     <span class='ocr_line' id='line_1_43' title="bbox 123 3067 1901 3123; baseline 0.001 -14"><span class='ocrx_word' id='word_1_397' title='bbox 123 3071 203 3109; x_wconf 73' lang='lat'><strong>26⁷</strong></span> <span class='ocrx_word' id='word_1_398' title='bbox 230 3070 338 3110; x_wconf 88' lang='lat' dir='ltr'><strong>Dum</strong></span> <span class='ocrx_word' id='word_1_399' title='bbox 354 3082 447 3109; x_wconf 71' lang='lat' dir='ltr'><strong>suus</strong></span> <span class='ocrx_word' id='word_1_400' title='bbox 458 3070 535 3122; x_wconf 77' lang='lat' dir='ltr'><strong>est]</strong></span> <span class='ocrx_word' id='word_1_401' title='bbox 579 3070 756 3123; x_wconf 81' lang='lat' dir='ltr'><strong>Marsya</strong></span> <span class='ocrx_word' id='word_1_402' title='bbox 780 3067 951 3118; x_wconf 81' lang='lat' dir='ltr'><strong>fluvius.</strong></span> <span class='ocrx_word' id='word_1_403' title='bbox 1071 3073 1152 3110; x_wconf 74' lang='lat'><strong>273</strong></span> <span class='ocrx_word' id='word_1_404' title='bbox 1180 3067 1386 3122; x_wconf 79' lang='lat' dir='ltr'><strong>Synnada]</strong></span> <span class='ocrx_word' id='word_1_405' title='bbox 1435 3068 1717 3121; x_wconf 53' lang='lat' dir='ltr'><strong>Synnamffl,</strong></span> <span class='ocrx_word' id='word_1_406' title='bbox 1733 3073 1781 3109; x_wconf 85' lang='lat' dir='ltr'><strong>et</strong></span> <span class='ocrx_word' id='word_1_407' title='bbox 1799 3068 1901 3121; x_wconf 74' lang='lat' dir='ltr'><em>Syn-</em></span> 
     </span>
     <span class='ocr_line' id='line_1_44' title="bbox 75 3129 1903 3185; baseline 0.001 -14"><span class='ocrx_word' id='word_1_408' title='bbox 75 3129 173 3172; x_wconf 78' lang='lat' dir='ltr'><strong>dum</strong></span> <span class='ocrx_word' id='word_1_409' title='bbox 187 3137 252 3172; x_wconf 77' lang='lat' dir='ltr'><strong>est</strong></span> <span class='ocrx_word' id='word_1_410' title='bbox 270 3133 314 3172; x_wconf 87' lang='lat' dir='ltr'><strong>in</strong></span> <span class='ocrx_word' id='word_1_411' title='bbox 342 3145 418 3174; x_wconf 81' lang='lat' dir='ltr'><strong>suo</strong></span> <span class='ocrx_word' id='word_1_412' title='bbox 436 3133 574 3183; x_wconf 85' lang='lat' dir='ltr'><strong>alveo,</strong></span> <span class='ocrx_word' id='word_1_413' title='bbox 604 3133 791 3185; x_wconf 82' lang='lat' dir='ltr'><strong>dumque</strong></span> <span class='ocrx_word' id='word_1_414' title='bbox 809 3131 950 3184; x_wconf 75' lang='lat' dir='ltr'><strong>suiju-</strong></span> <span class='ocrx_word' id='word_1_415' title='bbox 1016 3135 1136 3183; x_wconf 85' lang='lat' dir='ltr'><strong>nada,</strong></span> <span class='ocrx_word' id='word_1_416' title='bbox 1161 3132 1262 3172; x_wconf 82' lang='lat' dir='ltr'><strong>urbs</strong></span> <span class='ocrx_word' id='word_1_417' title='bbox 1275 3132 1477 3185; x_wconf 83' lang='lat' dir='ltr'><strong>Phrygiae</strong></span> <span class='ocrx_word' id='word_1_418' title='bbox 1506 3132 1689 3172; x_wconf 80' lang='lat' dir='ltr'><strong>celebris</strong></span> <span class='ocrx_word' id='word_1_419' title='bbox 1720 3131 1903 3173; x_wconf 67' lang='lat' dir='ltr'><strong>marmo-</strong></span> 
     </span>
     <span class='ocr_line' id='line_1_45' title="bbox 75 3193 1902 3248; baseline 0 -14"><span class='ocrx_word' id='word_1_420' title='bbox 75 3193 136 3234; x_wconf 72' lang='lat' dir='ltr'><strong>ris</strong></span> <span class='ocrx_word' id='word_1_421' title='bbox 152 3199 236 3244; x_wconf 75' lang='lat' dir='ltr'><strong>est,</strong></span> <span class='ocrx_word' id='word_1_422' title='bbox 264 3201 330 3235; x_wconf 69' lang='lat' dir='ltr'><strong>eat</strong></span> <span class='ocrx_word' id='word_1_423' title='bbox 347 3194 555 3247; x_wconf 82' lang='lat' dir='ltr'><strong>rapidus3</strong></span> <span class='ocrx_word' id='word_1_424' title='bbox 585 3201 632 3235; x_wconf 83' lang='lat' dir='ltr'><strong>at</strong></span> <span class='ocrx_word' id='word_1_425' title='bbox 662 3195 823 3235; x_wconf 71' lang='lat' dir='ltr'><strong>mixtus</strong></span> <span class='ocrx_word' id='word_1_426' title='bbox 852 3207 949 3235; x_wconf 87' lang='lat' dir='ltr'><strong>cum</strong></span> <span class='ocrx_word' id='word_1_427' title='bbox 1017 3196 1103 3235; x_wconf 80' lang='lat' dir='ltr'><strong>reis</strong></span> <span class='ocrx_word' id='word_1_428' title='bbox 1121 3195 1386 3247; x_wconf 81' lang='lat' dir='ltr'><strong>lapidicinis,</strong></span> <span class='ocrx_word' id='word_1_429' title='bbox 1422 3196 1490 3235; x_wconf 85' lang='lat' dir='ltr'><strong>vel</strong></span> <span class='ocrx_word' id='word_1_430' title='bbox 1523 3194 1783 3248; x_wconf 79' lang='lat' dir='ltr'><strong>lapicidinis,</strong></span> <span class='ocrx_word' id='word_1_431' title='bbox 1801 3207 1902 3247; x_wconf 83' lang='lat' dir='ltr'><strong>qna-</strong></span> 
     </span>
     <span class='ocr_line' id='line_1_46' title="bbox 75 3255 1898 3310; baseline 0.001 -14"><span class='ocrx_word' id='word_1_432' title='bbox 75 3255 299 3306; x_wconf 64' lang='lat' dir='ltr'><strong>Moeandro</strong></span> <span class='ocrx_word' id='word_1_433' title='bbox 331 3258 518 3310; x_wconf 76' lang='lat' dir='ltr'><strong>sinuoso,</strong></span> <span class='ocrx_word' id='word_1_434' title='bbox 544 3256 595 3297; x_wconf 85' lang='lat' dir='ltr'><strong>fit</strong></span> <span class='ocrx_word' id='word_1_435' title='bbox 630 3258 767 3307; x_wconf 80' lang='lat' dir='ltr'><strong>lenis3</strong></span> <span class='ocrx_word' id='word_1_436' title='bbox 796 3263 951 3298; x_wconf 79' lang='lat' dir='ltr'><strong>contra</strong></span> <span class='ocrx_word' id='word_1_437' title='bbox 1018 3269 1111 3297; x_wconf 84' lang='lat' dir='ltr'><strong>rum</strong></span> <span class='ocrx_word' id='word_1_438' title='bbox 1146 3269 1330 3299; x_wconf 84' lang='lat' dir='ltr'><strong>marmor</strong></span> <span class='ocrx_word' id='word_1_439' title='bbox 1360 3258 1546 3299; x_wconf 80' lang='lat' dir='ltr'><strong>maculas</strong></span> <span class='ocrx_word' id='word_1_440' title='bbox 1579 3257 1713 3298; x_wconf 81' lang='lat' dir='ltr'><strong>habet</strong></span> <span class='ocrx_word' id='word_1_441' title='bbox 1748 3257 1898 3298; x_wconf 75' lang='lat' dir='ltr'><strong>ruben-</strong></span> 
     </span>
     <span class='ocr_line' id='line_1_47' title="bbox 77 3313 1096 3374; baseline 0.007 -19"><span class='ocrx_word' id='word_1_442' title='bbox 77 3313 191 3356; x_wconf 73' lang='lat' dir='ltr'><strong>Am</strong></span> <span class='ocrx_word' id='word_1_443' title='bbox 207 3318 363 3371; x_wconf 65' lang='lat' dir='ltr'><strong>lentus,</strong></span> <span class='ocrx_word' id='word_1_444' title='bbox 379 3321 536 3364; x_wconf 82' lang='lat' dir='ltr'><strong>mixtus</strong></span> <span class='ocrx_word' id='word_1_445' title='bbox 565 3321 716 3374; x_wconf 85' lang='lat' dir='ltr'><strong>rapido</strong></span> <span class='ocrx_word' id='word_1_446' title='bbox 741 3321 950 3361; x_wconf 83' lang='lat' dir='ltr'><strong>Rhodano</strong></span> <span class='ocrx_word' id='word_1_447' title='bbox 1018 3325 1096 3362; x_wconf 76' lang='lat' dir='ltr'><strong>tes.</strong></span> 
     </span>
     <span class='ocr_line' id='line_1_48' title="bbox 77 3375 516 3434; baseline 0.011 -15"><span class='ocrx_word' id='word_1_448' title='bbox 77 3375 130 3419; x_wconf 75' lang='lat' dir='ltr'><strong>fit</strong></span> <span class='ocrx_word' id='word_1_449' title='bbox 142 3390 311 3434; x_wconf 78' lang='lat' dir='ltr'><strong>quoque</strong></span> <span class='ocrx_word' id='word_1_450' title='bbox 323 3382 516 3433; x_wconf 76' lang='lat' dir='ltr'><strong>rapidus.</strong></span> 
     </span>
    </p>
   </div>
  </div>
 </body>
</html>
