2300 3906
52 2027 55 2030 -
115 2013 182 2052 pr.
198 2000 352 2041 Sched.
373 1999 488 2040 Gud.

662 167 726 206 ιΝ
771 166 1138 206 EurnomUM
1182 165 1304 205 1213.
1348 165 1412 204 11.
1844 154 1950 206 551

123 289 265 341 Pars
288 285 485 339 humili
512 284 587 336 de>
607 284 772 351 plebe
799 285 991 349 duces,
1014 300 1148 354 pars
1173 281 1441 352 compede
1463 296 1642 345 suraS,

123 372 403 439 Cruraque
428 369 633 435 signati
658 368 812 435 nigro
836 369 1070 422 liventia
1092 370 1255 433 ferro,

120 455 159 508 J
162 472 260 507 ura
281 458 491 521 regunt,
516 452 693 518 facies
719 452 977 518 quamvis
1004 453 1272 521 inscripta
1295 452 1576 518 repugnet,

120 539 299 605 Seque
324 553 423 587 suo
448 534 650 603 prodat
673 534 850 587 titulo,
927 535 1038 587 Sed
1062 536 1241 603 prima
1264 539 1512 601 potestas
1836 531 1946 585 345

118 621 447 688 Eutropium
473 619 718 686 praefert,
748 608 941 670 Hosio
964 621 1208 671 subnixa
1234 618 1497 671 secund0.

118 707 350 760 Dulcior
373 705 462 756 hic
492 721 623 756 sane
648 705 880 767 cunctiS‚
908 705 1265 773 prudensque
1290 703 1549 756 movendi

114 790 152 844 J
155 791 287 854 uriS,
315 795 369 842 et
395 788 618 842 admoto
644 791 737 857 qui
759 793 1028 858 temperet
1053 790 1241 842 omnia
1264 789 1448 856 fum03

116 915 212 962 reis,
224 917 262 952 et
277 913 382 952 docti
395 914 533 952 ducere
547 925 685 952 currus
695 927 714 961 ,-
729 914 800 953 alii
819 920 919 953 sunt
932 915 1114 953 ductores
1130 927 1179 954 ex
1191 914 1386 965 plebecula
1404 912 1573 961 abjecta:
1592 911 1664 951 alii
1681 910 1885 950 habentes
1902 908 1954 948 ti·

117 967 202 1008 bias
231 970 386 1005 notatas
414 966 578 1015 catenis,
597 970 635 1004 et
654 978 770 1006 crura
787 967 910 1007 livida
919 966 1032 1016 ferro
1050 972 1153 1018 utro,
1173 969 1267 1007 daut
1283 968 1399 1016 leges,
1413 967 1487 1006 etsi
1505 963 1622 1013 frons
1637 966 1820 1015 impressa
1833 963 1953 1002 recla-

118 1023 214 1068 mat,
241 1023 279 1058 et
298 1031 338 1057 se
374 1018 544 1057 ostendit
580 1018 694 1056 titulo
723 1031 806 1058 suo.
861 1020 919 1059 At
949 1021 1079 1071 prima
1104 1022 1213 1059 sedes
1230 1021 1428 1072 anteponit
1446 1019 1696 1069 Eutropium,
1699 1017 1814 1066 freta
1829 1016 1953 1055 Hosio

115 1074 290 1113 secundo.
321 1072 406 1111 Hic
420 1071 579 1111 Hosius
594 1073 748 1110 suavior
763 1076 827 1111 est
838 1076 941 1112 certe
959 1073 1146 1124 omnibus,
1160 1077 1198 1112 et
1213 1073 1382 1124 peritior
1388 1073 1496 1122 juris
1509 1072 1697 1122 movendi,
1711 1075 1749 1110 et
1764 1070 1832 1122 qui
1836 1069 1953 1118 fumo

890 1189 1188 1205 eeeeeeeeeeee

117 1255 251 1296 Oisel.
296 1256 401 1297 Exc.
448 1254 571 1295 Laeti.
616 1256 942 1308 auguriorumque
987 1257 1090 1299 Jun.
1138 1269 1205 1308 pr.
1253 1255 1540 1307 curig-undique
1586 1254 1708 1294 Med.
1755 1258 1952 1305 quarn-

114 1313 193 1350 342
220 1310 330 1348 ducis
347 1310 447 1349 Vat.
482 1321 545 1359 pr.
578 1310 693 1349 duces
723 1309 779 1349 id.
794 1311 895 1351 Vat.
915 1322 970 1350 m.
1005 1323 1091 1351 sec.
1123 1313 1171 1351 de
1200 1311 1379 1360 compede
1414 1311 1642 1350 Pan—343
1675 1308 1859 1357 Collaque
1882 1308 1949 1346 vel

119 1363 319 1413 cruraque
338 1360 499 1402 Mazar.
531 1362 699 1403 lucentia
733 1364 1062 1404 Florent.—-—344
1091 1363 1266 1416 quamvis
1282 1362 1411 1412 facies
1428 1364 1529 1402 Vat.
1550 1362 1686 1415 quint.
1717 1361 1812 1400 Pal.
1834 1361 1955 1400 Fam.

117 1416 233 1457 Prie.
253 1416 371 1456 Rott.
392 1416 528 1456 Oisel.
551 1415 670 1456 Med.
705 1428 767 1468 pr.
801 1417 924 1457 Leid.
946 1429 1034 1458 sec.
1055 1418 1160 1459 Exc.
1177 1418 1301 1457 Laeti.
1321 1419 1467 1458 recuset
1486 1417 1569 1455 inc.
1589 1415 1740 1454 Heius.
1767 1417 1955 1464 repugnet

116 1470 216 1510 Vat.
252 1481 337 1510 sec.
367 1469 593 1509 Par—345
622 1481 690 1508 suo
725 1470 923 1521 reprobret
958 1472 1114 1512 Petav.
1148 1484 1213 1523 pr.
1248 1470 1430 1521 reprobat
1459 1469 1544 1509 duo
1579 1468 1821 1508 Vatt.Exc.
1853 1468 1956 1506 Pat.

116 1534 203 1563 rec.
235 1524 377 1574 produt
402 1523 475 1571 *vel
508 1523 688 1573 reprobat
721 1524 829 1576 Reg.
855 1523 1008 1575 profert
1042 1537 1120 1576 pro
1153 1523 1317 1576 praefert
1349 1524 1434 1563 duo
1454 1523 1605 1563 Leidd.
1636 1521 1815 1561 totidem
1835 1519 1955 1560 Med.

118 1576 216 1615 Pat.
238 1576 391 1616 Petav.
409 1581 508 1616 tert.
529 1577 631 1616 Exc.
653 1576 968 1618 Gevart.—-346
983 1578 1110 1617 Hosio
1127 1579 1233 1618 Exc.
1254 1578 1435 1617 Lucens.
1457 1588 1521 1627 pr.
1545 1577 1637 1615 Otio
1656 1576 1754 1614 Vat.
1775 1585 1838 1625 pr.
1860 1572 1958 1611 Osia

121 1628 265 1668 Oxou.
299 1635 365 1680 pr.
386 1628 496 1680 Asya
512 1628 613 1669 Jun.
653 1638 716 1680 p'r.
751 1629 858 1670 Solio
878 1632 943 1671 ed.
963 1632 1109 1671 Vicet.
1145 1631 1277 1670 Hoc-ia
1309 1630 1427 1669 Prie.
1464 1629 1558 1668 Osio
1591 1629 1693 1668 LoV.
1730 1627 1814 1665 duo
1834 1627 1953 1664 Vatt.

116 1682 240 1720 ambo
277 1682 555 1722 Moret.Var.
589 1683 674 1722 LL.
712 1683 781 1721 ed.
815 1683 948 1724 Antv.
983 1684 1109 1723 Hosio
1147 1685 1217 1722 vel
1249 1683 1347 1722 solio
1381 1684 1490 1721 Exc.
1512 1682 1612 1721 Pat.
1634 1692 1721 1720 rec.
1745 1678 1866 1718 Hosio
1887 1679 1954 1717 vel

119 1735 240 1775 Bosio
257 1735 362 1775 Exc.
383 1734 508 1774 Laeti.
536 1734 723 1775 submissa
742 1736 977 1783 Med.‚tett.
1000 1738 1171 1777 Tholos.
1190 1735 1360 1776 subnixa
1378 1736 1481 1775 Lov.
1511 1735 1668 1774 Moret.
1690 1744 1777 1772 sec.
1797 1731 1953 1771 Sched.

118 1787 233 1828 Gud.
252 1786 351 1827 Ald.
371 1788 477 1827 Exc.
499 1787 677 1827 Gevart.
696 1794 741 1828 et
758 1789 862 1828 Var.
885 1790 971 1829 LL.
992 1790 1059 1830 ed.
1080 1789 1211 1829 Antv.
1227 1790 1390 1828 secundo
1411 1787 1533 1827 Leid.
1561 1797 1646 1827 sec.
1668 1787 1768 1825 Put.
1788 1785 1955 1825 Mazar-

116 1840 220 1880 Lov.
236 1840 337 1881 Jun.
357 1852 421 1891 pr.
439 1840 522 1879 duo
542 1840 694 1880 Petav.
711 1852 841 1880 severo
862 1842 947 1883 inc.
982 1842 1131 1882 Heins.
1151 1843 1318 1881 secunda
1346 1841 1465 1880 Prie.
1495 1840 1634 1879 Oisel.
1666 1840 1775 1889 Reg.
1789 1837 1953 1877 Thuan.

114 1895 215 1934 Pat.
251 1893 410 1933 Petav.
442 1905 508 1944 pr.
547 1906 603 1934 m.
643 1905 708 1944 pr.
727 1893 831 1934 Var.
866 1895 953 1934 LL.
987 1894 1059 1934 ed.
1098 1894 1366 1934 Antv.—34⁷
1398 1895 1564 1933 Doctior
1598 1893 1699 1933 Jun.
1722 1891 1864 1930 Oxou.
1885 1903 1953 1941 pr.

115 1947 235 1987 Med.
267 1958 354 1987 sec.
383 1958 437 1986 m.
470 1957 535 1997 pr.
555 1946 656 1986 Vat.
670 1952 777 1996 tert.
796 1948 966 1987 Dulcior
985 1948 1054 1987 vel
1070 1948 1236 1988 Doctior
1254 1948 1359 1986 Vat.
1394 1952 1535 1998 quart.
1559 1947 1666 1996 Reg.
1677 1943 1788 1991 facie
1803 1943 1954 1983 Ambr.

114 2054 144 2095 J
147 2067 217 2095 un.
257 2065 322 2104 pr.
353 1997 1954 2106 momnssanlerpgobssgtiit-eilqsggs.{tluffazunffilyxlcedi‘gpie‚eampplrin'pqugrvzaute

116 2107 292 2147 movendi
318 2106 439 2147 Leid.
471 2116 535 2158 pr.
554 2106 658 2147 Jun.
690 2119 755 2159 pr.
785 2107 869 2148 duo
891 2107 1034 2149 Oxou.
1054 2109 1162 2148 Exc.
1180 2107 1362 2147 Lucens.
1383 2107 1426 2145 in
1446 2105 1568 2145 Leid.
1600 2117 1663 2156 pr.
1686 2108 1782 2143 erat
1801 2102 1957 2142 Glossa

116 2161 147 2201 i.
180 2174 215 2201 e.
242 2160 456 2200 evertendi.
487 2159 690 2200 Heinsius
711 2161 988 2213 ascripserat,
1006 2173 1157 2202 movere
1174 2161 1245 2210 jus
1273 2167 1339 2201 est
1358 2160 1437 2199 loco
1465 2171 1615 2199 movere
1634 2157 1699 2197 vel
1721 2156 1956 2196 submovere.

116 2215 179 2254 sic
209 2212 307 2262 jura
332 2213 554 2255 subvertere
582 2213 700 2255 Hist.
732 2214 847 2267 Aug.
881 2228 925 2268 p.
962 2219 1032 2255 47.
1068 2221 1115 2254 et
1150 2214 1257 2254 alibi
1289 2213 1404 2265 apud
1451 2212 1622 2252 eosdem
1651 2211 1959 2260 scriptores.—

119 2271 197 2307 348
224 2270 351 2307 amoto
378 2267 539 2307 Thuan.
581 2267 744 2309 Mazar.
787 2269 939 2310 Ambr.
981 2280 1070 2309 sec.
1110 2269 1263 2308 admoto
1299 2268 1369 2307 vel
1403 2270 1528 2306 amoto
1565 2266 1676 2317 Reg.
1711 2263 1854 2304 Oxon.
1889 2274 1956 2314 pr.

946 2363 1126 2405 NOTAE

171 2458 251 2495 343
280 2454 462 2507 Signanti]
517 2457 741 2498 Habentes
761 2468 887 2498 crura
916 2457 1001 2509 sig·
1070 2456 1143 2509 qui
1161 2449 1321 2508 coquus
1341 2453 1497 2493 fuerat.
1552 2450 1680 2490 Unde
1713 2449 1861 2489 dulcior
1894 2448 1957 2489 di-

119 2524 221 2571 nata
238 2517 371 2569 ferro,
389 2521 489 2571 quia
505 2527 605 2560 ante
623 2522 737 2561 servi
756 2526 893 2561 erant.
1069 2519 1183 2559 citur
1203 2523 1248 2557 et
1265 2516 1455 2569 prudens
1491 2514 1669 2554 movendi
1698 2512 1820 2563 juris,
1855 2511 1960 2552 allu-

171 2585 252 2622 344
278 2583 383 2622 Jura
416 2584 580 2635 regunt]
629 2585 782 2635 Leges,
815 2582 1003 2634 Judicia,
1070 2581 1212 2620 dendo
1246 2580 1299 2619 ad
1314 2580 1534 2631 jusculum
1567 2578 1734 2624 culinae,
1755 2581 1802 2616 et
1833 2576 1958 2615 simul

120 2645 412 2697 Magistratus,
431 2645 681 2697 Imperium.
1069 2648 1214 2683 tamen
1232 2642 1411 2681 innuens
1439 2640 1620 2681 Hosium
1640 2650 1736 2679 esse
1768 2638 1958 2690 peritum

173 2708 390 2760 Inscripta]
429 2711 552 2749 Dant
595 2709 729 2760 leges,
773 2707 1003 2759 imperant,
1067 2705 1249 2757 justitiae
1282 2703 1520 2744 turbandae.
1575 2701 1661 2741 Alii
1693 2703 1856 2753 legunt,
1891 2713 1959 2739 no-

121 2771 290 2811 etiamsi
317 2770 450 2811 facies
482 2771 692 2822 inscripta
725 2771 870 2810 servili
902 2776 1006 2812 nota
1070 2770 1190 2810 nandi
1206 2769 1345 2819 J'uris:
1369 2768 1414 2807 id
1452 2771 1534 2818 est,
1571 2763 1820 2805 inveniendi
1860 2763 1960 2803 novi

120 2833 374 2873 adversetur
389 2838 511 2872 tanto
526 2833 692 2872 honori.
747 2833 868 2872 Servi
887 2838 1006 2874 nota·
1064 2831 1188 2886 juris.

119 2895 274 2945 bantur
309 2894 440 2944 ferro,
475 2900 522 2935 et
558 2895 922 2945 inscribebantur,
958 2901 1008 2936 ut
1128 2896 1209 2933 348
1237 2889 1380 2941 Fumo]
1409 2889 1580 2929 Alludit
1610 2888 1768 2929 iterum
1802 2887 1857 2928 ad
1892 2886 1958 2927 fu-

118 2970 278 3010 pecora
294 2958 451 2999 domini
470 2962 615 2997 notam
636 2957 845 3009 gerentia.
1074 2969 1188 2997 mum
1227 2955 1406 3004 culinae;
1439 2952 1516 2994 sed
1553 2952 1638 2993 alio
1686 2964 1813 2992 sensu
1854 2951 1961 2991 dicit

174 3026 254 3068 346
282 3022 481 3074 Subnioea]
536 3022 685 3062 Prima
721 3021 845 3062 sedes
880 3021 1009 3061 datur
1075 3020 1258 3060 Hosium
1276 3017 1491 3058 moderari
1522 3022 1568 3056 et
1597 3021 1843 3067 temperare
1871 3026 1958 3053 om-

121 3087 347 3140 Eutropio,
365 3080 444 3126 sed
475 3085 627 3125 eadem
655 3084 778 3124 sedes
815 3083 927 3124 freta
961 3089 1007 3123 et
1073 3083 1145 3123 nia
1180 3083 1354 3123 admoto
1390 3079 1523 3130 fumo,
1559 3079 1603 3118 id
1641 3083 1722 3130 est,
1769 3077 1958 3117 adhibita

122 3150 303 3202 subnixa
334 3156 400 3191 est
422 3149 576 3200 Hosio,
611 3148 844 3189 secundum
864 3148 1006 3187 locum
1073 3147 1257 3200 quadam
1302 3144 1567 3186 adulatione.
1654 3141 1738 3182 Alii
1790 3142 1955 3191 legunt,

125 3220 386 3267 occupante.
1071 3222 1272 3262 na⁸o‚nec
1299 3208 1425 3260 male,
1458 3207 1503 3248 id
1530 3210 1613 3258 est,
1639 3203 1819 3258 quadam
1839 3213 1954 3253 saga-

177 3280 255 3318 847
283 3275 469 3330 Dulcior]
526 3276 612 3321 Hic
648 3275 784 3316 multa
803 3274 1004 3327 ambigue
1074 3273 1226 3314 citate.

128 3344 174 3379 et
216 3339 586 3390 ingeniosebdicta
622 3343 775 3380 eontra
811 3338 1017 3390 Hosium,
