2300 3906
315 200 424 258 782

320 334 548 402 Sintque
576 337 785 400 tropaea
810 336 932 382 tuas
952 345 1167 394 semper
1192 328 1461 380 comitata
1486 342 1706 379 secures
1728 343 1742 379 ε
2069 327 2139 378 15

320 417 436 471 Hic
458 423 639 470 tamen
666 420 792 466 ante
814 430 1002 464 omnes
1026 413 1162 463 miro
1188 413 1522 478 promittitur
1547 418 1672 462 ortu

319 500 490 553 Urbis
515 505 570 551 et
593 497 830 563 Augusti
853 497 1129 562 geminato
1154 497 1374 546 nomine
1398 495 1564 546 felix:

319 585 580 650 Namque
602 584 756 633 velut
781 582 969 633 stellas
996 580 1312 648 Babylonia
1338 595 1471 630 eura
1496 580 1743 631 salubres

320 667 548 735 Optima
573 672 700 718 tunc
727 667 964 733 spondet
987 665 1311 716 mortalibus
1337 664 1492 714 edere
1516 663 1644 725 fata,

290 740 294 743 ⁸
320 750 606 803 Coelicolae
635 768 760 803 cum
789 751 944 802 celsa
968 754 1166 819 tenent,
1194 763 1516 814 summoque
1541 746 1784 799 feruntur
2072 744 2143 798 20

321 834 576 897 Cardine,
603 851 704 886 nec
728 835 911 886 radios
938 833 1128 884 humili
1153 833 1388 884 statione
1415 830 1729 883 retundunt:

321 918 495 970 Haud
520 919 680 970 aliter
705 918 882 970 Latiae
907 918 1159 969 sublimis
1189 916 1412 982 signifer
1437 915 1599 977 aulae,

843 216 939 254 GL.
978 209 1332 252 OLAUDIANI
1373 207 1611 248 XXVIII.

318 1067 494 1106 victoriae
512 1079 659 1118 semper
680 1070 823 1105 secutoe
839 1066 920 1104 sint
943 1066 1194 1105 Consulatum
1212 1069 1355 1112 tuum;
1382 1069 1556 1105 attamen
1576 1065 1639 1104 hic
1654 1076 1786 1104 annus
1804 1065 2014 1116 spondetur
2032 1063 2148 1104 futu-

320 1133 391 1159 rus
402 1119 633 1168 fortunatus
655 1124 745 1158 ante
764 1131 892 1158 ornnes
910 1119 1027 1158 initio
1046 1120 1283 1168 admirabili,
1314 1123 1352 1157 et
1369 1119 1515 1170 duplici
1534 1119 1648 1158 titulo
1677 1118 1788 1158 urbis
1821 1122 1859 1157 et
1878 1117 2146 1169 Imperatoris.

326 1174 479 1212 Etenim
498 1174 812 1223 quemadmodum
842 1173 947 1211 labor
968 1173 1238 1212 Chaldaeormn
1254 1172 1460 1223 pollicetur
1478 1175 1586 1211 astra
1605 1172 1810 1221 salutaria,
1843 1175 1926 1210 tum
1950 1172 2150 1210 ostendere

320 1238 501 1276 magnam
510 1225 747 1275 felicitatem
766 1226 995 1272 hominibus,
1015 1239 1099 1264 cum
1122 1226 1282 1264 Coelites
1298 1229 1483 1276 occupant
1501 1227 1625 1264 altum
1644 1226 1822 1274 Coelum,
1842 1228 1879 1263 et
1900 1224 2121 1263 tolluntur
2107 1236 2149 1262 m

320 1281 515 1330 regionem
533 1292 764 1330 supremam,
795 1291 911 1329 neque
931 1279 1110 1318 hebetant
1139 1280 1272 1318 radios
1301 1291 1398 1318 suos
1420 1279 1460 1317 in
1477 1280 1600 1329 plaga
1621 1278 1778 1331 infima:
1806 1290 1882 1317 non
1900 1278 2149 1317 dissimiliter

1088 1384 1382 1403 OO‘OO‘O‘Ot‘Q

321 1466 388 1506 ed.
404 1466 546 1506 Vicet.
575 1478 682 1505 omne
702 1478 778 1516 pro
798 1478 908 1505 omen
926 1466 1138 1504 Put.-15
1167 1470 1329 1516 suntque
1346 1467 1474 1504 Fam.
1496 1466 1616 1505 Rott.
1636 1467 1798 1506 Mazar.
1829 1465 1942 1504 unde
1961 1466 2149 1505 dederunt

320 1526 365 1558 et
383 1524 542 1569 suntque
563 1519 736 1569 legebat
759 1519 907 1559 Heius.
934 1519 1080 1557 mirata
1099 1530 1175 1567 pro
1194 1520 1379 1556 comitata
1399 1519 1505 1557 Lov.
1561 1520 1730 1557 Deerat
1751 1523 1895 1557 autem
1914 1517 1984 1556 hie
2001 1530 2150 1558 versus

319 1573 422 1611 Vat.
445 1576 639 1611 sec.—16
668 1572 778 1610 Hinc
797 1572 939 1610 Oxon.
958 1583 1022 1620 pr.
1071 1571 1154 1609 Hic
1173 1571 1271 1608 miro
1290 1574 1420 1608 tamen
1439 1575 1530 1609 ante
1545 1582 1674 1608 omnes
1694 1570 1788 1610 Pal.
1805 1569 1926 1610 Med.
1946 1582 2011 1620 pr.
2051 1582 2152 1621 proe-

320 1625 496 1662 mittitur
513 1625 612 1662 vat.
631 1635 715 1662 sec.
753 1624 1005 1674 protenditur
1025 1623 1128 1660 Put.
1168 1627 1255 1661 ortu
1275 1623 1343 1660 hic
1365 1623 1587 1673 distinguit
1605 1623 1724 1662 Med.
1746 1626 1996 1675 quart.--17
2033 1623 2153 1663 Urbis

319 1681 358 1715 et
377 1676 494 1715 Leid.
517 1689 579 1726 pr.
598 1677 699 1716 Jun.
720 1685 765 1714 et
783 1675 925 1715 Oxon.
947 1688 1013 1727 pr.
1060 1676 1133 1714 Ter
1153 1675 1210 1713 bis
1230 1676 1271 1714 in
1290 1677 1395 1714 Var.
1420 1677 1504 1715 LL.
1526 1676 1593 1715 ed.
1617 1676 1746 1715 Antv.
1787 1677 1970 1726 Augusto
1989 1676 2150 1716 Moret-

319 1741 384 1779 pr.
411 1729 565 1768 nomine
585 1730 746 1768 Mazar.
790 1741 945 1768 munere
964 1730 1068 1767 Lov.
1108 1729 1238 1767 vivere
1257 1729 1425 1768 Tholos,
1473 1731 1628 1768 numine
1646 1730 1731 1769 duo
1750 1730 1904 1770 Leidd.
1924 1729 2008 1768 duo
2027 1730 2150 1771 Vatt.

323 1784 442 1821 Farn.
463 1782 579 1820 Prie.
602 1782 686 1821 duo
708 1782 824 1820 Med.
846 1782 949 1821 Put.
976 1783 1079 1832 Reg.
1100 1781 1184 1820 duo
1204 1782 1357 1820 Petav.
1375 1781 1555 1821 totidem
1578 1782 1728 1823 Ambr.
1746 1783 1871 1822 Voss.
1885 1783 2045 1821 Moret.
2065 1794 2151 1823 sec.

320 1835 420 1874 Pat.
441 1836 549 1874 Exc.
573 1835 753 1874 Gevart.
773 1840 818 1873 et
837 1836 1018 1876 Lucens.
1042 1847 1127 1874 sec.
1156 1835 1312 1874 numine
1331 1837 1400 1873 vel
1419 1836 1572 1875 nomine
1591 1836 1685 1875 Pal.
1702 1836 1823 1886 Med.
1855 1848 1919 1887 pr.
1942 1835 2084 1875 Oxon.
2107 1841 2154 1876 et

319 1889 474 1928 Petav.
496 1892 665 1939 pr.—·18
694 1888 938 1939 Babylonica
959 1889 1042 1927 inc.
1065 1888 1215 1928 Heins.
1243 1889 1437 1927 salubrem
1453 1890 1729 1928 ‘stiuam—19
1758 1890 1887 1929 omnia
1904 1901 1981 1940 pro
2004 1889 2153 1940 optima

321 1941 441 1981 Med.
462 1947 564 1981 tert.
606 1954 705 1980 nunc
726 1942 809 1980 duo
832 1942 983 1980 Leidd.
1021 1943 1121 1981 Vat.
1144 1954 1229 1981 sec.
1267 1943 1382 1982 Prie.
1411 1943 1532 1981 Rott.
1554 1943 1655 1982 Put.
1675 1943 1836 1982 Mazar.
1855 1943 1954 1982 Pat.
1976 1942 2150 1982 Tholos.

320 1994 471 2033 Ambr.
500 2006 564 2045 pr.
599 1994 684 2033 duo
706 1995 860 2033 Petav.
892 1995 1014 2034 ambo
1043 1996 1201 2034 Moret
1237 1995 1342 2036 Exn.
1374 1995 1556 2035 Gevart.
1604 2009 1678 2036 non
1698 1997 1801 2036 Lov.
1846 1997 2035 2047 spondent
2053 1995 2149 2036 Pal.

320 2046 442 2086 Med.
462 2059 526 2098 pr
546 2047 708 2086 Moret.
727 2059 813 2086 sec.
834 2046 951 2095 facta
968 2048 1127 2086 Moret.
1150 2060 1213 2098 pr.
1234 2049 1336 2088 LoV.
1355 2050 1455 2088 vat.
1486 2060 1575 2088 sec.
1596 2050 1719 2089 Rott.
1738 2049 1858 2089 Med.
1880 2061 1966 2088 sec.
1990 2049 2152 2089 Mazar.

322 2101 478 2139 PetaV.
499 2112 584 2139 sec.
588 2104 694 2139 *20
720 2112 869 2139 summa
886 2112 963 2149 pro
982 2102 1084 2139 celsa
1104 2100 1326 2151 Oxon.p1.
1347 2100 1497 2141 Ambr.
1527 2114 1610 2141 sec.
1631 2102 1830 2149 fruuntur
1851 2103 2010 2142 Moret.
2032 2114 2151 2153 pr.—

321 2156 372 2192 21
417 2153 568 2192 ratione
586 2154 687 2192 Vat.
710 2159 849 2204 quart.
883 2153 978 2192 Pal.
1000 2153 1118 2192 Med.
1138 2165 1202 2204 ρι.
1243 2154 1472 2192 recumbunt
1499 2159 1585 2193 vet.
1607 2154 1676 2205 Gy
1682 2167 1713 2194 r.
1761 2157 1945 2194 recedunt
1964 2156 2064 2196 Jun.
2086 2167 2151 2206 pr.

319 2207 526 2246 retendant
543 2206 642 2246 Vat.
663 2206 794 2258 quint.
835 2208 1051 2246 retundunt
1070 2207 1170 2246 Vat.
1190 2218 1277 2246 sec.
1280 2210 1387 2246 -22
1414 2206 1499 2246 Aut
1519 2207 1676 2246 Moret.
1696 2219 1760 2259 pr.
1800 2207 1934 2248 Latiae
1960 2208 2028 2248 vel
2046 2220 2150 2247 sum·

1146 2342 1328 2382 NOTAE

375 2447 426 2483 17
461 2442 580 2482 Urbis
598 2447 637 2482 et
655 2442 847 2493 Augusti]
875 2442 1054 2494 Duplici
1070 2443 1202 2482 nomi-

322 2518 376 2546 ne
392 2507 650 2546 Consulatus
665 2505 734 2545 hic
755 2505 879 2557 felix,
898 2510 943 2545 et
962 2505 1017 2546 ob
1039 2506 1203 2555 urbem,

321 2569 441 2620 cnjus
493 2568 683 2609 aedificiis
734 2569 948 2609 restitutis
1002 2574 1202 2620 reparata

322 2638 392 2672 est
423 2633 659 2685 Majestas;
701 2638 747 2672 et
785 2633 839 2673 ob
872 2633 1203 2684 Imperatorem,

322 2695 394 2748 qui
413 2695 553 2736 factus
569 2701 636 2736 est
651 2697 825 2753 Consul.
883 2696 1087 2735 Ceterum
1114 2707 1202 2734 non

321 2769 413 2798 raro
433 2759 533 2798 urbs
553 2764 598 2798 et
629 2760 873 2811 Imperator
885 2758 1199 2810 jungebantur.

321 2821 373 2860 In
403 2824 539 2863 veteri
571 2823 850 2875 inscriptione
880 2823 1051 2873 legitur,
1082 2823 1093 2843 ‘
1115 2822 1200 2861 Ro-

320 2896 402 2924 mae
436 2891 482 2924 et
518 2885 744 2937 Augusto!
802 2885 890 2925 Alii
926 2886 1088 2936 legunt,
1126 2885 1199 2923 Ur-

321 2945 380 2984 bis
423 2952 463 2987 et
498 2950 677 2999 Augusti
713 2949 913 2999 geminato
948 2947 1102 2987 numine
1133 2946 1198 2995 fe-

320 3008 401 3054 lix‚·
432 3010 488 3048 ob
508 3011 783 3050 Consulatum
817 3011 988 3050 scilicet
1017 3012 1058 3049 in
1094 3011 1198 3050 urbe

322 3076 505 3123 gestum,
534 3079 579 3111 et
599 3074 650 3112 ab
673 3075 950 3123 Imperatore.
1009 3074 1200 3124 Scaliger

320 3136 442 3187 legit,
479 3137 552 3175 Ter
570 3137 628 3175 bis
653 3138 696 3176 in
716 3137 887 3187 Augusti
912 3139 1111 3188 geminato
1137 3152 1201 3178 no-

321 3200 425 3240 mine
443 3198 589 3247 felix!
643 3202 682 3238 io
713 3209 793 3246 est,
830 3201 934 3240 felix
955 3202 1010 3241 ob
1030 3209 1198 3242 sextum

322 3260 506 3313 Augusti
529 3275 599 3302 sen
620 3264 800 3303 Honorii
821 3267 1102 3304 consulatum.

377 3328 430 3365 18
462 3325 686 3378 Babylonia
703 3326 816 3377 cura]
846 3328 961 3366 Cura
979 3328 1202 3368 Cbaldaeo-

322 3400 431 3443 rum,
464 3384 537 3442 qni
568 3389 851 3442 Babylonem,
882 3401 956 3430 seu
981 3390 1200 3442 regionem

1270 2443 1550 2495 Babyloniam
1569 2445 1832 2497 incolebant,
1868 2450 1913 2486 et
1932 2447 2005 2498 qui
2027 2451 2152 2486 erant

1272 2504 1503 2558 Astrologi.
1547 2508 1742 2559 Babylon
1761 2514 1902 2548 autem
1923 2509 2022 2548 urbs
2043 2513 2154 2559 erat,

1270 2580 1395 2620 quam
1417 2568 1470 2608 ad
1490 2570 1755 2620 Euphratem
1775 2570 2019 2610 Semiramis
2041 2571 2152 2622 regi·

1268 2643 1324 2669 na
1369 2632 1381 2653 ‘
1411 2631 1874 2683 magnificentissimam
1925 2633 2147 2673 condidit:

1269 2699 1344 2732 aut
1385 2696 1618 2734 secundnm
1664 2696 1770 2736 alios
1820 2696 2150 2736 vetustissimum

1269 2770 1375 2809 opus
1398 2759 1634 2798 Nembroth
1662 2759 1705 2799 in
1726 2761 1889 2811 campis
1916 2760 2066 2799 Sinaar
2085 2770 2150 2798 re-

1269 2820 1507 2860 stauravit)
1537 2822 1802 2861 Munsterus.
1859 2823 1968 2862 Erat
1992 2826 2038 2861 et
2065 2821 2150 2860 Ba-

1272 2882 1397 2933 bylon
1418 2884 1519 2922 urbs
1539 2882 1729 2935 AEgypti.

1326 2949 1379 2985 22
1406 2945 1605 2996 Signifer]
1644 2947 1730 2987 Qui
1748 2945 1836 2986 fert
1854 2946 2000 2996 Astra,
2016 2949 2062 2985 et
2081 2950 2149 2986 est

1273 3010 1340 3049 vel
1369 3010 1533 3050 Genius
1566 3011 1728 3058 Romae,
1756 3010 1823 3048 vel
1858 3008 2049 3059 Imperii,
2081 3010 2150 3048 vel

1272 3074 1436 3121 Roma3
1465 3073 1534 3111 vel
1565 3072 1676 3111 forte
1696 3072 1888 3117 Stilicho,
1923 3084 2048 3123 quem
2082 3074 2147 3113 sic

1270 3138 1466 3187 designat
1503 3141 1551 3175 ut
1595 3133 1859 3185 signiferum,
1902 3147 1984 3186 quo
2021 3137 2147 3175 susti-

1269 3205 1396 3238 uetur
1407 3198 1640 3247 Honorius,
1656 3203 1815 3236 astrum
1833 3197 2023 3248 Imperii.
2053 3197 2147 3249 Sig-

1267 3260 1378 3301 nifer
1396 3260 1611 3313 significat
1630 3267 1675 3300 et
1703 3260 1955 3311 Zodiacum,
1986 3260 2039 3299 de
2061 3272 2147 3314 quo

1265 3338 1408 3378 supra.

2289 3074 2296 3090 l

2290 3126 2295 3137 Ι

2291 3160 2297 3167 .

2277 3321 2280 3326 ·
2290 3310 2297 3329 't

2290 3339 2297 3367 ἸΙ.

2290 3412 2296 3422 Ι
