2300 3906
341 202 451 255 928
873 215 968 253 ct..
1005 209 1362 251 anumANt
1405 209 1653 249 xxxin.

345 333 636 400 Spiravere
661 330 831 383 Notis
856 328 1085 380 animae:
1123 343 1226 379 nec
1251 327 1468 380 flumine
1493 333 1647 381 tanto
2037 365 2041 367 -
2066 328 2172 381 240

347 417 636 470 Incoctum
658 414 871 466 maduit
895 413 1048 463 lassa
1074 411 1296 464 fornace
1321 414 1617 465 metallum.

345 500 506 554 Atria
530 499 697 552 vestit
722 498 886 549 ebur:
927 496 1177 548 trabibus
1204 497 1473 549 solidatur
1497 498 1683 549 ahenis

346 584 598 646 Culmen,
625 587 678 634 et
702 583 757 633 in
781 582 961 633 celsas
988 586 1218 648 surgunt
1243 582 1446 633 electra
1471 582 1779 636 columnaS.

347 669 482 736 Ipsa
503 667 720 718 domum
749 671 933 718 tenero
959 668 1206 718 mulcens
1234 667 1570 734 Proserpina
1593 673 1758 719 cantu

348 751 511 804 Irrita
536 752 764 803 texebat
787 749 1041 802 rediturae
1069 767 1295 802 munera
1318 751 1502 803 matri.

349 836 461 888 Hic
487 837 873 887 elementorum
901 837 1095 887 seriem
1122 834 1390 902 sedesque
1416 840 1674 902 paternas

349 919 662 988 Insignibat
689 935 793 970 acu
814 936 826 971 z
866 924 1106 972 veterem
1132 937 1241 988 qua
1264 921 1382 988 lege
1408 921 1704 973 tumultum

2069 751 2179 803 245

348 1075 458 1111 tanto
476 1071 632 1116 labore,·
673 1083 739 1109 nec
749 1071 866 1119 folles
885 1083 1053 1121 unquam
1074 1071 1281 1123 ¹emi-xerunt
1300 1072 1399 1112 tates
1407 1071 1564 1123 flatus,-
1603 1083 1671 1111 nec
1690 1071 1837 1112 metalli
1855 1074 1967 1111 tanta
1985 1070 2182 1110 abundan-

350 1126 409 1163 tia
415 1125 547 1177 fluxit
566 1124 776 1175 liquefacta
796 1137 846 1164 ex
864 1124 1030 1172 fornace
1049 1130 1240 1175 gemente.
1298 1125 1409 1164 Ebur
1427 1125 1700 1175 circumcingit
1719 1125 1896 1176 primam
1917 1125 2045 1163 aulam
2061 1137 2076 1170 ,·
2104 1127 2185 1163 tec-

348 1183 430 1217 tum
437 1179 649 1231 firmatum
669 1178 843 1217 trabibus
860 1179 989 1228 oereis,
1020 1184 1059 1218 et
1091 1180 1276 1218 columna>
1305 1180 1397 1217 altoe
1424 1192 1474 1218 ex
1506 1180 1645 1218 electro
1664 1179 1911 1218 attolluntur.
1968 1178 2060 1228 Ipsa
2082 1177 2183 1215 Pro-

348 1234 504 1282 serpina
531 1244 710 1271 recreans
740 1234 894 1270 domum
921 1233 1035 1271 suavi
1064 1233 1275 1282 cantilena,
1304 1232 1469 1283 parabat
1501 1235 1603 1272 dona
1634 1232 1794 1271 inutilia
1820 1231 1942 1271 matri
1959 1242 2184 1270 reversurae.

352 1285 402 1324 In
419 1285 491 1324 hac
507 1291 626 1325 veste
650 1286 886 1336 Proserpina
912 1285 1095 1336 pingebat
1127 1299 1199 1325 acu
1228 1286 1402 1325 ordinem
1433 1288 1719 1336 elementorum,
1751 1290 1789 1325 et
1806 1284 2040 1324 domicilium
2056 1284 2185 1335 patris

1122 1378 1415 1393 “6“‘0‘0‘9‘

353 1432 489 1483 ejusd.
522 1431 958 1472 Put.T11010s.V.0ss
979 1444 1043 1483 pr.
1067 1436 1152 1472 tres
1174 1433 1326 1472 Petav.
1345 1435 1446 1472 Var.
1467 1433 1551 1472 LL.
1572 1445 1596 1470 e
1618 1443 1751 1481 marg.
1771 1431 1964 1469 Parme-
1966 1433 2054 1469 240
2083 1429 2187 1481 Spu-

352 1498 502 1524 mavere
520 1485 693 1524 Tholos.
738 1486 865 1524 nothis
884 1486 1037 1524 Petav.
1061 1498 1146 1535 ser.
1189 1486 1292 1524 notis
1311 1486 1378 1524 vel
1396 1485 1525 1523 nothis
1547 1485 1652 1534 ch.
1683 1484 1852 1534 flamine
1870 1486 1980 1521 tanto
1998 1484 2101 1522 Vat.
2120 1496 2185 1534 pr.

354 1546 399 1577 et
420 1539 558 1589 quint.
579 1539 684 1576 Exc.
700 1538 854 1576 Petav.
875 1541 1022 1588 quart.
1035 1525 1210 1584 fulmine
1229 1538 1325 1577 Pal.
1342 1538 1425 1576 duo
1442 1537 1563 1576 Med.
1581 1538 1746 1576 Bonon.
1778 1536 1947 1586 flumine
1966 1534 2066 1575 Vat.
2084 1543 2185 1578 tert.

273 1607 276 1610 ·
353 1591 454 1630 Put.
475 1590 559 1629 duo
581 1590 736 1628 Petav.
757 1590 857 1630 Jun.
881 1602 946 1640 pr.
970 1590 1110 1629 Oxon.
1130 1601 1215 1629 sec.
1235 1590 1425 1630 chartac.
1447 1590 1602 1629 Heins.
1633 1590 1740 1629 Exc.
1771 1589 1934 1628 Schott.
1964 1588 2009 1627 in
2030 1589 2185 1641 quibus

354 1643 592 1682 Gronovius
608 1643 866 1692 ascripserat
882 1655 1002 1694 seqq.
1023 1644 1215 1694 ‘flumine
1231 1632 1362 1694 tanta]
1378 1644 1530 1695 Virgil.
1548 1642 1630 1682 lib.'
1635 1654 1737 1682 Vnt.
1760 1643 1852 1682 AEn.
1867 1645 1962 1683 445.
1980 1641 2034 1681 de
2054 1643 2191 1683 Laud.

353 1695 560 1736 Stilic.11.
582 1699 684 1735 177..
711 1696 863 1735 Manil.
884 1696 957 1734 lib.
981 1707 1045 1735 ιν.
1080 1697 1178 1735 vide
1201 1702 1360 1744 tamen,
1391 1709 1443 1744 an
1464 1696 1734 1736 referendum
1756 1695 1812 1735 ad
1831 1696 2189 1747 temperationem

355 1749 466 1788 aeris.
497 1749 603 1788 Fab.
626 1761 666 1800 p.
688 1752 753 1789 64.
774 1761 817 1800 p.
839 1752 904 1789 88.
926 1750 1085 1789 Lu‹·.an
1106 1750 1177 1789 lib.
1192 1762 1255 1789 vl.
1280 1763 1338 1790 vs.
1358 1754 1452 1790 405.
1474 1750 1602 1791 Ovid.
1622 1761 1705 1790 ΧΠ
1722 1750 1831 1789 Met.
1852 1750 1956 1789 Fab.
1971 1761 2013 1789 v.
2034 1762 2077 1800 p.
2092 1753 2188 1790 615.

354 1804 442 1841 Bei
445 1802 533 1842 sm.
551 1802 721 1854 flumine
742 1803 808 1841 vel
819 1802 987 1853 flamine
1008 1803 1112 1854 Reg.
1135 1803 1278 1843 Oxon.
1302 1817 1367 1856 pr.
1387 1804 1512 1843 Voss.
1541 1816 1627 1844 sec.
1648 1804 1732 1843 duo
1752 1804 2008 1844 Vatt.—-241
2040 1804 2192 1843 maduit

353 1856 423 1895 vel
454 1857 650 1895 madidum
683 1857 788 1906 Reg.
817 1858 923 1906 lapsa
953 1857 1099 1896 cervice
1121 1858 1216 1897 Vat.
1253 1858 1293 1897 d.
1328 1858 1482 1897 Petav.
1516 1870 1581 1909 pr.
1611 1859 1702 1897 laxa
1722 1856 1870 1896 Ambr.
1900 1861 2000 1896 tert.
2041 1857 2189 1896 cervice

355 1915 540 1960 quatuor
558 1911 680 1949 Vatt.
716 1910 808 1949 Pal.
843 1910 926 1949 duo
947 1911 1070 1950 Voss.
1090 1910 1174 1950 duo
1194 1910 1295 1952 Jun.
1316 1911 1411 1951 cod.
1442 1911 1683 1953 Bartholin.
1718 1910 1803 1949 duo
1824 1910 1966 1950 Oxou.
2000 1910 2189 1950 chartac.

355 1962 509 2002 Heius.
529 1964 595 2003 ed.
625 1963 825 2003 Parrhas.
860 1975 988 2015 quem
1009 1964 1106 2003 vide
1129 1977 1168 2015 p.
1189 1968 1255 2004 79.
1258 1968 1391 2005 -242
1429 1965 1556 2015 cingit
1577 1970 1662 2004 tres
1681 1965 1805 2004 Vatt.
1837 1963 1943 2003 etd
1979 1963 2072 2003 Pal.
2091 1963 2190 2004 cod.

354 2017 598 2056 Bartholin.
640 2017 764 2066 tingit
788 2017 887 2056 Vat.
923 2022 1028 2056 tert.
1057 2018 1163 2056 Exc.
1186 2017 1340 2058 Petav.
1363 2026 1502 2070 quart.
1542 2018 1668 2068 cingit
1689 2018 1757 2057 vel
1780 2016 1899 2056 vestit
1931 2017 2088 2057 Moret.
2119 2029 2188 2067 pr.

353 2069 468 2108 infra
486 2070 559 2109 lib.
580 2081 648 2110 111.
671 2074 764 2109 338.
794 2071 805 2091 ‘
828 2076 1049 2121 totumque
1071 2083 1220 2109 nemus
1241 2072 1423 2111 victoria
1441 2072 1575 2111 vestit.
1580 2071 1729 2111 ²—244
1757 2072 1926 2109 mutcens
1943 2074 2074 2109 tenero
2091 2071 2192 2110 Vat.

354 2128 495 2174 quart.
515 2124 652 2162 chart.
672 2123 822 2162 Heius.
843 2123 938 2162 cod.
959 2124 1198 2164 Bartholin.
1218 2123 1316 2164 Ald.
1337 2125 1404 2164 ed.
1427 2126 1566 2164 Parm.
1585 2130 1630 2163 et
1650 2124 1794 2163 Vicet.
1797 2126 1930 2162 —245
1962 2123 2094 2162 Terrae
2111 2135 2192 2173 pro

355 2176 475 2214 matri
495 2177 534 2214 V
537 2188 619 2215 oss.
674 2179 843 2214 r.—246
871 2176 992 2215 series
1003 2177 1103 2215 Vat.
1123 2189 1187 2226 pr.
1204 2183 1248 2216 et
1265 2178 1403 2229 quint.
1426 2178 1530 2218 item
1547 2177 1588 2215 d.
1601 2178 1729 2217 Voss.
1747 2188 1813 2227 pr.
1833 2177 2022 2217 chartac.
2039 2177 2190 2216 Heius.

354 2229 517 2269 Moret.
537 2241 603 2280 pr.
667 2228 774 2268 mbr.
796 2234 896 2269 tert.
917 2230 1012 2268 cod.
1033 2230 1268 2270 Bartholin.
1290 2230 1387 2270 Ald.
1404 2237 1446 2270 et
1465 2231 1532 2271 ed.
1549 2231 1828 2270 Ἤιτει-247
1856 2235 2023 2268 veterem
2042 2231 2089 2269 de
2108 2232 2192 2280 lege

1182 2308 1361 2347 NOTAE

407 2387 488 2424 240
518 2384 637 2422 Notis
653 2382 815 2434 animoe]
845 2382 1009 2424 Animae
1031 2389 1131 2424 sunt
1158 2383 1238 2424 fol-

352 2450 415 2487 les
453 2447 595 2487 anima
628 2458 704 2485 seu
741 2452 872 2486 vento
912 2447 1059 2498 pleni;
1099 2447 1239 2486 anima

354 2510 516 2563 quippe
538 2509 710 2560 ponitur
729 2521 807 2560 pro
827 2515 958 2548 vento
980 2516 1025 2549 et
1045 2507 1166 2559 flatu,
1191 2515 1240 2549 ut

355 2573 471 2625 apud
495 2572 749 2612 Horatium:
795 2572 806 2593 ‘
829 2572 1065 2624 lmpellunt
1085 2574 1238 2613 animae

353 2637 490 2676 lintea
507 2635 697 2674 Thraciae
716 2634 742 2674 :'
771 2634 817 2675 id
838 2643 921 2685 est,
957 2636 1076 2675 venti
1107 2636 1241 2675 Thra-

355 2700 452 2739 ciae.
528 2700 585 2737 Et
625 2698 739 2750 apud
778 2698 934 2750 virgil.
990 2700 1241 2741 ‘Quantum

354 2763 476 2815 ignes
489 2764 728 2815 animaeque
743 2764 891 2803 valent
904 2764 928 2813 ;'
957 2763 1002 2802 id
1017 2771 1098 2816 est,
1117 2764 1241 2804 folles
1277 2776 1289 2787 ·

354 2834 488 2868 vento
505 2827 655 2868 inflati.
713 2828 870 2880 Itaque
887 2828 1096 2880 Spiravere
1124 2829 1244 2868 Notis

356 2891 511 2942 animoe,
538 2891 580 2929 id
612 2897 695 2940 est,
722 2890 848 2930 folles
876 2891 1056 2931 emisere
1086 2891 1243 2943 Notos,

358 2964 435 2992 seu
454 2960 620 3003 ventos,
635 2967 709 2994 seu
728 2953 873 2994 flatus.

412 3015 613 3067 Flumine]
639 3016 817 3055 Flumen
847 3022 893 3056 et
920 3015 1058 3057 fluere
1078 3018 1242 3069 optime

357 3079 560 3118 dicuntur
579 3079 634 3117 de
653 3081 828 3119 metallo
846 3080 1095 3132 liquefacto,
1127 3082 1243 3134 apud

358 3141 609 3193 Virgilium:
640 3143 652 3163 ‘
676 3143 790 3181 Fluit
809 3155 867 3182 aes
888 3144 1020 3184 rivis!

413 3209 491 3245 241
521 3205 646 3245 Lassa
667 3204 854 3257 fornace]
903 3206 1025 3247 Adeo
1065 3214 1113 3248 ut
1150 3209 1244 3261 ipsa

356 3267 511 3307 fornax
533 3274 677 3319 gemat
695 3275 740 3308 et
753 3267 963 3321 fatigetur
981 3269 1241 3323 flaminibus,

361 3337 408 3372 et
439 3332 566 3383 copia
611 3332 775 3371 metalli
809 3331 996 3372 fluentis.
1053 3335 1240 3374 Statius:

364 3396 376 3417 ‘
402 3394 558 3435 Siculis
605 3407 701 3450 quoe
753 3393 1020 3437 conformata
1066 3396 1242 3437 caminis

1309 2384 1500 2437 Effigies,
1527 2385 1683 2424 lassum
1711 2385 1937 2437 Steropem
1972 2386 2195 2427 Brontem-

1308 2462 1389 2504 qne
1410 2449 1613 2503 reliquit.’

1362 2517 1442 2554 242
1469 2513 1610 2566 Atria]
1637 2513 1811 2554 Atrium
1827 2518 1921 2554 erat
1934 2513 2073 2566 prima
2093 2525 2191 2566 pars

1309 2577 1478 2617 aedium.

1362 2644 1441 2680 243
1488 2641 1667 2692 Electra]
1723 2640 1940 2680 Electrum
1977 2638 2194 2692 significat

1309 2703 1538 2756 aliquando
1554 2704 1771 2743 succinum
1787 2717 1799 2752 ;
1830 2704 1904 2744 sed
1923 2709 1967 2743 et
1983 2702 2195 2754 significat

1311 2767 1475 2805 metalli
1511 2778 1663 2818 genus,
1716 2778 1801 2819 quo
1839 2767 1988 2819 quinta
2026 2766 2195 2819 argenti

1308 2829 1451 2881 portio
1470 2829 1514 2868 in
1534 2842 1637 2869 auro
1658 2829 1790 2869 mixta
1809 2830 2032 2870 coalescit.

1365 2896 1443 2932 245
1475 2894 1603 2932 Irrita
1621 2894 1798 2944 texebat]
1828 2892 2088 2944 Proserpina
2102 2903 2194 2932 ves-

1311 2963 1397 2996 tem
1419 2957 1598 2997 texebat
1617 2969 1742 3009 quam
1771 2956 1894 2996 matri
1915 2947 2194 2995 redu'civdono

1311 3019 1462 3060 daret:
1507 3020 1581 3059 sed
1613 3018 1787 3070 frustra,
1819 3029 1916 3057 nam
1949 3029 2027 3056 nec
2061 3018 2193 3057 telam

1310 3083 1510 3132 absolvit,
1527 3093 1608 3122 nec
1627 3083 1753 3120 matri
1775 3081 1879 3120 dare
1901 3080 2056 3132 potuit.

1364 3147 1444 3184 247
1473 3143 1715 3194 Tumultum]
1741 3142 1847 3182 Erat
1878 3155 2032 3195 nempe
2064 3143 2192 3184 chaos

1307 3207 1320 3230 ‘
1341 3208 1473 3257 rudis,
1489 3207 1790 3259 indigestaque
1808 3207 1953 3255 moles,
1971 3207 2068 3246 Non
2085 3207 2195 3248 bene

1305 3271 1548 3323 junctarum
1583 3269 1800 3310 discordia
1843 3270 2003 3309 semina
2036 3282 2192 3312 rerum.

1311 3332 1488 3384 Frigida
1509 3333 1761 3386 pugnabant
1781 3332 1959 3386 calidis,'
1980 3336 2062 3375 διο.
2091 3328 2197 3375 Ονίὲ

1310 3394 1419 3436 dius.
