2300 3906
0 1465 9 1720 l

704 241 784 278 nn
824 240 907 278 vr.
947 240 1120 279 cous.
1159 239 1391 279 norton.
1848 229 1957 282 783

143 357 370 426 Imperii
393 356 549 409 sidus
572 359 799 424 propria
824 374 947 410 cum
975 359 1104 410 sede
1129 359 1351 420 locavit,

142 441 329 508 Auget
355 457 488 508 spes
514 440 726 494 Italas:
765 447 820 492 et
846 443 1041 494 certius
1065 443 1248 494 omina
1273 446 1516 509 surgunt,

143 525 379 577 Victrici
405 530 680 591 concepta
706 526 846 577 solo.
922 525 1063 577 Cum
1088 526 1318 592 pulcher
1341 525 1547 593 Apollo
1891 524 1962 577 25

146 609 366 660 Lustrat
391 607 788 674 Hyberboreas
816 610 1046 677 Delphis
1071 610 1422 660 cessantibus
1448 625 1592 672 aras,

147 691 249 743 Nil
271 695 383 742 tum
412 690 675 743 Castaliae
700 694 832 745 rivis
857 693 1236 744 communibus
1258 692 1421 744 undae

149 773 485 836 DissimileS,
512 775 610 825 vili
634 793 732 827 nec
759 777 1033 842 discrepat
1059 776 1255 826 arbore
1277 774 1496 826 laurus:

147 856 434 924 Antraque
459 863 659 910 moesta
681 860 861 923 silent,
890 859 1286 926 inconsultique
1310 874 1578 910 recessuS.

148 939 230 992 At
256 942 305 992 si
331 940 585 992 Phoebus
613 942 788 1006 adest,
814 947 868 994 et
890 942 1076 994 fraenis
1102 942 1312 1009 grypha
1329 934 1575 1010 jugalem
1894 943 1966 998 30

151 1024 391 1091 Rhipaeo
416 1025 665 1090 tripodas
689 1031 938 1093 repetens
965 1026 1197 1077 detorsit
1220 1028 1289 1077 ab
1316 1043 1443 1089 axe,

150 1107 306 1158 Tunc
331 1107 525 1174 sylvae,
552 1111 680 1158 tunc
707 1111 861 1159 antra
884 1109 1055 1175 loqui,
1082 1113 1210 1160 tunc
1239 1110 1421 1162 vivere
1444 1110 1657 1163 fontes:

148 1269 234 1298 cum
249 1256 418 1306 signifer
434 1258 539 1296 altus
572 1257 725 1296 Palatii
745 1258 914 1297 Romani
941 1259 1138 1298 collocavit
1156 1262 1307 1298 astrum
1335 1261 1501 1311 Imperii
1533 1260 1772 1300 Honorium
1805 1261 1847 1300 in
1876 1261 1971 1301 solio

145 1310 318 1361 proprio,
336 1311 504 1360 adauget
532 1321 618 1361 spes
651 1310 930 1360 Romanorum,
966 1315 1003 1349 et
1031 1312 1227 1362 praesagia
1245 1315 1340 1350 nata
1349 1312 1401 1372 in
1421 1312 1578 1361 regione
1603 1314 1829 1364 triumphali
1847 1315 1972 1352 extol-

149 1365 282 1402 luntur
313 1363 452 1402 verius.
518 1363 617 1402 Cum
651 1363 816 1402 Phoebus
842 1362 1039 1411 formosus
1069 1363 1206 1402 invisit
1238 1365 1384 1403 altaria
1419 1364 1774 1416 Septemtrionalia,
1810 1366 1975 1416 Delphis

150 1415 390 1466 vacantibus,
421 1428 531 1467 aquae
553 1416 739 1455 Castalia,-
768 1416 867 1455 nihil
885 1419 967 1455 tum
985 1414 1179 1466 differunt
1200 1416 1252 1455 ab
1272 1418 1383 1466 aquis
1401 1417 1676 1467 com-munibus,
1706 1431 1824 1469 neque
1843 1420 1975 1457 laurus

150 1474 234 1509 tum
251 1468 388 1519 differt
423 1470 475 1509 ab
506 1469 708 1507 arboribus
733 1469 1046 1508 contenet-loribus
1060 1482 1074 1514 ;
1102 1473 1141 1508 et
1160 1481 1332 1508 caverna
1351 1469 1500 1520 tristes,
1526 1474 1565 1509 et
1596 1482 1761 1510 secessus
1791 1483 1865 1510 non
1887 1470 1975 1519 fre-

151 1523 324 1573 quentati
340 1526 484 1561 tacent.
540 1522 620 1560 Sed
637 1522 671 1559 si
692 1522 830 1571 Apollo
845 1534 1016 1571 proesens
1035 1526 1110 1569 est,
1136 1527 1174 1561 et
1205 1523 1238 1560 si
1260 1534 1347 1561 cum
1366 1523 1527 1562 habenis
1537 1524 1680 1563 avertit
1696 1524 1870 1575 gryphas
1889 1536 1978 1563 con·

141 1575 358 1623 junctos-in
379 1586 523 1625 curru,
537 1574 691 1613 rediens
708 1576 758 1613 ad
776 1574 952 1624 tripodas
970 1574 1179 1626 exfinibus
1197 1574 1405 1627 Scythicis,
1420 1580 1510 1615 tunc
1527 1577 1659 1628 sylvae,
1677 1582 1770 1617 tunc
1786 1578 1976 1628 speluncae

922 1680 1214 1696 OOOOOOOO‘OOO

157 1755 230 1782 mae
247 1742 368 1782 Med.
391 1744 598 1781 tert.-——23
625 1742 784 1793 propria
805 1746 987 1793 quatuor
1005 1744 1129 1782 Vatt.
1150 1743 1234 1782 inc.
1258 1743 1409 1783 Heius.
1430 1744 1534 1784 Put.
1555 1745 1660 1796 Reg.
1689 1745 1848 1785 Thuan.
1882 1745 1976 1784 Ma·

159 1808 241 1835 zar.
262 1797 425 1834 Bonon.
448 1795 550 1834 Pat.
578 1795 748 1834 Tliolos.
774 1800 861 1834 tres
882 1796 1036 1834 Petav.
1070 1801 1157 1835 tres
1178 1795 1326 1837 Ambr.
1353 1798 1455 1837 Lov.
1476 1797 1635 1837 Moret.
1657 1810 1741 1837 sec.
1766 1799 1870 1837 Exc.
1891 1798 1977 1838 Ge·

161 1853 271 1887 vart.
307 1849 488 1886 Lucens.
510 1859 572 1897 pr.
605 1848 836 1887 ed.vicet.
869 1847 1019 1888 Sched.
1044 1849 1159 1888 Gnd.
1198 1850 1326 1899 prima
1360 1862 1436 1900 pro
1466 1852 1627 1900 propria
1663 1852 1768 1890 Exc.
1799 1851 1979 1890 Laeti.—

158 1904 212 1941 24
239 1900 353 1949 Auge
374 1902 539 1938 Bonon.
584 1900 713 1939 omina
730 1901 831 1940 Vat.
853 1913 916 1949 pr.
948 1906 993 1940 et
1024 1906 1127 1941 tert.
1147 1902 1243 1941 Pal.
1264 1902 1383 1941 Med.
1409 1908 1512 1942 tert.
1544 1904 1643 1942 Vat.
1666 1904 1801 1942 Livin.
1849 1903 1980 1942 omnia

159 1959 249 1993 tres
267 1954 388 1992 Vatt.
409 1953 536 1991 Farn.
552 1953 670 1992 Prie.
693 1953 817 1991 Rott.
841 1953 981 1992 Oxou.
1002 1966 1066 2004 pr.
1087 1955 1170 1993 (luo
1188 1954 1340 1994 Leidd.
1385 1957 1513 1994 omina
1534 1956 1599 1993 vel
1626 1956 1755 1994 omnia
1774 1955 1892 1994 Med.
1913 1967 1979 2005 pr.

160 2010 267 2046 —25
297 2017 470 2045 concessa
489 2005 591 2044 Lov.
636 2006 713 2043 solo
734 2006 800 2043 vel
818 2007 903 2056 polo
925 2006 1066 2045 Oxon.
1101 2011 1272 2057 pr.—26
1299 2008 1435 2046 lustris
1463 2007 1697 2046 cessantibus
1730 2007 1824 2046 Pal.
1865 2019 1982 2046 auras

162 2059 246 2099 dno
265 2059 384 2098 Vatt.
405 2057 521 2096 Med.
540 2070 629 2097 sec.
643 2058 804 2097 Thuan.
837 2058 990 2097 PetaV.
1014 2070 1074 2108 pr.
1116 2072 1207 2098 aras
1226 2061 1295 2098 vel
1314 2072 1430 2099 auras
1446 2060 1542 2098 Pal.
1573 2060 1694 2099 Med.
1725 2072 1789 2110 pr.
1811 2064 1858 2099 et
1877 2065 1982 2099 tert.

163 2113 305 2152 Arctos
338 2111 588 2162 conjecerat
622 2111 879 2150 Heins.—-27
909 2112 966 2149 nil
998 2115 1080 2150 tam
1110 2112 1211 2151 Put.
1232 2112 1379 2151 Ambr.
1401 2125 1463 2162 pr.
1506 2117 1598 2152 tunc
1616 2114 1715 2151 Vat.
1746 2125 1831 2151 sec.
1863 2111 1984 2152 Med.

163 2170 268 2205 tert.
297 2169 379 2203 tum
398 2163 548 2203 Ambr.
569 2175 654 2202 sec.
682 2176 769 2202 cum
790 2163 906 2202 Med.
928 2175 989 2214 pr.
1009 2165 1172 2203 Thuan.
1199 2165 1289 2203 inde
1309 2177 1386 2215 pro
1405 2166 1519 2204 undae
1537 2166 1641 2204 Var.
1661 2166 1746 2205 LL.
1764 2166 1830 2203 ed.
1850 2163 1983 2203 Antv.

163 2221 271 2258 -28
301 2217 393 2256 Nili
412 2229 490 2268 pro
509 2218 579 2255 vili
601 2216 715 2256 Prie.
743 2228 790 2254 ne
811 2217 915 2255 Lov.
943 2229 1018 2255 non
1032 2217 1060 2257 J
1065 2229 1132 2256 nn.
1152 2230 1216 2268 pr.
1246 2220 1433 2269 discrepet
1451 2219 1554 2258 Lov.
1573 2219 1730 2257 Moret.
1749 2230 1838 2257 sec.
1859 2217 1985 2256 Voss.

166 2270 286 2311 Leid.
312 2282 396 2310 sec.
423 2272 604 2320 decrepat
621 2270 894 2308 'Pholoe-30
922 2268 982 2308 Ac
1010 2270 1129 2308 Leid.
1152 2282 1234 2310 sec,
1256 2272 1359 2310 Exc.
1389 2271 1671 2310 Gevart.—31
1701 2271 1871 2321 tripodes
1889 2270 1986 2309 Flo-

166 2329 278 2364 rent.
308 2324 471 2363 detorsit
491 2324 598 2373 Reg.
640 2323 818 2361 distorsit
838 2321 920 2360 duo
940 2323 1062 2361 Vatt.
1084 2323 1271 2362 Florent.
1289 2324 1389 2364 Jun.
1412 2335 1476 2373 pr.
1495 2324 1598 2362 Put.
1631 2324 1728 2363 Pat.
1747 2325 1898 2362 Petav.
1923 2334 1985 2372 pr.

166 2376 316 2418 Ambr.
349 2388 412 2428 pr.
439 2377 545 2415 LoV.
574 2375 733 2414 Moret.
755 2385 841 2413 sec.
880 2385 968 2413 arce
986 2375 1262 2415 Tholas-32
1290 2375 1446 2414 numine
1471 2374 1606 2424 fontes
1638 2376 1744 2415 Mss.
1778 2374 1989 2425 nonnulli,

990 2491 1168 2532 NOTAE

223 2595 276 2633 24
307 2591 451 2631 Omina
477 2589 662 2640 surgunt]
708 2587 926 2640 Auspicia,
952 2599 1047 2640 quae
1167 2590 1220 2626 30
1269 2586 1454 2640 Grypha]
1499 2586 1690 2640 Apollini
1723 2587 1907 2639 gryphes
1942 2592 1990 2627 et

172 2655 387 2696 celebrata
406 2659 502 2693 sunt
522 2655 683 2702 Romae,
709 2652 899 2691 certiora*
913 2656 958 2691 et
979 2663 1048 2690 ve·
1115 2651 1233 2690 corvi
1265 2651 1375 2690 sacri
1395 2663 1490 2690 esse
1509 2651 1742 2702 finguntur,
1776 2651 1830 2690 ob
1858 2662 1989 2702 quan-

172 2720 284 2759 riora
304 2718 395 2756 fore
415 2717 665 2766 creduntur,
699 2720 744 2754 et
763 2714 968 2765 majorem
987 2713 1048 2754 fe·
1116 2713 1213 2753 dam
1232 2714 1315 2753 vim
1335 2713 1654 2765 praesentiendi.
1710 2712 1906 2763 Gryphes
1934 2723 1990 2751 ex

171 2781 377 2820 licitatem
405 2777 676 2829 portendere.
1118 2778 1362 2818 animalium
1396 2790 1567 2829 genere,
1599 2777 1774 2828 pennati
1794 2782 1839 2816 et
1858 2775 1991 2828 quad-

227 2847 281 2882 26
311 2839 606 2893 Hyperboreas]
639 2839 820 2879 Celebre
842 2839 1050 2890 templum
1117 2842 1317 2893 rupedes,
1345 2842 1425 2881 alis
1441 2847 1487 2880 et
1515 2839 1627 2880 facie
1647 2840 1796 2892 aquilis
1817 2838 1992 2889 similes,

176 2905 388 2957 Apollinis
427 2901 702 2954 Hyperborei
734 2913 809 2940 seu
857 2901 1052 2951 Septem·
1119 2909 1259 2944 cetera
1279 2905 1487 2953 leonibus,
1508 2904 1628 2954 equis
1656 2900 1938 2942 infestissimi.

177 2967 382 3021 “fumans-
438 2966 522 3005 Hic
559 2965 754 3015 argaitffl'
783 2964 852 3002 8⁰¹
882 2963 1052 3014 hyema·
1172 2972 1222 3016 31
1253 2967 1436 3018 Rhipoeo]
1457 2967 1657 3018 Rhipaeus
1676 2977 1793 3005 mons
1811 2963 1996 3014 estScy·

175 3030 242 3081 lis,
261 3029 331 3082 qui
350 3029 489 3068 media
509 3026 615 3066 Coeli
629 3032 757 3076 parte
777 3026 945 3075 relicta,
977 3037 1053 3064 seu
1120 3033 1236 3081 thiae,
1257 3031 1309 3070 de
1329 3042 1413 3082 quo
1432 3042 1573 3080 supra,

180 3094 333 3134 relicta
363 3091 605 3131 Meridiana
640 3091 779 3140 plaga,
813 3088 1056 3140 regionibus
1183 3095 1390 3148 Tripodag]
1432 3096 1559 3146 gups,
1589 3091 1722 3133 praefi
1750 3092 1795 3131 in
1814 3089 1914 3131 Rus,
1934 3101 1998 3132 vs,

181 3155 477 3208 Hyperboreis
512 3166 588 3193 seu
630 3150 1057 3203 septemtrionalibus
1127 3165 1190 3200 12,

179 3217 341 3260 illucet.
1177 3225 1229 3261 32
1264 3219 1423 3270 Vivere]
1468 3219 1643 3265 Fontes,
1673 3227 1816 3266 rupes,
1847 3211 1996 3263 sylvae‚

235 3284 288 3321 2⁷
319 3280 523 3331 Castalioe]
562 3281 675 3319 F⁰¹¹S
691 3277 900 3317 castalius
919 3276 974 3315 ad
994 3288 1014 3315 1‘
1018 3288 1059 3315 a·
1125 3284 1299 3324 oracula
1316 3281 1500 3321 reddere
1520 3279 1735 3327 dicuntur,
1767 3273 1879 3327 quod
1903 3273 1994 3310 haee

186 3341 325 3382 dicem
363 3340 579 3392 Parnassi,
617 3353 751 3392 ΡΓΟΡθ
785 3340 980 3392 D0¹P¹¹0⁸
1016 3339 1059 3377 in
1127 3346 1301 3387 oracula
1318 3336 1707 3393 reddanturprope
1723 3349 1774 3378 ea
1792 3333 1958 3396 omnia.⁴

187 3405 368 3458 Boeotia,
387 3405 569 3446 Graeciae
590 3403 780 3456 regione.
1127 3415 1133 3424 ·’
1480 3412 1482 3417 ·
1971 3415 1974 3418 *
