2300 3906
619 173 685 212 m
726 172 1092 215 nurnopmm
1135 174 1255 214 mn.
1296 173 1364 214 ιι.
1797 166 1903 219 563

157 288 194 342 J
200 306 289 341 am
315 303 455 355 vaga
479 287 774 354 pallentem
798 288 982 342 densis
1009 289 1305 342 terroribus
1331 286 1516 340 aulam

90 373 263 425 Fama
288 372 491 439 quatit:
531 374 732 422 stratas
757 372 925 435 acieS,
953 372 1136 424 deleta
1162 373 1393 424 canebat

87 457 338 524 Agmina,
365 455 642 506 Maeonios
664 453 866 506 foedari
891 457 1140 508 caedibus
1166 472 1349 524 agros,

87 538 427 606 Pamphylos
454 535 787 602 Pisidasque
812 539 958 605 rapi:
996 537 1314 590 metuendus
1341 538 1413 589 ab
1439 538 1587 590 omni
1794 538 1900 590 465

84 620 395 687 Targibilus
417 619 642 685 regione
667 623 844 672 tonat:
882 622 1050 674 modo
1076 621 1297 673 tendere
1323 637 1542 672 cursum

83 703 151 755 In
178 703 430 766 GalataS,
455 703 617 759 modo
643 702 902 770 Bithynis
928 706 1243 756 incumbere
1266 705 1449 756 fertur.

82 786 217 836 Sunt
240 786 333 854 qui
358 803 457 854 per
482 786 689 837 Cilicas
710 791 872 853 rupto
898 787 1228 839 descendere
1253 787 1460 849 Taum,

82 870 218 921 Sunt
241 871 352 937 qui,
378 869 642 935 correptis
667 870 893 933 ratibUS‚
922 876 1173 938 terraque
1200 871 1443 938 marique

78 951 390 1004 Adventare
413 953 601 1005 ferant.
678 953 1036 1006 Geminantur
1062 970 1193 1006 vera
1216 954 1439 1022 pavoris
1792 957 1899 1009 470

74 1144 299 1192 carpserunt
320 1152 396 1191 pro
414 1144 452 1179 te
456 1141 534 1193 fila
552 1144 739 1181 extrema.
793 1142 888 1181 Jam
896 1141 1013 1190 sama
1032 1141 1248 1182 errabunda
1266 1142 1435 1181 concutit
1457 1141 1619 1192 Regiam
1637 1144 1898 1194 trepidantem

77 1180 281 1232 timoribus
298 1193 469 1238 crebris;
507 1194 702 1232 occinebat
722 1194 896 1234 cohortes
918 1196 1068 1234 Leonis
1087 1194 1216 1242 fusas,
1246 1200 1286 1234 et
1313 1195 1530 1233 exercitum
1545 1196 1825 1246 profligatum‚·
1852 1203 1897 1235 et

74 1258 226 1296 campos
245 1247 435 1285 Maeonios
452 1246 560 1299 infici
589 1247 806 1295 stragibus,
839 1248 1078 1299 Pamphylos
1102 1252 1141 1287 et
1173 1247 1329 1286 Pisidas
1356 1247 1462 1285 trahi
1491 1248 1699 1297 captivos.
1761 1249 1899 1297 Torgi-

74 1299 175 1337 bilus
194 1297 470 1347 formidandus
488 1298 680 1347 fulminat
699 1301 747 1338 ab
766 1301 870 1339 omni
885 1305 1000 1350 parte
1012 1314 1026 1340 .·
1053 1301 1124 1339 ille
1141 1300 1289 1339 dicitur
1306 1312 1406 1338 num:
1424 1303 1574 1338 vertere
1591 1312 1743 1338 cursum
1761 1305 1897 1340 contra

76 1351 258 1402 Galatas,
288 1364 388 1391 nunc
404 1352 587 1392 incubare
610 1352 811 1404 Bithynis.
869 1353 1075 1393 Homines
1094 1357 1200 1402 sunt,
1231 1352 1297 1403 qui
1329 1352 1462 1391 dicant
1482 1364 1579 1391 eum
1603 1354 1733 1391 Tauro
1753 1360 1893 1392 monte

62 1403 211 1457 fracto,
232 1417 305 1456 per
326 1405 474 1445 Cilicas
491 1407 715 1445 descendere
730 1418 745 1452 ;
768 1409 858 1445 sunt
885 1406 953 1457 qui
978 1405 1128 1446 dicant
1147 1418 1243 1446 eum
1277 1405 1438 1444 navibus
1455 1406 1668 1456 occupatis,
1696 1417 1897 1445 accurrere

840 1521 1107 1537 OOOOOOOOOOO

74 1602 182 1643 Exc.
220 1602 343 1642 Laeti.
383 1606 568 1642 venerunt
601 1603 763 1643 Bonon.
807 1607 1033 1643 meruerunt
1067 1603 1133 1643 vel
1163 1608 1346 1643 venerunt
1378 1604 1477 1645 Put.
1527 1605 1696 1644 stamina
1725 1603 1895 1645 Prie.-

73 1659 154 1694 462
181 1655 248 1695 An
282 1661 384 1704 saga
431 1655 550 1695 Med.
585 1668 648 1706 pr.
690 1657 906 1695 rumoribus
939 1657 1096 1696 Moret.
1137 1660 1340 1707 pr.——463
1369 1659 1498 1696 delata
1517 1659 1675 1696 Moret.
1709 1670 1771 1708 pr.
1811 1658 1894 1696 inc.

74 1707 224 1747 Heius.
250 1709 437 1747 canebant
457 1708 605 1747 Ambr.
627 1712 826 1759 pre—464
858 1709 1051 1747 Chaonios
1065 1710 1225 1749 'l'huan.
1246 1711 1477 1758 Migdonios
1494 1711 1591 1749 Vat.
1612 1711 1750 1762 quint.
1770 1711 1893 1760 Myg-

72 1762 207 1800 donios
238 1761 359 1799 Med.
393 1766 495 1800 tert.
522 1761 682 1799 coetibus
715 1761 872 1800 Petav.
903 1773 988 1801 sec.
1017 1762 1204 1801 mortibus
1233 1763 1350 1801 Med.
1384 1766 1600 1802 sem—465
1641 1763 1895 1813 Pamphylias

70 1813 238 1853 Thuan.
268 1814 529 1862 Pamploineos
545 1814 646 1854 Jun.
668 1825 730 1863 pr.
761 1815 1013 1864 Pamphylio-s
1044 1826 1189 1853 omnes
1220 1815 1340 1853 Vatt.
1362 1815 1457 1854 Pal.
1487 1816 1612 1854 Fam.
1633 1815 1750 1854 Prie.
1771 1816 1891 1854 Rott.

71 1865 207 1905 Oisel.
229 1866 336 1904 Exe.
358 1865 482 1904 Laeti.
515 1866 750 1916 Pamphylos
763 1867 863 1904 Vat.
885 1866 1022 1904 Livin.
1040 1867 1200 1905 Moret.
1221 1879 1285 1916 pr.
1301 1867 1448 1906 Ambr.
1466 1873 1567 1905 tert.
1586 1868 1692 1905 Exc.
1713 1867 1894 1907 Lucens.

71 1929 156 1958 sec.
184 1918 424 1968 Pisadasque
455 1918 558 1956 Vat.
582 1930 668 1957 sec.
713 1919 984 1969 Paphidasque
1017 1919 1124 1969 Reg.
1154 1919 1390 1968 Phasiasque
1419 1919 1587 1958 Thuan.
1629 1919 1893 1968 Phasida-sque

70 1970 170 2011 Jun.
190 1983 255 2022 pr.
277 1971 418 2010 Oxon.
437 1982 501 2020 pr.
530 1969 571 2008 in
590 1970 695 2009 onmi
726 1971 795 2008 ed.
818 1971 1094 2010 moen—466
1127 1971 1350 2020 Terbigitus
1382 1971 1500 2010 Mod.
1523 1977 1627 2010 tert,
1655 1971 1895 2020 Thabigulus

67 2024 187 2063 Med.
210 2036 296 2064 see.
317 2024 420 2062 Exc.
439 2024 618 2062 Lucens.
639 2035 703 2074 pr.
737 2023 971 2073 Turbigulus
988 2023 1148 2064 Thuan.
1182 2023 1404 2073 Trabigilus
1435 2024 1552 2062 Leid.
1576 2036 1639 2074 pr.
1661 2023 1804 2062 Oxon.
1826 2036 1892 2074 pr.

69 2076 163 2117 Pal.
182 2076 303 2116 Med.
328 2088 392 2126 pr.
413 2076 580 2114 Tholos.
614 2077 772 2115 Moret.
794 2088 859 2126 pr.
890 2077 1125 2126 Targihalus
1142 2078 1243 2115 Vat.
1265 2088 1351 2115 sec.
1380 2076 1604 2126 Tragibilus
1635 2077 1743 2115 Exc.
1765 2077 1891 2119 Laeti.

0 2146 1 2172 ι
75 2128 324 2180 Tkardigilus
355 2130 457 2168 Lov.
492 2128 741 2178 Tharbigilus
773 2129 962 2168 Florent.
999 2130 1082 2168 duo
1116 2130 1270 2168 Petav.
1315 2130 1539 2178 Tarbigilus
1578 2129 1695 2168 Leid.
1726 2141 1814 2168 sec.
1848 2135 1895 2168 et

68 2183 305 2222 octodecim
324 2182 413 2230 alii,
440 2180 510 2221 ed.
525 2182 668 2221 Vicet.
685 2187 729 2220 et
748 2182 852 2221 Var.
873 2183 958 2221 LL.
981 2182 1046 2220 ed.
1065 2181 1198 2222 Antv.
1226 2187 1337 2221 sonat
1368 2184 1484 2221 Rott.
1505 2183 1639 2221 Oisel.
1657 2183 1788 2221 Farn.
1807 2181 1893 2221 duo

67 2234 189 2276 Vatt.
210 2236 319 2286 Reg.
351 2232 513 2275 Thuan.
550 2235 711 2274 Mazar.
738 2235 847 2275 Exc.'
879 2235 991 2275 Laeti
1023 2247 1076 2274 m.
1097 2248 1160 2286 pr.
1189 2239 1300 2273 tonat
1334 2235 1417 2274 duo
1451 2234 1604 2274 Leidd.
1639 2241 1686 2274 et
1718 2235 1894 2286 plurimi

71 2286 205 2328 Codd.
229 2288 334 2327 Exc.
356 2287 536 2327 Gevart,
558 2288 739 2327 Lucens.
760 2299 847 2327 sec.
874 2289 976 2327 Var.
998 2289 1080 2328 LL.
1101 2290 1170 2327 ed.
1192 2287 1324 2328 Antv.
1352 2292 1461 2327 sonat
1482 2289 1551 2327 vel
1570 2292 1680 2327 tonat
1699 2288 1892 2327 Florent.

71 2342 298 2380 contendere
314 2342 473 2380 Thuan.
507 2342 653 2380 Cursus
673 2341 775 2380 Vat.
798 2352 861 2391 pr.
881 2341 1047 2380 Bonon.
1077 2340 1225 2380 Ambr.
1245 2353 1309 2392 pr.
1331 2342 1431 2379 Vat.
1460 2340 1598 2378 Livin.
1626 2352 1741 2380 cursu
1760 2339 1895 2389 conji-

69 2393 211 2434 ciebat
232 2394 448 2442 Heinsius,
480 2394 550 2445 qni
572 2394 849 2444 ascripserat.
878 2393 938 2432 sic
958 2394 1058 2432 alibi
1087 2397 1098 2414 ‘
1121 2393 1309 2443 Hispida
1329 2392 1535 2431 tendebat
1554 2390 1684 2430 bifido
1707 2391 1891 2440 vestigia

68 2447 357 2485 ‹misul—467
386 2445 593 2497 Bithynii-3
609 2446 711 2485 Vat.
727 2458 814 2485 sec.
834 2445 954 2486 Med.
972 2459 1037 2496 pr.
1067 2446 1283 2497 Bithyniae
1302 2444 1418 2484 Med.
1436 2447 1657 2483 sem—468
1685 2455 1793 2481 muro
1811 2454 1891 2494 pro

71 2497 201 2537 Tauro
218 2499 337 2537 Med.
357 2500 598 2537 terh—469
625 2498 818 2548 corruptis
837 2498 939 2540 Vat.
961 2510 1046 2536 sec.
1074 2499 1370 2537 Mazara—470
1389 2495 1530 2544 ferunt
1548 2496 1617 2534 ed.
1637 2495 1779 2534 Vicet.
1797 2508 1891 2541 vera

69 2548 155 2590 duo
172 2550 324 2591 Leidd.
344 2556 388 2589 et
408 2550 548 2589 Oxou.
574 2549 678 2590 Jun.
696 2561 760 2600 pr.
780 2551 886 2591 Lov.
907 2550 1029 2589 ambo
1048 2550 1206 2591 Movet.
1225 2548 1324 2589 Ald.
1341 2550 1461 2588 Exc.
1481 2549 1664 2589 Gevart.
1683 2549 1783 2589 Var.
1802 2549 1892 2592 LL.

888 2671 1064 2715 NOTAE

119 2780 199 2819 462
231 2777 466 2828 Pallentem]
522 2776 620 2816 Non
667 2776 781 2827 quod
828 2775 943 2816 Aula
1009 2789 1063 2818 na
1084 2777 1243 2828 Regem
1264 2774 1584 2823 Maeones,’&c.
1611 2785 1752 2824 supra.

64 2840 238 2892 palleat,
268 2840 343 2879 sed
364 2840 525 2890 pallent
548 2839 850 2891 trepidantque
870 2839 942 2891 qui
1061 2844 1139 2879 1265
1171 2839 1407 2890 Pamphylos
1421 2836 1670 2887 Pisidasque]
1701 2835 1887 2887 Populos

46 2907 163 2949 *sunt
191 2903 236 2941 in
267 2902 409 2950 Aula;
439 2907 485 2941 et
512 2909 580 2941 est
607 2902 828 2941 continens
861 2913 940 2952 pro
1008 2901 1210 2951 Phrygias
1243 2901 1424 2947 vicinos,
1469 2899 1582 2939 sicut
1613 2905 1659 2938 et
1691 2898 1885 2948 Galatas,

65 2970 281 3013 contento,
297 2964 626 3016 Metonymices.
1007 2963 1228 3014 Bithynos,
1247 2968 1292 3002 et
1312 2962 1482 3002 Cilices.

120 3026 282 3077 Densis]
307 3027 562 3078 Timoribus,
577 3040 652 3066 seu
669 3028 806 3067 causis
821 3026 940 3066 timo·
1060 3029 1139 3064 467
1169 3025 1411 3075 Incumbere]
1453 3025 1614 3064 Hostes
1645 3023 1812 3063 irruere
1842 3022 1887 3061 iu

66 3099 159 3132 tum
178 3089 335 3138 densis,
362 3095 411 3129 et
444 3102 498 3128 ex
525 3091 639 3128 omni
668 3095 794 3140 parte
820 3090 940 3129 velut
1006 3087 1231 3138 Bithynos,
1263 3093 1309 3127 et
1341 3087 1447 3138 ipsis
1480 3086 1741 3138 incumbere,
1772 3084 1888 3137 ipsos

67 3148 197 3190 densa
215 3157 390 3190 caterva
406 3148 692 3192 venientibus.
1008 3160 1163 3200 urgere
1182 3148 1450 3199 tempestatis
1470 3148 1616 3189 instar.

119 3214 198 3251 464
228 3213 435 3264 Moeonios]
475 3213 560 3252 Alii
592 3216 741 3264 legunt
771 3214 941 3265 Mygdo-
1061 3215 1142 3252 468
1173 3211 1319 3261 Tauro]
1347 3212 1499 3251 Monte
1521 3210 1685 3250 Cilicia»,
1704 3210 1747 3249 in
1766 3208 1886 3249 Asia.

67 3274 168 3322 aios,
179 3275 222 3314 id
239 3281 321 3325 est,
334 3276 570 3328 Phrygios:
601 3277 676 3316 sed
696 3282 743 3316 et
755 3278 941 3316 Maeonia
1060 3277 1141 3314 470
1186 3274 1351 3314 Pavor-is
1378 3273 1552 3325 ingenio]
1605 3272 1779 3312 Veritas
1810 3282 1884 3309 au-

0 3360 1 3366 1
69 3335 170 3376 olim
187 3334 304 3377 dicta
317 3338 524 3389 Phrygia.-
551 3343 562 3362 ‘
581 3338 690 3380 dicti
700 3344 798 3392 post
809 3339 942 3380 Maeo-
1009 3342 1152 3389 getur,
1184 3336 1418 3377 secuudum
1443 3334 1660 3388 ingenium
1687 3338 1734 3376 et
1759 3336 1883 3374 natu·
