2300 3906
332 187 440 241 894
907 202 1001 240 GL.
1042 197 1395 238 GLAUmANI
1436 196 1657 237 xxxn.

335 318 448 384 Qui
474 319 655 372 dubiis
680 333 850 371 ausus
876 316 1213 368 committere
1237 316 1465 369 flatibus
1491 317 1698 380 alnum,

406 401 567 467 Quas
590 408 785 455 natura
807 404 986 467 negat,
1012 400 1254 468 praebuit
1278 406 1394 452 arte
1413 402 1555 453 vias,

332 486 684 555 Tranquillus
710 485 948 553 primum
973 484 1216 553 trepidus
1244 501 1302 537 se
1328 484 1559 538 eredidit
1581 485 1761 548 undiS,
2121 487 2157 537 5

404 571 623 623 Littera
647 585 839 621 securo
864 569 1079 622 tramite
1103 584 1319 621 summa
1341 568 1560 636 legens:

331 698 398 750 qui
415 710 530 738 ausus
547 699 701 737 credere
721 702 855 737 ratem
876 696 1038 738 factam
1059 709 1112 738 ex
1129 699 1232 749 alno,
1249 698 1373 737 ventis
1390 697 1565 748 incertis,
1591 697 1745 748 aperuit
1762 697 1955 736 industria
1974 708 2047 736 sua
2062 697 2154 745 iter,

331 754 431 803 quod
448 755 590 791 natura
608 764 681 790 non
700 753 795 790 dat:
823 751 896 790 ille
913 751 1040 804 primo
1065 752 1224 803 timens,
1238 751 1430 791 commisit
1446 763 1525 791 sese
1543 753 1655 802 aquis
1668 750 1848 803 placidis,
1865 752 2003 791 radens
2020 751 2155 791 littora

1096 857 1165 872 eet
1173 857 1216 872 ‘I
1222 856 1391 872 “eoo“

330 916 424 952 erat
442 913 522 951 hoc
542 923 714 952 carmen
735 922 789 950 ex
810 910 893 951 alio
917 910 1021 951 cod.
1038 910 1109 963 qui
1129 909 1304 950 Sidonio
1324 908 1564 961 Apollinari
1583 922 1772 950 annexus
1791 915 1887 950 erat
1907 922 1947 949 n.
1969 914 2089 951 1661.
2110 910 2153 950 in

329 967 429 1006 Vat.
449 970 600 1017 quarto
636 965 795 1016 adjecti
830 970 953 1004 erant
983 977 1039 1004 ex
1070 965 1153 1004 alio
1172 963 1323 1003 itidem
1343 964 1450 1004 Cod.
1481 976 1523 1004 n.
1541 968 1662 1003 3290.
1697 964 1768 1016 qui
1801 963 1907 1003 Cod.
1939 964 2004 1003 lit.
2037 966 2079 1004 D
2101 964 2154 1004 ab

331 1019 509 1058 Heinsio
523 1024 694 1058 notatus
710 1024 819 1068 erat,
835 1018 947 1058 unde
964 1017 1143 1067 factum,
1162 1022 1224 1068 ut,
1242 1029 1337 1056 cum
1352 1017 1454 1058 Jun.
1473 1029 1557 1057 sec.
1577 1022 1622 1058 et
1636 1016 1758 1057 Leid.
1776 1029 1840 1068 pr.
1860 1017 2009 1056 eadem
2030 1019 2157 1058 litera

329 1072 368 1110 D
390 1076 656 1119 notarentur,
687 1071 728 1110 in
750 1072 863 1111 notis
883 1072 1003 1112 Leid.
1024 1083 1251 1123 perperam
1273 1070 1482 1121 scriptum
1500 1071 1581 1110 sit:
1612 1082 1708 1110 nam
1728 1071 1771 1109 in
1792 1070 1941 1110 Leidd.
1963 1072 2019 1110 D.
2041 1077 2086 1111 et
2102 1073 2155 1111 E.

331 1137 414 1164 non
435 1131 528 1164 erat
545 1126 623 1166 hoc
643 1125 821 1176 Poema,
851 1125 924 1177 qui
956 1125 1125 1164 demum
1157 1124 1368 1175 incipiunt
1387 1125 1464 1164 lib.
1485 1135 1517 1165 1.
1552 1123 1597 1163 in
1618 1123 1763 1164 Rufin.
1797 1130 1894 1175 post
1914 1125 1968 1163 R.
1987 1124 2040 1164 P.
2061 1125 2155 1164 Cel.

329 1179 597 1218 Burmannus
630 1184 773 1218 tamen
805 1180 935 1218 alium
964 1178 1083 1218 Leid.
1117 1178 1315 1217 habuisse
1348 1177 1533 1228 videtur,
1567 1178 1687 1229 cujus
1705 1177 1894 1227 ,Glossas
1927 1177 2155 1228 aliquoties

330 1232 452 1272 citat.
470 1233 556 1272 vid.
574 1244 636 1272 vs.
653 1235 692 1273 4.
711 1232 755 1272 in
775 1231 954 1274 Praefat.
974 1233 1046 1273 lib.
1067 1243 1118 1272 ιι.
1138 1231 1192 1271 de
1214 1231 1379 1283 Raptu.
1439 1232 1639 1272 Deerant
1657 1231 1701 1270 hi
1719 1230 1815 1270 libri
1834 1231 1878 1269 in
1900 1231 2004 1270 Lov.
2017 1229 2155 1270 duob.

329 1284 482 1326 Leidd.
501 1287 666 1327 Mazar.
687 1284 839 1331 Ambr.
868 1298 931 1337 pr.
952 1291 998 1325 et
1017 1297 1103 1326 see.
1125 1284 1243 1325 Med.
1270 1296 1356 1325 sec.
1392 1289 1437 1325 et
1467 1290 1569 1325 tert.
1602 1285 1763 1324 Moret.
1792 1296 1877 1324 sec.
1907 1283 2007 1323 Pat.
2037 1284 2155 1324 Prie.

328 1339 469 1379 Oisel.
504 1340 608 1379 Exc.
629 1339 815 1379 Lucens.
837 1339 944 1379 Cod.
977 1339 1128 1379 Rhem.
1162 1345 1207 1377 et
1225 1339 1328 1377 Var.
1349 1339 1435 1377 LL.
1457 1338 1525 1378 ed.
1546 1338 1677 1378 Antv.
1734 1337 1787 1376 In
1806 1338 1966 1376 Thnan.
1988 1349 2157 1389 quoque

328 1391 640 1442 desiderantur,
661 1392 737 1432 sed
755 1393 846 1444 ejus
867 1394 960 1432 loco
975 1391 1079 1432 Var.
1095 1392 1183 1431 LL.
1205 1390 1257 1430 ab
1275 1390 1455 1431 Heinsio
1471 1391 1672 1442 ascriptae
1687 1395 1786 1430 sunt
1805 1402 1860 1430 ex
1874 1390 1982 1431 Cod.
1999 1391 2156 1430 Petav.

327 1445 372 1484 in
393 1458 475 1497 quo
495 1445 536 1484 hi
556 1445 655 1485 libri
671 1446 725 1484 de
740 1446 790 1485 R.
807 1446 860 1485 P.
877 1445 1072 1498 quaedam
1090 1444 1316 1484 Prudentii
1332 1449 1376 1483 et
1395 1445 1479 1483 alia
1497 1443 1843 1483 continebantur.
1899 1444 2156 1484 Farnesiano

329 1510 497 1550 quoque
518 1498 668 1538 deesse
688 1498 872 1547 videtur,
905 1498 1082 1549 ejusque
1102 1497 1199 1536 loco
1219 1497 1369 1536 Codex
1387 1497 1629 1535 Bartholini
1647 1495 1701 1535 ab
1721 1495 1903 1535 Heinsio
1922 1496 2157 1547 sanectuS,

329 1552 399 1602 qni
417 1552 499 1589 hoc
521 1551 650 1589 solum
672 1551 833 1589 Poe'ma
848 1550 1035 1589 habebat
1056 1549 1231 1600 reliquis
1265 1548 1446 1587 omissis.
1468 1549 1552 1589 vid.
1585 1549 1639 1587 ad
1659 1559 1721 1587 Vl.
1752 1549 1880 1587 Cous.
1917 1549 2080 1590 Honor.
2114 1551 2157 1590 in

327 1603 608 1642 Praefatione.
631 1604 673 1641 in
689 1602 845 1643 Sched.
866 1602 982 1642 Gud.
1003 1602 1054 1641 ad
1076 1602 1238 1640 calcem
1269 1602 1448 1652 legitur,
1481 1604 1531 1641 ad
1553 1602 1728 1653 Raptum
1745 1601 2010 1653 Proserpinae,
2041 1604 2155 1645 Cons.

331 1656 487 1707 Olybrii
503 1660 617 1706 atque
629 1658 681 1695 ad
695 1657 772 1694 alia
784 1656 968 1695 nonnulla
985 1655 1086 1694 nihil
1104 1658 1332 1694 annotatum
1347 1654 1512 1706 reperio.
1530 1655 1711 1694 videntur
1728 1667 1804 1694 non
1818 1656 2015 1695 exstitisse
2032 1656 2075 1696 in
2088 1657 2158 1696 illo

326 1721 442 1747 manu
461 1713 621 1748 exarato
643 1710 796 1749 Codice.
852 1709 904 1747 In
924 1708 1033 1749 eod.
1067 1708 1213 1759 Epigr.
1246 1707 1397 1749 Ambr.
1431 1713 1526 1747 erat
1557 1708 1625 1748 hic
1663 1708 1829 1757 titulus,
1856 1709 2158 1759 Epigrammata

331 1763 541 1801 Claudiani
560 1763 746 1814 AEg‘yplii
766 1762 909 1800 Pharii
927 1761 1192 1801 Alexandrini
1213 1762 1347 1800 Poe'toe
1368 1761 1585 1801 Clarissimi
1603 1766 1643 1801 et
1662 1761 1843 1801 Militum
1878 1762 2040 1802 Tribuni
2061 1763 2157 1813 feli-

323 1815 425 1854 citer
444 1816 647 1866 incipiunt.
706 1816 843 1854 Primo
876 1816 954 1854 loco
985 1820 1070 1855 erat
1102 1815 1415 1867 Epithalamium
1448 1815 1634 1854 Honorii.
1691 1816 1791 1855 Non
1814 1815 1984 1855 videtur
2014 1821 2157 1857 tamen

327 1869 372 1907 in
393 1870 471 1908 hoc
494 1870 661 1919 Raptus
684 1869 955 1919 Proserpinae
988 1868 1134 1919 fnisse,
1169 1869 1268 1920 quia
1286 1869 1421 1907 nullas
1441 1869 1547 1908 Var.
1569 1869 1654 1908 LL.
1686 1873 1858 1908 notatas
1877 1868 2048 1910 offendi.
2103 1871 2156 1910 In

326 1922 487 1962 Moret.
505 1935 569 1973 pr.
591 1923 758 1973 Raptus
777 1923 1048 1973 Proserpinae
1065 1922 1212 1962 ultimo
1231 1923 1326 1963 loco
1346 1922 1506 1973 legitur
1526 1927 1624 1974 post
1639 1933 1702 1961 VI.
1720 1923 1847 1962 Cons.
1866 1922 1979 1962 Hon.
1995 1923 2038 1962 in
2053 1923 2157 1964 Put.

328 1981 373 2015 et
392 1976 650 2026 Reg.,nnllae
672 1981 796 2015 erant
816 1976 1016 2015 librorum
1037 1975 1350 2027 inscriptiones.
1381 1976 1422 2014 in
1442 1976 1542 2015 Vat.
1562 1975 1712 2027 quinto
1733 1982 1843 2025 erat,
1866 1976 1928 2016 Cl.
1950 1977 2159 2017 Claudiani

321 2030 374 2068 de
395 2029 527 2079 Rapta
546 2029 794 2080 Proserpina.»
812 2030 1007 2078 Prologus
1037 2029 1174 2080 incipit
1202 2030 1253 2067 ad
1285 2029 1568 2068 Florentinum.
1626 2029 1733 2069 Cod.
1753 2029 1996 2069 Bartholini
2013 2030 2158 2082 habet,

330 2083 376 2122 C.
399 2082 609 2122 Claudiani
629 2082 826 2121 Exodium
845 2083 958 2121 Libri
973 2083 1095 2134 primi
1113 2084 1161 2121 de
1181 2083 1234 2122 R.
1249 2083 1299 2121 P.
1329 2082 1478 2132 Incipit
1497 2081 1687 2130 feliciter.
1742 2082 1794 2121 In
1815 2082 1935 2122 Voss.
1967 2095 2030 2134 pr.
2063 2091 2159 2125 erat

329 2135 406 2175 C1..
427 2135 696 2175 CLAumANi
714 2137 788 2175 DE
811 2137 969 2175 RAPTU
989 2137 1302 2174 Pnosssnpmffi
1317 2135 1583 2176 TRAGOEmA
1601 2135 1818 2175 HnnoicA
1838 2135 2018 2177 Increm-
2037 2148 2158 2178 Fem-

326 2199 478 2228 orma.

384 2241 581 2291 Codices,
615 2253 669 2281 ex
697 2240 857 2293 quibus'
882 2242 948 2280 hae
983 2241 1037 2280 ad
1071 2242 1122 2280 R.
1142 2239 1419 2292 Proserpinae
1448 2242 1554 2280 Var.
1590 2241 1677 2280 LL.
1714 2246 1876 2281 notatae
1915 2248 2028 2293 sunt,
2059 2250 2160 2284 sunt

329 2306 448 2345 seqq.
483 2295 669 2345 quinque
690 2296 811 2334 Vatt.
843 2295 939 2333 Pal.
961 2294 1067 2334 Cod.
1103 2294 1342 2333 Bartholin.
1370 2294 1565 2333 Florent.
1586 2294 1708 2333 Med.
1736 2307 1801 2345 pr.
1831 2302 1878 2334 et
1911 2303 2052 2347 quart.
2072 2297 2157 2337 dno

327 2348 428 2389 Jun.
448 2346 532 2386 duo
558 2348 702 2387 Oxon.
724 2347 808 2386 duo
830 2347 951 2387 Voss.
973 2347 1056 2386 dno
1077 2346 1229 2386 Heius.
1262 2346 1367 2386 item
1397 2351 1502 2386 tert.
1531 2346 1660 2386 litera
1677 2346 1728 2386 H
1742 2352 1931 2397 notatus,
1962 2361 2017 2388 ex
2034 2351 2156 2391 Med.

328 2413 395 2451 pr.
417 2399 669 2451 descriptus,
703 2407 749 2440 et
766 2401 852 2440 inc.
872 2399 1080 2451 ejusdem,
1106 2400 1208 2440 Put.
1227 2400 1338 2451 Reg.
1359 2406 1446 2439 tres
1466 2401 1620 2440 Petav.
1650 2405 1696 2440 et
1714 2401 1820 2442 Exc.
1840 2402 1994 2442 Petav.
2015 2407 2157 2456 quart.

329 2455 493 2493 Bonon.
513 2454 679 2493 Thalos.
701 2452 853 2494 Ambr.
887 2459 989 2493 tert.
1010 2455 1172 2494 Moret.
1194 2465 1258 2505 pr.
1275 2457 1361 2493 vet.
1384 2453 1494 2504 Gyr.
1509 2453 1610 2493 Vat.
1637 2453 1774 2494 Livin.
1794 2455 1900 2495 Exc.
1919 2455 2087 2498 Schott.
2110 2465 2157 2498 et

329 2507 455 2556 Laeti,
477 2507 547 2547 ed.
567 2507 711 2546 Pau-m.
730 2513 775 2546 et
794 2507 937 2547 Vicet.
957 2507 1058 2547 Ald.
1079 2512 1124 2547 et
1155 2507 1254 2548 Var.
1274 2507 1358 2547 LL.
1378 2519 1402 2546 e
1423 2518 1556 2558 marg.
1575 2507 1720 2547 Parm.

380 2559 530 2599 Heius.
549 2561 590 2599 in
606 2561 763 2600 Schedi
782 2561 865 2599 suis
885 2573 1004 2612 seqq.
1026 2561 1286 2612 ascripserat
1304 2574 1314 2600 :
1346 2560 1419 2600 Sil.
1436 2560 1529 2600 Ital.
1548 2562 1690 2600 multos
1706 2560 2013 2613 Siciliaefluvios
2028 2576 2157 2605 recen-

325 2617 386 2653 set
408 2613 498 2652 Lib.
535 2615 656 2654 XIV.
685 2626 850 2666 quorum
877 2619 915 2654 et
938 2615 1179 2656 Claudianus
1197 2613 1239 2653 in
1258 2614 1321 2655 his
1337 2613 1450 2653 libris
1466 2614 1547 2653 suis
1566 2616 1614 2653 de
1644 2614 1696 2655 R.
1717 2616 1766 2655 P.
1797 2616 1991 2657 meminit.
2047 2618 2157 2658 Idem

327 2668 458 2707 eodem
476 2667 596 2706 Libro
618 2669 814 2708 RAPTUM
835 2667 1147 2708 PnosmzpmAE
1167 2667 1352 2707 describit
1364 2679 1420 2706 rs.
1437 2670 1532 2708 240.
1549 2667 1617 2706 ubi
1633 2669 1770 2708 menda
1788 2681 1866 2709 una
1885 2673 2001 2721 atque
2019 2672 2159 2712 altera.

383 2723 403 2760 1
429 2721 583 2772 primus
601 2723 666 2772 qui
697 2733 841 2761 ornnes
858 2722 980 2761 Vatt.
1013 2721 1108 2762 Pal.
1142 2722 1250 2763 Cod.
1281 2721 1520 2761 Bartholin.
1563 2721 1797 2773 quiprimus
1825 2723 2015 2764 Florent.
2049 2726 2155 2777 Reg.

329 2772 471 2814 Oxou.
494 2787 559 2825 pr.
582 2777 744 2815 Moret.
766 2787 830 2826 pr.
855 2776 1017 2815 Bonon.
1036 2775 1186 2815 Petav.
1207 2787 1273 2827 pr.
1289 2775 1414 2814 Voss.
1434 2787 1498 2826 pr.
1518 2773 1621 2815 Jun.
1641 2786 1726 2814 sec.
1751 2776 1925 2827 primum
1942 2778 2065 2818 secuit
2087 2778 2156 2830 qui

328 2827 482 2867 Petav.
502 2832 668 2868 see—3
695 2828 845 2879 primus
864 2841 942 2879 pro
960 2841 1076 2869 ausus
1092 2829 1246 2869 Petav.
1264 2832 1366 2867 tert.
1380 2827 1573 2880 fluctibus
1588 2829 1690 2868 Vat.
1708 2829 1843 2881 quint.
1858 2824 2158 2873 Flore'ntJun.

329 2891 415 2921 sec.
448 2881 619 2931 flatibus
637 2883 704 2921 vel
727 2881 919 2933 fluctibus
936 2883 1093 2923 Petav.
1117 2887 1218 2922 tert.
1264 2884 1396 2922 alnum
1427 2894 1563 2922 comm.
1584 2882 1777 2933 fluctibus
1810 2895 1925 2922 ausus
1948 2883 2051 2924 duh.
2083 2895 2155 2935 pr.

327 2933 458 2972 alvum
475 2935 575 2973 Vat.
598 2948 683 2975 sec.
703 2937 826 2974 Voss.
857 2948 943 2976 sec.
972 2938 1080 2975 alnos
1109 2937 1299 2975 Floreat.
1320 2948 1375 2974 m.
1398 2947 1463 2986 pr.
1483 2935 1666 2975 Fut-4
1693 2940 1800 2974 vetat
1821 2948 1898 2987 pro
1916 2940 2033 2986 negat
2050 2936 2153 2977 Jun.

329 2996 392 3036 pr.
418 2990 505 3024 arte
527 2988 594 3026 vel
610 2988 677 3027 ille
693 2989 939 3028 Bonon.--5
969 2990 1148 3041 trepidus
1163 2990 1333 3041 primum
1351 2989 1379 3030 J
1385 3001 1454 3028 un.
1469 3000 1532 3038 pr.
1561 2986 1754 3040 trepidum
1773 2989 1959 3028 Florent.
1986 2990 2155 3038 praebuit

328 3040 603 3090 procreauit
633 3042 758 3082 Voss.
778 3047 927 3093 pr.—-6
964 3055 1096 3083 secure
1113 3044 1212 3083 Vat.
1245 3054 1329 3083 sec.
1367 3045 1513 3082 secreto
1531 3042 1654 3082 Voss.
1688 3052 1752 3093 pr.
1791 3052 1920 3080 secure
1939 3043 2006 3080 vel
2024 3054 2155 3083 securo

1155 3136 1336 3179 NOTAE

382 3214 408 3250 3
437 3210 602 3263 Dubiis]
626 3212 781 3252 Ventis
799 3212 1142 3259 inconstantibus
1160 3221 1207 3256 et
1273 3218 1433 3268 praeter
1461 3218 1675 3263 naturam,
1706 3214 1916 3255 hominem
1948 3221 2154 3268 terrestre

328 3272 460 3313 dubio
479 3279 637 3313 eventu
668 3272 883 3329 flantibus,
912 3278 1127 3332 vitamque
1159 3279 1207 3321 in
1274 3278 1429 3318 animal
1447 3277 1613 3329 ingredi
1632 3290 1777 3332 aquas.

329 3335 460 3376 dnbio
477 3336 746 3387 ponentibus.
1327 3345 1354 3381 6
1381 3341 1539 3381 Littera
1555 3342 1725 3395 summa]
1766 3342 1902 3384 Maris
1935 3347 1980 3384 et
2010 3345 2152 3386 Terrae

381 3402 408 3439 4
438 3398 598 3439 Natura
616 3399 754 3451 negat]
779 3401 962 3442 Videtur
981 3403 1094 3443 enim
1114 3415 1206 3443 esse
1274 3403 1427 3444 radens
1447 3404 1642 3445 confinia.
