2300 3906
20 2858 28 3204 i

26 3423 32 3562 ῑ,

882 208 1039 248 mus
1078 208 1106 247 s
1119 208 1353 247 rennui-u,
1848 197 1973 251 873

166 321 296 374 Non
317 322 413 374 illo
436 322 640 375 nitidos
663 337 898 389 unquam
926 325 1161 375 bellante
1189 326 1425 392 capillos

164 405 429 458 Comere:
468 422 575 456 uon
604 405 796 456 solitos
824 423 1148 471 gemmarum
1179 425 1391 460 sumere
1415 410 1610 465 cultus,

165 489 502 541 Numinibus
526 489 776 556 votisque
805 507 989 553 vacas,
1011 501 1066 543 et
1086 495 1339 559 supplice
1368 497 1514 546 crine

164 574 359 626 Verris
383 574 621 624 humum.
697 576 909 627 Teritur
934 578 1193 637 neglectae
1221 579 1390 640 gratia
1414 579 1603 633 formae

165 655 300 709 Cum
331 658 552 724 proprio
577 658 809 710 reditura
834 661 979 711 viro:
1018 675 1121 710 nec
1148 659 1337 710 deside
1363 677 1495 713 cura

165 742 361 808 Segnis
391 749 590 795 marcet
615 760 791 796 amor:
831 745 1045 796 laudem
1074 744 1361 811 prudentia
1378 745 1508 796 belli

165 825 450 879 Foeminea
477 844 574 893 pro
602 836 756 894 parte
782 831 944 881 subit.
1025 829 1169 880 Dum
1193 830 1449 895 gentibus
1472 830 1560 882 ille

166 908 442 975 Confligit,
473 912 621 975 vigili
646 920 705 963 tu
737 913 1008 980 prospicis
1035 914 1218 965 omnia
1246 930 1436 966 sensu:

166 993 258 1046 Ne
282 994 411 1061 quid
442 996 494 1044 in
519 996 816 1060 absentem,
845 999 1138 1050 virtutibus
1159 999 1322 1050 obvia
1349 1014 1578 1066 semper,

167 1075 395 1129 Audeat
420 1078 644 1130 invidiae
670 1081 869 1143 rabieS,
895 1097 1000 1132 neu
1026 1098 1206 1134 rumor
1231 1083 1471 1148 iniquus,

1871 998 1977 1051 230

165 1212 343 1262 Serena,
362 1226 553 1264 nunquam
570 1214 794 1254 sustinuisti
812 1229 949 1266 ornare
966 1218 1090 1256 crines
1120 1226 1212 1257 tuos
1229 1220 1430 1263 micantes,
1448 1230 1523 1258 non
1539 1230 1674 1269 capere
1683 1217 1880 1268 fulgorem
1897 1230 1982 1258 con-

164 1269 314 1306 suetum
333 1268 657 1316 margaritarum.-
682 1272 812 1307 studes
828 1270 906 1307 diis
924 1270 1108 1313 orandis,
1124 1276 1163 1309 et
1183 1271 1498 1318 rotissaciendis‚
1516 1275 1552 1309 et
1569 1272 1719 1320 cupillis
1747 1271 1880 1322 effusis
1895 1271 1980 1310 abs-

166 1320 293 1369 tergis
326 1323 486 1358 terram.
551 1320 740 1359 Venustus
754 1323 1053 1371 pulchritudinis
1071 1326 1256 1373 despecta»
1276 1325 1382 1370 jace!
1409 1335 1612 1361 reversura
1640 1336 1724 1362 cum
1744 1325 1881 1362 marito
1897 1336 1981 1362 suo.

167 1373 304 1423 Neque
325 1378 465 1412 tamen
487 1385 593 1411 amor
623 1374 859 1426 conjugalis
889 1376 1014 1413 lentus
1040 1388 1132 1413 eura
1160 1376 1279 1425 pigra
1311 1376 1518 1414 minuitur.
1573 1375 1777 1426 Sapientia
1805 1383 1878 1414 tua
1907 1375 1987 1413 obit

166 1425 307 1465 bellum
325 1425 529 1474 laudabile,
546 1428 752 1465 secundum
770 1426 873 1465 vires
899 1428 1127 1467 muliebres.-
1154 1430 1245 1467 dum
1276 1429 1341 1466 ille
1359 1427 1535 1466 Stilicho
1565 1433 1710 1477 pugna!
1734 1436 1883 1466 contra
1905 1428 1987 1466 Na·

164 1478 365 1526 tionthu
382 1479 573 1528 proevides
601 1480 747 1517 cunctis
765 1481 876 1518 rebus
893 1481 1021 1518 animo
1049 1481 1199 1530 sag-aci.
1261 1483 1320 1519 Ne
1335 1481 1454 1528 furor
1482 1482 1617 1519 livoris
1645 1493 1792 1531 semper
1809 1480 1987 1519 inimicus

167 1531 380 1571 virtutibus
406 1531 509 1570 ausit
526 1532 715 1583 suscipere
732 1532 881 1583 aliquid
906 1537 1043 1571 contra
1059 1534 1254 1572 absentem
1273 1534 1489 1581 maritum,
1503 1545 1598 1573 neve
1619 1533 1735 1581 fama
1765 1534 1921 1584 injusta,
1949 1536 1986 1572 et

931 1640 974 1654 ‘O
981 1640 1219 1664 ‘OOOq‘O‘OO

167 1714 249 1752 222
276 1724 443 1764 unquam
461 1718 547 1753 tres
562 1713 681 1754 Med.
703 1714 785 1755 inc.
805 1714 959 1753 Heius.
973 1714 1137 1754 Bonon.
1153 1714 1235 1753 dno
1252 1712 1399 1753 Ambr.
1419 1714 1526 1753 Exc.
1549 1714 1727 1753 Lucens.
1749 1725 1811 1763 ρι’.
1828 1724 1987 1762 usquam

168 1767 274 1806 Exc.
291 1766 388 1806 Pat.
407 1770 632 1806 rem—223
659 1768 788 1806 solitis
806 1768 924 1807 Med.
945 1779 1030 1807 sec.
1052 1767 1196 1815 funere
1216 1780 1291 1817 pro
1306 1779 1456 1806 sumere
1470 1767 1566 1806 Pal.
1590 1766 1705 1805 Med.
1726 1774 1863 1817 quart.
1876 1767 1982 1804 Exc.

169 1818 354 1858 Lucem.
389 1823 591 1870 pr.—224
618 1821 791 1871 votisque
810 1827 991 1872 quatuor
1026 1821 1130 1860 Vatt
1174 1821 1320 1859 votisve
1340 1821 1423 1859 duo
1447 1820 1563 1858 Med.
1585 1819 1717 1858 Gesn.
1741 1825 1785 1857 et
1817 1818 1884 1858 ed.
1914 1818 1987 1857 Bi-

167 1876 290 1922 pont.
318 1885 430 1911 uocas
446 1874 548 1912 Vat.
581 1885 668 1913 sec.
696 1875 761 1912 sed
792 1875 962 1924 supplice
983 1874 1082 1913 Put.
1102 1875 1270 1924 simplice
1291 1873 1450 1911 anlid.
1478 1884 1589 1911 crure
1620 1884 1698 1922 pro
1726 1871 1830 1910 crine
1845 1871 1987 1910 Oxon.

170 1928 389 1965 sem—225
426 1926 557 1965 Verris
572 1926 726 1965 humum
740 1940 754 1966 .·
774 1926 975 1966 Heinsius
993 1927 1252 1977 ascripserat
1268 1926 1447 1965 Hei-ald.
1470 1926 1511 1963 in
1528 1924 1690 1963 Aruob.
1711 1937 1752 1974 p.
1763 1927 1828 1963 47.
1843 1924 1993 1973 tegitur

168 1978 271 2017 Vat.
292 1983 392 2018 tert.
423 1979 566 2017 teritur·
583 1979 667 2018 duo
694 1979 814 2019 Med.
829 1979 913 2018 inc.
940 1980 1085 2018 Heius.
1107 1980 1206 2017 Pul.
1237 1980 1397 2018 '1¹liuan.
1422 1978 1586 2016 Bouon.
1615 1979 1698 2016 duo
1720 1977 1872 2016 Petav.
1904 1975 1988 2014 duo

171 2029 324 2070 Ambr.
360 2032 517 2071 Moret.
538 2044 599 2082 pr.
622 2033 763 2072 Oxou.
795 2044 882 2071 sec.
909 2032 1072 2070 Buslid.
1102 2032 1211 2071 cod.
1232 2031 1380 2082 Epigr.
1410 2029 1533 2070 Amb.
1564 2029 1719 2069 Sched.
1741 2029 1856 2069 Gud.
1884 2029 1991 2068 Exc.

169 2084 272 2124 Pat.
297 2095 381 2123 rec.
414 2085 595 2124 Lucens.
625 2097 690 2136 pr.
719 2084 816 2124 Ald.
849 2084 919 2124 ed.
948 2084 1093 2123 Parui.
1117 2085 1248 2134 gloria
1283 2096 1360 2134 pro
1384 2085 1521 2133 gratia
1538 2082 1836 2122 Bosana-226
1861 2081 1992 2120 desine

173 2149 252 2188 pro
269 2135 398 2177 deside
417 2137 511 2175 Pul.
535 2137 618 2177 duo
636 2136 893 2178 Med.-227
921 2138 1056 2176 molem
1081 2150 1157 2187 pro
1178 2138 1329 2189 laudem
1360 2136 1473 2186 conj.
1495 2136 1780 2174 Heius—228
1806 2135 1853 2172 de
1879 2137 1994 2184 parte

172 2190 257 2230 inc.
273 2191 426 2230 Heius.
474 2190 567 2230 tulit
587 2190 739 2230 Petav.
762 2202 825 2242 pr.
868 2192 917 2230 de
931 2190 1115 2241 gentibus
1133 2190 1294 2229 Moret.
1315 2202 1379 2240 pr.
1426 2189 1505 2228 illis
1520 2189 1621 2228 vat.
1641 2190 1862 2226 sem—⁸229
1893 2186 1995 2225 Con-

159 2243 280 2295 flixit
318 2243 465 2283 Ambr.
517 2256 584 2294 pr.
625 2255 777 2283 sensum
819 2244 916 2284 Pal.
959 2244 1076 2282 Med.
1127 2246 1325 2294 piu—230
1376 2241 1551 2281 absentes
1580 2239 1872 2279 Buslid.—-231
1927 2250 1996 2278 seu

157 2296 291 2343 seruet
324 2309 399 2346 ριό
424 2308 500 2335 neu
529 2308 660 2335 rumor
690 2296 785 2336 Pal.
819 2297 902 2335 duo
935 2296 1055 2334 Med.
1098 2308 1231 2334 rumor
1247 2295 1402 2334 Sched.
1423 2295 1537 2334 Gud.
1575 2293 1710 2339 fervor
1723 2293 1823 2332 Vat.
1857 2303 1920 2342 ρι’.
1949 2298 1996 2331 et

173 2355 314 2402 quart.
330 2349 454 2398 suror-
472 2348 622 2388 Ambr.
643 2353 744 2388 tert.
762 2348 898 2397 femur
915 2349 1015 2385 Vat.
1035 2360 1119 2388 sec.
1143 2349 1258 2386 Rott.
1275 2347 1410 2386 oisel.
1430 2348 1673 2385 Petamsee.
1691 2346 1795 2384 Exc.
1815 2345 1995 2385 Lucens.

172 2424 239 2463 pr.
268 2461 270 2463 ι
275 2411 426 2461 fremat
446 2411 553 2452 eod.
572 2409 720 2463 Epigr.
741 2411 893 2450 Ambr.
930 2402 1018 2452 s—em‘
1047 2412 1191 2462 iniquis
1218 2411 1317 2450 Vat.
1347 2414 1449 2448 tert.
1483 2408 1619 2456 femur
1643 2414 1688 2447 et
1722 2406 1995 2447 emendatum

174 2477 306 2505 rumor
329 2464 479 2506 Ambr.
510 2476 576 2516 ρι’.
603 2464 703 2504 livor
729 2465 986 2516 conjiciebat
1000 2464 1150 2505 Heius.
1176 2463 1330 2514 iniquus
1343 2462 1462 2502 Med.
1478 2469 1616 2514 quart.
1635 2461 1795 2501 Moret.
1824 2472 1889 2512 pr.
1910 2460 1994 2500 inc.

998 2596 1179 2638 No'rAE

229 2699 311 2738 222
342 2694 432 2734 Non
465 2692 627 2744 capillos
651 2690 817 2742 oomere]
859 2689 1052 2730 Absente

178 2757 410 2799 Stilichone
430 2766 597 2794 omnem
617 2754 683 2793 sui
715 2765 859 2793 curam
878 2752 1054 2804 abjicie-

178 2823 255 2862 bat
275 2822 450 2860 Serena:
470 2819 532 2858 sic
555 2825 597 2857 et
618 2817 797 2856 absente
814 2815 1054 2856 Protesilao

179 2884 409 2926 Laodamia
428 2896 480 2922 ex
497 2880 657 2922 Ovidio
676 2881 714 2919 :⁴
736 2880 829 2920 Nec
845 2878 941 2917 milii
957 2890 1055 2929 pec·

177 2948 332 2988 tendos
347 2959 447 2987 cura
462 2950 526 2985 est
545 2944 739 2997 praebere
754 2943 949 2994 capillos,
960 2940 1056 2981 Nec

177 3011 287 3051 libet
305 3015 454 3050 aurata
473 3020 655 3059 corpora
673 3015 793 3045 vesle
815 3003 933 3057 tegi!

230 3077 311 3114 224
340 3072 521 3123 Supplice
548 3070 675 3121 crine]
720 3068 920 3108 Crinibus
940 3079 1057 3118 spar-

181 3136 236 3177 sis
267 3135 309 3175 in
346 3135 526 3185 Templo
579 3132 719 3171 Deum
761 3142 874 3179 oras,
911 3140 1057 3168 eorum

181 3210 299 3239 more
328 3197 400 3250 qui
430 3196 685 3246 templorum
712 3192 857 3232 limina
892 3191 1058 3243 capillis

185 3261 435 3301 verrebant.

237 3326 316 3363 231
357 3323 522 3363 Invidia
549 3321 699 3372 rabies]
744 3321 852 3360 Haec
888 3318 1062 3359 tandem

182 3385 463 3428 Stilichonem
489 3385 688 3438 perculit,
703 3383 780 3425 sed
795 3382 949 3437 quibus
967 3394 1064 3435 par-

1117 2688 1181 2728 cit
1199 2687 1271 2726 illa
1286 2685 1448 2737 pestis?
1491 2683 1700 2724 Nimirum
1718 2695 1771 2722 ex
1787 2675 1994 2733 Pindaro,

1117 2751 1225 2800 ἴσχει
1250 2765 1298 2789 τε
1326 2748 1406 2800 ’γὰρ
1437 2747 1560 2794 ὄλβος
1590 2748 1635 2787 οὗ
1666 2746 1799 2797 μείονα
1839 2745 1998 2797 φθόνον,

1120 2814 1370 2864 Sustinetque
1389 2812 1566 2860 felicitas
1591 2823 1665 2850 nou
1693 2810 1879 2849 minorem
1895 2810 1998 2849 inui-

1119 2876 1251 2915 diam.-
1277 2880 1322 2913 et
1341 2886 1395 2913 ex
1429 2874 1675 2919 Plutarcho,
1699 2878 1745 2912 ut
1778 2870 2000 2911 Canthari-

1121 2939 1196 2979 des
1216 2938 1362 2978 tritico
1380 2936 1535 2976 laetiori
1564 2941 1608 2975 et
1626 2935 1732 2974 rosis
1749 2933 2001 2974 florentibus

1121 3002 1413 3047 innascuntur,
1428 3001 1490 3039 sic
1504 3011 1576 3039 eos
1595 2999 1726 3050 magis
1741 2997 1920 3037 infestat
1938 2997 2001 3036 in-

1121 3063 1253 3113 vidia,
1285 3063 1356 3113 qui
1377 3063 1535 3101 vin-tute
1556 3068 1627 3101 aut
1649 3060 1802 3110 opibus
1820 3058 2001 3099 florent:

1124 3133 1171 3167 et
1204 3132 1251 3166 ut
1284 3126 1399 3165 nulla
1432 3125 1549 3175 regio
1580 3132 1662 3173 est,
1689 3135 1784 3174 quae
1813 3134 1894 3160 non
1915 3122 2003 3161 alat

1126 3201 1305 3238 venena,
1322 3190 1385 3229 ita
1403 3194 1448 3227 et
1459 3187 1598 3226 nullus
1614 3189 1744 3232 locus,
1763 3186 1801 3220 in
1820 3195 1903 3234 quo
1916 3193 2003 3223 ιιοιι

1127 3255 1306 3306 pullulet
1326 3251 1479 3292 canina
1498 3262 1604 3302 gens
1623 3247 1873 3287 invidorum.
1908 3244 2003 3285 Viri

1126 3317 1208 3369 ipsi
1226 3313 1481 3356 sanctissimi
1498 3312 1621 3363 hujus
1639 3308 1759 3349 fnriae
1777 3317 1937 3346 morsus
1955 3312 2004 3347 et

1129 3379 1290 3421 rabiem
1311 3374 1602 3419 reformidant.
1626 3371 1671 3413 S.
1689 3368 2000 3420 Hieronymus:
