2300 3906
629 201 867 242 RAPTUS
909 204 1201 246 Pnosnnr.
1244 207 1364 245 nin.
1404 208 1446 247 1.
1835 198 1944 252 917

125 313 353 381 Ingenio
378 316 588 368 confisa
611 317 738 369 loci.
809 320 1092 375 Trinacria
1117 325 1393 392 quondam
1838 329 1945 382 140

124 395 309 451 Italiae
334 416 464 466 pars
487 417 596 453 una
620 401 751 455 fuit:
792 407 884 457 sed
908 412 1102 474 pontus
1128 414 1181 461 et
1204 415 1372 462 aestus

125 479 417 534 Mutavere
444 485 625 535 situm.
700 486 872 555 Rupit
896 491 1132 543 confinia
1156 492 1374 546 Nereus

125 564 340 629 Victor,
366 574 418 618 et
444 570 725 623 abscissos
750 573 988 627 interluit
1013 593 1239 643 aequore
1262 583 1495 644 monteS,

125 647 417 717 Parvaque
443 645 705 720 cognatas
730 659 1024 724 prohibent
1050 660 1368 714 discrimina
1400 667 1591 719 terras.

127 732 295 785 Nunc
324 735 495 799 illam,
525 740 681 791 socia
704 747 913 810 raptam
940 745 1148 807 tellure,
1176 747 1460 799 trisulcam
1838 751 1949 803 145

124 897 283 936 delicias
311 909 354 935 m
374 898 524 959 *Sicilia
538 914 565 962 ς.
595 904 784 963 confidens
814 906 896 946 situ
929 909 1016 947 loci.
1071 908 1209 950 Sicilia
1238 911 1329 950 olim
1352 912 1438 961 suit
1466 925 1542 952 una
1568 925 1662 964 pars
1699 913 1842 963 Italioe,
1879 914 1945 953 sed

112 949 263 1012 fluctus
281 962 403 989 maris
418 957 584 992 mutavzt
597 960 712 995 satum
733 958 869 999 illius:
900 962 1106 1013 Neptunus
1123 964 1363 1015 triumphans
1383 965 1516 1016 fregit
1545 967 1703 1016 limites,
1719 971 1756 1005 et
1772 971 1945 1018 permeat

123 1014 245 1066 maris
270 1008 416 1043 montes
442 1006 667 1057 abruptosa
699 1022 742 1049 se
776 1011 974 1064 invicem,
1012 1020 1049 1054 et
1079 1029 1203 1067 parva
1232 1017 1438 1059 intervalla
1466 1024 1648 1071 separant
1683 1024 1808 1058 terras
1840 1025 1939 1059 ante

125 1060 357 1105 comum-tas.
413 1058 572 1099 Natura
591 1074 690 1101 nunc
706 1063 836 1114 objicit
865 1068 966 1106 mari
997 1069 1106 1109 illam
1134 1070 1322 1110 Siciliam
1340 1073 1591 1124 triangulam,
1607 1074 1776 1113 avulsam
1794 1086 1818 1112 a
1835 1077 1942 1113 terra

891 1173 1182 1190 eeeeeeeeeeee

126 1227 275 1269 deerat
296 1236 436 1272 autem
458 1233 500 1272 in
520 1234 673 1276 Petav.
696 1249 761 1287 pr.
793 1243 837 1278 et
856 1239 961 1280 Exc.
993 1240 1143 1279 Petav.
1175 1247 1317 1292 quart.
1347 1242 1389 1281 in
1410 1243 1492 1283 inc.
1512 1243 1661 1282 Heius.
1683 1249 1771 1282 tres
1790 1243 1830 1282 hi
1851 1254 1945 1283 ver-

127 1291 197 1322 sus
214 1283 256 1322 in
278 1283 362 1324 fine
382 1286 477 1325 libri
498 1288 647 1338 scripti
670 1296 804 1329 erant.
860 1292 1074 1343 Siculisque
1092 1294 1230 1344 relegit
1248 1295 1290 1333 in
1309 1296 1387 1334 oris
1404 1296 1526 1335 Voss
1549 1308 1612 1346 pr.
1641 1296 1862 1347 Siculasque
1878 1308 1947 1347 per

123 1348 212 1376 oras
227 1338 348 1377 Voss
369 1350 452 1379 sec.
497 1340 582 1379 Hic
604 1354 704 1381 vero
733 1344 775 1381 in
795 1344 983 1383 Florent.
1014 1345 1141 1385 duob.
1174 1347 1292 1386 Med.
1324 1347 1435 1398 Reg.
1466 1349 1619 1387 Pet-av.
1653 1361 1737 1388 sec.
1767 1355 1810 1388 et
1842 1353 1947 1389 tert.

124 1390 292 1431 Bonon.
308 1392 474 1433 Tholos.
497 1393 645 1441 HeinS.
670 1395 722 1435 H.
743 1401 788 1435 et
820 1396 903 1436 inc.
937 1397 1073 1448 ejusd.
1105 1399 1238 1438 multa
1258 1399 1435 1439 deerant
1466 1413 1597 1452 usque
1628 1401 1680 1439 ad
1710 1413 1771 1439 vs.
1790 1405 1882 1441 214.
1902 1401 1946 1440 in

124 1443 224 1483 Vat.
245 1449 347 1483 tert.
369 1452 507 1494 quart.
529 1452 572 1486 et
592 1448 685 1487 Pal.
706 1455 799 1488 erat
832 1462 1000 1501 quoque
1033 1451 1172 1490 hiatus
1205 1452 1257 1492 ad
1290 1466 1350 1492 vs.
1382 1457 1607 1493 217.-141
1634 1457 1829 1504 pontus-et
1847 1458 1945 1494 aetaa

123 1495 226 1557 Put.
247 1498 353 1537 Exc.
374 1498 526 1538 Petav.
540 1505 812 1550 quart—142
831 1503 938 1552 rupit
958 1504 1062 1543 Exc.
1083 1505 1207 1543 Laeti.
1227 1507 1359 1555 rapuit
1381 1507 1485 1545 Cod.
1507 1507 1742 1546 Bartholin.
1760 1506 1948 1548 chartac.

126 1548 277 1589 Heius.
309 1550 454 1591 Ambr.
490 1558 590 1591 tert.
623 1554 728 1592 Exc.
760 1555 912 1594 Petav.
946 1560 1082 1607 quart.
1116 1556 1185 1595 ed.
1215 1559 1490 1598 νήει-143
1519 1560 1683 1598 abscisos
1713 1559 1796 1597 duo
1827 1560 1949 1600 Vatt.

123 1602 318 1654 interfluit
334 1605 434 1644 Vat.
454 1617 541 1644 sec.
574 1611 618 1646 et
646 1607 782 1658 quint.
810 1620 867 1647 m.
899 1618 983 1647 sec.
1015 1608 1166 1649 Ambr.
1189 1615 1293 1650 tert.
1315 1612 1398 1650 duo
1425 1612 1548 1650 Voss.
1570 1611 1676 1651 Cod.
1710 1612 1947 1653 Bartholin.

125 1653 229 1696 Jun.
264 1668 349 1696 sec.
384 1663 469 1698 vet.
500 1659 603 1709 Gyr.
627 1661 728 1698 Vat.
760 1660 895 1701 Livin.
936 1662 1114 1701 interluit
1150 1663 1309 1702 Moret.
1344 1676 1406 1715 pr.
1437 1664 1588 1714 Virgil.
1623 1664 1728 1703 ΖΕΗ,
1751 1676 1819 1703 ιιι.
1851 1668 1944 1705 418.

122 1707 134 1727 ‘
157 1720 342 1761 arvaque
369 1716 413 1750 et
435 1712 561 1751 urbes
576 1713 746 1753 -Littore
766 1714 962 1754 diductas
983 1721 1161 1767 angusto
1186 1716 1382 1756 interluit
1409 1717 1681 1756 aestu.'—144
1712 1717 1948 1767 Cognatis...

124 1763 244 1801 terris
268 1764 379 1815 conj.
409 1765 560 1805 Heius,
607 1771 790 1815 cognatas
820 1768 887 1806 vel
918 1768 1100 1819 conjungi
1130 1770 1252 1809 Voss.
1281 1773 1500 1810 sem—145
1533 1771 1645 1809 Nunc
1674 1771 1774 1810 Vat.
1806 1771 1943 1822 quint.

127 1814 234 1856 Cod.
261 1817 498 1859 Bartholin.
541 1819 634 1859 Non
660 1821 767 1860 Exc.
803 1821 953 1862 Petav.
987 1827 1130 1873 quart.
1172 1823 1287 1863 Nunc
1305 1824 1372 1863 vel
1394 1823 1502 1863 Hinc
1519 1824 1620 1863 Vat.
1656 1834 1739 1862 sec.
1758 1824 1880 1863 Voss.
1902 1828 1947 1863 et

956 1919 1129 1960 NOTAE

129 2006 214 2049 qua
231 2007 353 2035 omne
370 1997 568 2048 gaudium
588 2010 707 2038 suum
729 1999 983 2041 collocabat.
1074 2002 1402 2054 quasivictrices
1415 2002 1457 2041 in
1472 2002 1649 2042 sublime
1665 2002 1769 2042 ferri
1783 2001 1950 2052 videas;

184 2060 262 2097 140
293 2058 456 2107 Ingenio
472 2059 565 2110 loci]
607 2060 835 2101 Confidens
865 2061 909 2100 in
938 2074 1011 2101 na·
1070 2064 1196 2103 modo
1224 2064 1292 2103 hic
1323 2064 1537 2104 fremitum
1565 2065 1769 2104 ferventis
1804 2069 1949 2113 aestus,

130 2123 228 2160 tura
262 2125 307 2160 et
333 2120 416 2160 situ
449 2123 611 2172 insulae,
640 2136 734 2175 quae
767 2137 849 2163 non
875 2125 1010 2164 solum
1071 2126 1197 2166 modo
1216 2127 1302 2165 illic
1319 2128 1522 2177 gemitum
1552 2128 1594 2166 in
1612 2127 1855 2177 voraginem
1877 2124 1948 2164 de·

129 2183 234 2222 mari
255 2184 515 2234 cingeretur,
544 2185 620 2224 sed
650 2192 695 2226 et
723 2187 886 2238 duplici
915 2200 1012 2239 gur·
1073 2188 1250 2228 sidentis
1271 2189 1485 2228 exaudias.

131 2245 236 2297 gite,
254 2246 399 2298 Scylla
411 2252 456 2286 et
475 2248 710 2300 Charybdi,
725 2254 771 2288 et
786 2255 928 2289 monte
953 2251 1015 2301 ig-

134 2307 266 2349 nifluo
286 2310 540 2350 muniretur.
597 2311 823 2362 Ingenium
852 2311 1014 2363 optime

132 2372 372 2412 traducitur
392 2372 444 2411 ad
465 2385 532 2412 res
546 2373 779 2413 inanimus:
801 2374 812 2396 ‘
835 2377 880 2413 et
899 2374 1010 2425 prati

130 2436 228 2476 viva
267 2437 463 2488 voluptas
499 2436 666 2487 ingenio
711 2437 874 2477 variata
905 2436 1013 2477 suo.'

133 2499 409 2540 Claudianus.

189 2563 412 2616 Trinacria]
422 2562 559 2615 Ἄκρα,
565 2564 882 2617 promontorium,
894 2565 1010 2616 τρεῖς,

136 2630 244 2666 tres:
286 2627 345 2667 sic
362 2628 577 2667 Trinacria
607 2628 723 2667 dicta
747 2633 814 2668 est
829 2641 854 2667 a
874 2628 1009 2667 tribus

134 2690 450 2741 promontoriis.
499 2690 626 2730 Unde
647 2696 691 2730 et
711 2690 862 2731 Strabo
885 2704 895 2730 ε
927 2689 1012 2729 ἔστι

133 2751 176 2791 δὲ
190 2751 215 2800 ἦ
229 2751 388 2793 Σικελία
404 2746 589 2805 τρίγὼνος
598 2755 654 2804 τῷ
668 2753 859 2805 σχήματι,
873 2753 936 2794 καὶ
952 2753 1014 2794 διὰ

134 2817 251 2855 τοῦτο
269 2815 465 2867 τρινακρία
481 2831 491 2856 :
523 2818 599 2856 Est
624 2830 713 2856 vero
730 2817 868 2857 Sicilia
874 2818 1013 2870 figura

135 2879 351 2930 triangula,
383 2884 421 2919 et
450 2880 535 2919 ideo
571 2881 777 2921 Trinacria
807 2881 939 2933 dicta,
967 2886 1013 2921 et

136 2940 381 2994 Triquetra.

192 3008 268 3045 141
301 3005 435 3045 Italiae
460 3017 556 3055 pars
588 3017 664 3044 una
683 3004 790 3056 fuit]
827 3005 1011 3046 Siciliam

137 3068 301 3123 antiqui
320 3068 596 3108 crediderunt
631 3081 656 3107 a
674 3069 912 3109 continenti
931 3070 1016 3110 Ita-

137 3132 206 3171 liae
226 3131 355 3172 maris
374 3132 538 3183 impetu
556 3129 686 3170 fuisse
707 3132 907 3171 avulsam.

193 3194 350 3247 AEstus]
389 3194 526 3235 Atrox
560 3200 606 3234 et
637 3199 800 3234 torrens
834 3194 1013 3240 fretum:

138 3257 207 3298 hic
225 3258 337 3298 enim
357 3258 566 3298 undarum
584 3258 627 3297 in
654 3270 700 3298 se
728 3259 1019 3299 concurrenti-

140 3330 211 3361 um
230 3325 355 3365 tanta
374 3333 517 3373 pugna
543 3327 626 3372 est,
655 3326 705 3362 ut
731 3322 858 3362 modo
889 3322 1021 3362 veluti

140 3381 356 3436 fugientes
393 3383 437 3425 in
473 3382 605 3425 imum
637 3382 849 3437 desidere,
896 3384 1021 3428 modo

1130 2254 1208 2290 142
1239 2251 1409 2301 Nereus]
1451 2252 1618 2291 Nereus
1646 2257 1691 2289 et
1725 2251 1950 2300 Neptunus

1071 2324 1186 2364 saepe
1219 2311 1543 2352 confunduntur.
1618 2313 1843 2363 Neptunus
1878 2311 1951 2350 tri·

1073 2376 1212 2415 dentis
1231 2376 1320 2416 ictu
1342 2375 1515 2414 insulam
1535 2374 1587 2414 ab
1606 2374 1735 2414 Italia
1754 2372 1950 2423 abscidit,

1079 2445 1126 2479 ut
1144 2438 1254 2478 filius
1273 2437 1454 2478 Acastus
1484 2437 1617 2477 tutior
1636 2442 1747 2476 esset
1781 2436 1833 2475 ab
1852 2436 1952 2475 insi-

1079 2500 1159 2540 diis
1194 2499 1330 2549 AEoli;
1373 2500 1445 2552 qui
1484 2499 1680 2548 Acastus,
1716 2498 1950 2538 secundum

1077 2562 1333 2614 Diodorum,
1364 2563 1576 2614 Rhegium
1608 2563 1783 2602 tenebat
1810 2562 1853 2601 in
1879 2574 1952 2602 ex-

1079 2633 1215 2667 trema
1235 2630 1357 2678 parte
1376 2626 1533 2665 Italiae.
1918 2678 1920 2680 v

1133 2693 1209 2730 143
1244 2688 1398 2739 Victor]
1426 2687 1636 2739 Abruptis
1654 2686 1883 2737 montibus,
1902 2690 1953 2726 ut

1079 2751 1281 2792 volebat:
1330 2763 1426 2790 nam
1446 2750 1534 2790 voti
1562 2760 1750 2800 compos,
1767 2757 1812 2789 et
1831 2747 1955 2789 effec-

1081 2820 1150 2855 tor
1169 2813 1392 2866 propositi,
1411 2813 1546 2851 victor
1561 2811 1732 2851 dicitur.

1135 2877 1340 2929 Interzuit]
1391 2877 1488 2926 Vel,
1520 2881 1567 2915 nt
1591 2875 1663 2914 alii
1691 2875 1856 2924 legunt,
1892 2872 1955 2912 in·

1077 2943 1295 2996 terfluit,id
1308 2940 1609 2993 est‚fluitinter
1623 2939 1828 2990 abruptos
1838 2949 1956 2977 mon·

1081 3014 1161 3057 tes,
1191 3014 1233 3046 et
1251 3007 1331 3046 hoc
1352 3010 1420 3045 est
1438 3003 1596 3044 fretum
1613 3003 1714 3043 illud
1733 3000 1955 3043 famosum.

1139 3072 1217 3109 144
1247 3069 1380 3109 Parva
1396 3064 1641 3118 discrimina]
1670 3064 1803 3105 Quasi
1814 3062 1959 3103 Sicilia

1084 3132 1218 3183 magis
1234 3131 1348 3171 inter
1365 3129 1633 3170 continentes
1648 3126 1782 3176 accipi
1799 3128 1958 3176 posset,

1085 3193 1198 3246 quod
1211 3192 1379 3233 modico
1394 3190 1509 3230 freto
1525 3189 1578 3231 ab
1590 3189 1716 3231 Italia
1726 3185 1956 3227 dividatur.

1141 3260 1216 3296 145
1260 3253 1496 3304 Trisulcam]
1545 3251 1755 3294 Trisulcus
1797 3252 1863 3287 est
1908 3245 1954 3287 id

1087 3319 1198 3372 quod
1218 3319 1347 3359 habet
1367 3317 1449 3357 tria
1467 3314 1672 3362 acumina,
1700 3317 1748 3351 ut
1777 3310 1864 3352 tela
1882 3310 1957 3350 tri-

1087 3382 1202 3425 sulca
1219 3381 1367 3433 Jovis;
1397 3380 1464 3433 vel
1493 3382 1572 3418 tres
1598 3377 1751 3427 linguas
1779 3385 1833 3415 ex
1852 3372 1956 3415 Ovi·
