2300 3906
401 256 508 310 516
974 266 1069 306 cn.
1110 261 1465 303 anumANr
1507 261 1649 316 xix.

403 388 518 442 Aut
537 387 680 441 idem
705 385 927 455 cupiant
949 384 1147 453 pelago
1171 385 1222 434 te
1245 397 1482 448 mergere
1506 380 1674 442 venti,

474 472 732 526 Gildonis
754 486 924 537 nuper
949 467 1045 536 qui
1069 473 1288 520 tenuere
1313 464 1518 531 fugam.
1783 468 1787 472 '
2152 460 2223 513 70

402 558 619 626 Inclyta
643 556 867 623 captivo
891 556 1214 604 memoratur
1236 549 1489 601 Tabraca
1516 547 1745 599 Mauro:

476 640 780 707 Naufragio
808 638 1024 706 Cyprus
1051 637 1122 687 sit
1145 630 1498 686 memoranda
1523 634 1634 682 tuo.

404 723 709 776 Venturum
732 723 969 773 moriens
993 720 1189 772 frustra
1213 717 1468 784 delphina
1492 713 1723 768 vocabis
1744 729 1758 768 t

475 806 568 859 Ad
591 813 781 860 terram
805 807 956 857 solos
983 803 1201 856 devehit
1221 802 1312 853 ille
1338 801 1506 853 viros.

409 890 676 959 Quisquis
702 889 878 941 adhuc
904 889 1112 940 similes
1133 886 1411 939 eunuchus
1437 882 1608 935 tendit
1630 883 1690 934 in
1717 886 1898 947 actUS,
2154 882 2228 935 75

477 974 801 1042 Respiciens
827 970 1067 1040 Cyprum
1094 971 1308 1022 desinat
1332 983 1459 1018 esse
1482 967 1660 1019 ferox.

404 1139 593 1192 effugium
611 1137 807 1187 Giezonis,
824 1140 974 1176 tentent
993 1141 1032 1176 te
1049 1136 1297 1186 submergere
1317 1134 1431 1174 mari.
1472 1134 1643 1174 Tabraca
1663 1134 1830 1174 illustris
1846 1135 2096 1186 proedicatur,
2109 1135 2229 1175 Man·

403 1207 448 1232 ro
467 1197 592 1243 capto.
651 1192 804 1243 Cyprus
831 1192 884 1229 sit
899 1191 1148 1241 praedicanda
1173 1188 1379 1238 aaffragio
1397 1193 1478 1227 tuo.
1526 1187 1728 1227 Inutiliter
1745 1188 1970 1239 implorabis
1985 1189 2114 1228 obiens
2132 1189 2229 1228 Del-

401 1247 563 1297 phinum
578 1249 822 1296 portaturum
840 1251 883 1283 te
901 1260 910 1291 ;
949 1245 1015 1282 ille
1032 1247 1162 1294 portat
1181 1244 1232 1281 ad
1262 1241 1374 1280 littus
1391 1243 1497 1280 viros
1514 1253 1621 1281 unos,
1675 1242 1913 1293 Quicumque
1932 1243 2125 1283 eunuchus
2143 1254 2228 1281 rer-

405 1300 458 1339 tit
476 1311 520 1339 se
539 1300 589 1338 ad
597 1297 713 1347 sacta
726 1298 857 1349 paria,
875 1302 1050 1349 spectans
1072 1298 1245 1348 Cyprum
1262 1299 1378 1335 cesset
1392 1307 1471 1334 esse
1489 1295 1667 1335 crudelis.

1169 1430 1461 1446 θθθθθθθθθθθθ

409 1527 509 1567 Put.
541 1526 703 1566 Mazar.
729 1526 828 1566 Pat.
860 1525 1007 1567 Ambr.
1039 1537 1102 1577 pr.
1130 1529 1288 1566 teneant
1314 1538 1361 1565 ue
1393 1529 1432 1564 te
1456 1529 1639 1577 quatuor
1657 1525 1776 1565 Vatt.
1802 1525 1929 1569 Farn.
1948 1526 2070 1565 Rott.
2092 1524 2229 1565 Oisel.

405 1580 546 1620 Vicet.
566 1580 709 1621 Parm.
728 1580 848 1620 Jnnt.
881 1579 982 1620 Ald.
1016 1580 1169 1630 Isingr.
1203 1580 1341 1619 Colin.
1381 1579 1550 1629 Gryph.
1595 1578 1638 1617 in
1656 1580 1782 1618 altum
1803 1580 1904 1618 Lov.
1925 1579 2044 1618 Med.
2071 1591 2156 1619 sec.
2187 1580 2230 1618 in

405 1645 537 1682 aequor
562 1633 680 1672 Med.
700 1636 950 1684 quart.—69
981 1634 1070 1672 Hac
1100 1633 1202 1672 ‘idem
1231 1633 1348 1672 Prie.
1379 1633 1532 1682 cupient
1550 1633 1652 1671 Vat.
1685 1638 1785 1671 tert.
1806 1632 1926 1671 Med.
1958 1645 2044 1672 sec.
2071 1632 2232 1682 rapiant

404 1685 527 1726 Med.
547 1691 647 1726 tert.
673 1687 893 1735 demergere
912 1687 1013 1725 vat.
1043 1687 1178 1738 quint.
1196 1684 1365 1735 jungere
1384 1686 1450 1723 vel
1482 1697 1656 1735 mergere
1686 1685 1829 1724 Oxon.
1862 1689 2038 1737 pr.-—70
2069 1686 2232 1725 Gildoni

407 1739 526 1779 Rott.
544 1739 664 1778 Med.
684 1751 769 1778 sec.
786 1740 912 1792 fidem
929 1739 1135 1778 Pau-71
1166 1743 1369 1777 veneratur
1384 1738 1552 1777 Tholos.
1586 1737 1779 1777 Tarbraca
1796 1739 1937 1780 Oxon.
1958 1751 2026 1789 pr.
2059 1738 2233 1779 Trabaca

404 1791 507 1832 Var.
527 1793 614 1831 LL.
634 1791 704 1831 ed.
725 1791 855 1832 Antv.
898 1793 1040 1830 Maure
1057 1793 1125 1830 vel
1158 1792 1301 1830 Mauro
1318 1791 1472 1830 Petav.
1503 1794 1714 1829 terh—72
1726 1791 1780 1846 fit
1799 1792 1899 1831 Vat.
1919 1797 2021 1832 tert.
2040 1792 2232 1834 Florent.

406 1844 560 1883 Petav.
599 1849 699 1883 tert.
736 1844 818 1883 duo
839 1845 1090 1884 Oxum—73
1128 1845 1342 1884 Venturum
1372 1844 1475 1883 Lov.
1495 1843 1670 1882 Tholos.
1691 1845 1811 1882 Prie.
1828 1845 1949 1884 Med.
1980 1857 2063 1884 sec.
2085 1858 2142 1884 m.
2164 1858 2231 1897 pr.

405 1897 504 1936 Vat.
537 1903 677 1948 quart.
699 1897 783 1935 inc.
815 1898 963 1936 Heins.
987 1903 1073 1935 tres
1103 1898 1258 1935 Petav.
1286 1895 1467 1935 totidem
1496 1894 1645 1935 Ambr.
1665 1897 1732 1934 ed.
1756 1897 1898 1936 Vicet.
1935 1898 2143 1937 Vecturum
2162 1899 2232 1939 vel

413 1950 627 1989 Venturum
661 1951 878 2000 Reg.—74
923 1953 1050 1988 terras
1081 1950 1177 1988 Pal.
1199 1949 1315 1987 Prie.
1335 1948 1454 1987 Med.
1486 1961 1550 1999 pr.
1581 1962 1706 1988 mares
1735 1950 1889 1989 Sched.
1912 1951 2026 1990 Gud.
2056 1955 2148 1991 deos
2163 1953 2234 1993 vel

405 2003 511 2041 viros
529 2001 648 2042 Med.
670 2006 862 2042 sec.—75
894 2002 1103 2041 Eunuchus
1123 2001 1243 2041 Leid.
1265 2013 1332 2052 pr.
1354 2002 1461 2041 Exc.
1482 2003 1660 2042 Lucens.
1684 2015 1768 2042 sec.
1798 2005 1980 2044 Eunuchi
1999 2005 2121 2045 Leid.
2143 2018 2230 2046 sec.

409 2061 453 2093 et
481 2055 665 2094 maxima
694 2067 792 2106 pars
824 2055 957 2094 Codd.
994 2056 1098 2095 Exc.
1135 2055 1242 2094 Laeti
1275 2061 1321 2094 et
1351 2055 1530 2094 Gevart.
1560 2062 1603 2095 et
1633 2055 1699 2095 ed.
1727 2057 1871 2097 Vicet.
1928 2059 2142 2099 Eunuchus
2161 2060 2232 2098 vel

410 2109 592 2148 Eunuchi
627 2109 728 2147 Vat.
756 2120 821 2159 pr.
861 2109 993 2148 tendet
1027 2109 1112 2147 inc.
1133 2108 1285 2147 Heins.
1325 2110 1374 2146 ad
1401 2113 1510 2147 actus
1539 2109 1638 2147 Vat.
1669 2115 1772 2150 tert.
1792 2110 1859 2150 ed.
1884 2112 2030 2151 Parm.
2060 2113 2101 2152 in
2121 2117 2231 2152 actus

410 2160 530 2201 Leid.
563 2173 654 2201 sec.
680 2174 774 2200 cum
809 2160 963 2212 viginti
996 2167 1177 2213 quatuor
1207 2162 1318 2210 aliis,
1348 2162 1452 2201 Exc.
1486 2163 1668 2202 Lucens.
1696 2175 1781 2203 sec.
1811 2170 1856 2204 et
1876 2166 2056 2206 Gevart.
2077 2166 2233 2208 sched.

410 2213 631 2254 Gud.—76
659 2214 860 2266 Respiciat
880 2215 1000 2255 Rott.
1022 2215 1139 2255 Med.
1159 2227 1247 2255 sec.
1275 2215 1504 2267 Despiciens
1524 2215 1641 2257 Med.
1661 2223 1801 2269 quart.

1224 2363 1400 2407 NOTAE

462 2470 515 2506 69
548 2467 682 2520 Venti]
737 2467 874 2509 Amici
889 2453 1192 2523 Romanorum,
1208 2473 1284 2512 ini·
1351 2474 1517 2514 deletus
1533 2479 1599 2515 est
1619 2474 1749 2516 Gildo
1769 2476 1963 2516 Maurus.

410 2529 510 2569 mici
531 2541 674 2569 eorum
704 2530 776 2582 qui
807 2543 898 2571 rem
925 2534 1158 2574 Romanam
1188 2548 1283 2587 pes·
1404 2541 1455 2577 73
1484 2538 1703 2589 Delphina]
1767 2539 1830 2579 Ut
1866 2539 1984 2579 illum
2016 2539 2234 2584 invocavit

413 2591 611 2631 sumdare
630 2592 793 2632 volunt.
1351 2597 1503 2652 Arion,
1524 2606 1568 2640 et
1585 2600 1638 2641 ab
1657 2613 1708 2642 eo
1723 2601 1892 2642 delatus
1910 2601 2152 2646 incolumis,

464 2656 489 2692 Ἰ
496 2657 514 2693 1
550 2653 739 2705 Tabraca]
775 2655 889 2696 Urbs
906 2656 1072 2711 Libyae,
1092 2659 1146 2699 ad
1157 2662 1285 2713 quam
