2300 3906
648 193 709 231 IN
757 190 1124 230 EUTROPHJM
1165 189 1284 229 Lm.
1323 189 1389 228 11.
1816 180 1921 232 569

109 309 311 362 Tendit
334 309 404 362 ad
429 308 651 361 Italiam
677 310 919 376 supplex
945 308 1160 363 Aurora
1183 312 1477 376 potentem,

111 392 243 444 Non
266 392 434 444 radiis
460 391 712 442 redimita
738 408 974 456 comam,
998 410 1100 445 nec
1128 393 1386 445 flammea
1408 391 1637 454 vultum,

112 475 234 527 Nec
259 489 509 525 croceum
533 473 736 524 vestita
759 475 902 526 diem
924 492 936 527 z
975 481 1088 528 stat
1109 476 1276 528 livida
1300 477 1488 541 luctu3

111 557 311 622 Qualis
336 560 470 618 erat,
498 556 736 624 Phrygio
761 562 967 624 tegeret
993 575 1123 610 cum
1145 558 1452 610 Memnona
1474 559 1655 611 busto,
1820 558 1927 610 530

112 639 294 704 Quam
320 640 483 691 simul
507 641 729 706 agnovit
754 641 1034 706 Stilichon‚
1068 641 1197 711 (nec
1223 657 1399 693 causa
1420 638 1680 709 latebat,)

113 723 370 776 Restitit:
410 723 506 774 illa
529 740 746 774 manum
772 725 1054 777 victricem
1081 725 1345 791 amplexa
1366 729 1628 789 moratur,

110 805 354 874 Altaque
378 807 478 864 vix
502 807 815 875 lacrymans
841 809 975 860 iuter
999 811 1235 877 suspiria
1259 810 1420 862 fatur.

182 890 435 943 Tantane
461 895 514 943 te
536 893 703 943 nostri
731 899 987 959 ceperunt
1014 894 1182 946 taedia
1204 893 1435 945 mundi?

110 975 208 1028 Sic
231 991 320 1026 me
342 974 635 1026 ludibrium
658 975 880 1028 famulis
904 977 1185 1044 risumque
1211 978 1491 1045 relinquiS‚
1825 979 1932 1032 535

113 1059 247 1112 Dux
272 1058 557 1127 quondam
580 1062 862 1126 rectorque
887 1061 1081 1111 meus‘l
1120 1060 1406 1128 solamque
1430 1061 1604 1114 tueris
1765 1045 1771 1051 ’

107 1185 326 1236 potentem,-
353 1195 429 1222 non
446 1182 604 1222 habens
619 1181 747 1222 crines
763 1181 909 1222 cinctos
926 1183 1062 1233 radiis,
1080 1195 1202 1235 neque
1221 1182 1371 1231 faciem
1402 1183 1616 1232 ardentem,
1646 1193 1766 1234 neque
1795 1183 1935 1224 induta

111 1238 196 1276 luce
225 1248 379 1276 crocea:
405 1240 486 1275 stat
509 1236 660 1287 pallida
686 1237 816 1285 dolqre
828 1249 844 1282 ‚·
874 1236 974 1275 sicut
1005 1241 1106 1284 erat,
1136 1249 1222 1275 cum
1252 1238 1432 1274 conderet
1464 1236 1708 1275 Memnonem
1735 1237 1934 1287 sepulchro

114 1288 289 1338 Trojano.
347 1290 476 1333 Quam
507 1288 716 1329 Auroram
748 1289 884 1328 statim
916 1294 1032 1341 atque
1063 1289 1228 1329 Stilicho
1258 1291 1449 1338 cognovit,
1473 1300 1590 1339 neque
1608 1301 1723 1328 causa
1744 1290 1821 1328 viae
1842 1289 1934 1340 ejus

112 1346 197 1382 erat
214 1341 429 1392 incognita,
445 1342 644 1382 constitit:
670 1342 741 1381 illa
757 1344 932 1382 osculans
947 1355 1102 1383 manum
1120 1343 1214 1394 ejus
1243 1342 1456 1392 victricem,
1486 1342 1606 1381 hoeret
1639 1341 1726 1390 diu,
1757 1346 1796 1380 et
1813 1343 1936 1393 fiens,

111 1397 182 1435 vix
198 1393 366 1447 quuitur
380 1395 486 1434 inter
500 1397 670 1445 gemitus
680 1395 905 1446 profundo-8.
962 1397 1028 1436 Aa
1059 1400 1171 1436 tanta
1190 1395 1363 1444 fastidia
1384 1395 1502 1434 Orbis
1519 1396 1642 1434 nostri
1661 1399 1845 1446 occupant
1861 1399 1902 1434 te
1918 1394 1938 1436 ,⁶²

98 1446 183 1501 *An
201 1448 260 1488 ita
277 1448 424 1488 deseris
449 1460 510 1488 me
539 1448 664 1488 servis
691 1448 812 1501 quasi
839 1451 974 1488 ludum
1003 1455 1043 1489 et
1062 1449 1212 1501 jocum,
1247 1461 1271 1487 o
1298 1448 1490 1499 Stilicho,
1514 1447 1609 1487 olim
1627 1459 1730 1487 meus
1747 1449 1882 1487 ductor
1899 1451 1938 1486 et

113 1498 365 1542 moderator?
418 1501 485 1542 An
500 1501 677 1553 protegis
707 1509 820 1542 tuam
839 1502 1000 1543 Italiam
1015 1502 1165 1543 solum?
1222 1503 1356 1553 Neque
1374 1502 1462 1551 jam
1487 1502 1718 1553 permissum
1751 1505 1809 1540 est
1838 1500 1940 1540 mihi

882 1593 1174 1610 OOOOOOOOOOO

113 1660 237 1700 Vatt.
277 1659 374 1710 Pal.
404 1659 531 1700 Fam.
558 1659 676 1699 Prie.
706 1659 895 1700 Florent.
925 1665 1014 1699 tres
1045 1659 1165 1700 Med.
1200 1659 1285 1699 inc.
1318 1660 1468 1700 Heins.
1502 1660 1603 1699 Pnt.
1637 1659 1803 1700 Thoan.
1837 1660 1939 1701 Lov.

115 1726 172 1753 m.
194 1725 279 1753 sec.
307 1714 474 1754 Bonon.
494 1713 594 1753 Pat.
614 1713 774 1752 Moret.
806 1725 875 1764 pr.
904 1713 988 1752 duo
1008 1711 1156 1752 Ambr.
1182 1713 1282 1753 Ald.
1316 1720 1360 1753 et
1378 1712 1533 1752 Sched.
1553 1713 1666 1753 Gud.
1711 1714 1853 1754 desisse
1873 1715 1941 1754 vel

115 1766 278 1806 descisse
295 1767 334 1805 V
338 1773 397 1806 at.
418 1778 481 1818 pr.
506 1767 674 1806 descisse
691 1767 758 1805 vel
772 1766 938 1805 diecesse
957 1766 1111 1804 Petav.
1134 1778 1198 1816 pr.
1228 1767 1410 1817 protinus
1425 1766 1548 1816 ipsam
1568 1765 1688 1805 Leid.
1705 1778 1769 1817 pr.
1788 1766 1942 1811 Petav-

115 1822 350 1859 tem—527
378 1824 414 1858 et
435 1819 596 1858 Italiam
615 1818 712 1858 Pat.
740 1820 791 1858 ad
811 1819 879 1858 vel
898 1818 940 1858 in
961 1818 1121 1858 Italiam
1141 1819 1281 1858 Oxon.
1302 1831 1388 1858 sec.
1420 1823 1622 1869 patentem
1641 1818 1783 1858 Oxon.
1799 1830 1941 1858 sec.—

113 1875 194 1912 528
221 1871 356 1911 Deest
387 1872 457 1910 hic
487 1883 634 1911 versus
656 1871 812 1911 Moret.
834 1883 898 1921 pr.
943 1883 1072 1909 comas
1087 1872 1188 1910 Var.
1210 1873 1295 1910 LL.
1324 1872 1392 1910 ed.
1414 1871 1548 1910 Antv.
1591 1883 1659 1910 nec
1678 1871 1823 1912 lumine
1840 1872 1942 1911 sicco

113 1925 222 1977 Reg.
268 1936 336 1963 nec
354 1924 504 1964 Petav.
526 1929 622 1964 tert.
669 1935 743 1962 non
762 1922 881 1964 Leid.
901 1936 966 1974 pr.
982 1923 1087 1964 Jun.
1117 1936 1180 1974 pr.
1215 1923 1299 1962 duo
1326 1925 1448 1963 Vatt.
1467 1930 1514 1962 et
1531 1923 1682 1962 Medd.
1703 1923 1857 1963 Petav.
1877 1937 1942 1975 pr.

113 1979 279 2019 Thuau.
300 1977 386 2017 inc.
406 1977 557 2017 Heius.
579 1978 685 2017 Exc.
706 1977 885 2017 Lucem.
905 1988 967 2028 pr.
1001 1977 1152 2028 flamen
1169 1977 1316 2015 vultum
1338 1974 1486 2015 Ambr.
1509 1988 1593 2014 sec.
1624 1977 1732 2016 Exc.
1762 1976 1943 2016 Lucens.

115 2043 184 2083 pr.
203 2030 272 2070 ed.
293 2031 436 2070 Pan-m.
454 2029 622 2081 flamine
637 2030 787 2070 vultum
800 2029 920 2069 Med.
943 2035 1085 2081 quart.
1101 2028 1289 2080 flammea
1303 2030 1411 2068 vultu
1423 2028 1545 2068 Leid.
1563 2040 1627 2079 pr.
1643 2034 1688 2067 et
1702 2028 1944 2069 octodecim

116 2084 284 2136 scripti,
314 2084 419 2123 Var.
442 2084 527 2122 LL.
558 2083 627 2124 ed.
654 2082 789 2123 Antv.
818 2081 919 2122 Ald.
950 2088 998 2121 et
1027 2082 1097 2121 ed.
1128 2083 1273 2122 Vicet.
1305 2082 1495 2133 flammea
1525 2082 1655 2120 vultus
1679 2082 1761 2121 inc.
1792 2082 1945 2122 Heius.

105 2137 293 2189 flammea
309 2138 456 2176 vultum
474 2138 540 2175 vel
560 2137 688 2176 cincta
708 2137 813 2175 Exc.
841 2136 966 2175 Laeti.
1012 2148 1087 2174 noa
1100 2136 1250 2174 iumine
1275 2139 1382 2174 sueto
1413 2135 1513 2174 Put.
1532 2136 1632 2174 Vat.
1663 2140 1762 2174 tert.
1796 2134 1946 2186 flamea

117 2189 367 2241 velflumave
386 2190 490 2229 Lov.
525 2189 714 2240 flammea
732 2191 881 2229 vultum
911 2189 980 2228 vel
1011 2189 1093 2228 luce
1114 2201 1270 2228 corusca
1288 2189 1387 2227 Vat.
1409 2200 1474 2239 pr.
1518 2200 1587 2226 nec
1605 2189 1686 2226 luce
1702 2200 1857 2228 corusca
1877 2189 1946 2227 vel

116 2243 338 2294 necflamea
355 2244 465 2282 vultu
484 2243 624 2282 Oxou.
643 2254 729 2282 sec.
770 2254 840 2281 nec
854 2241 1044 2294 flammea
1069 2243 1215 2281 vultum
1244 2242 1313 2281 vel
1334 2254 1408 2280 mm
1425 2241 1568 2280 lumine
1585 2245 1691 2280 sueto
1711 2241 1829 2280 Prie.
1850 2241 1947 2281 Flo-

117 2301 230 2338 rent.
250 2296 354 2336 Put.
398 2308 466 2335 uec
485 2296 627 2335 tamine
656 2296 756 2335 sicco
782 2297 851 2335 vel
882 2308 958 2334 nou
976 2295 1128 2347 flumea
1145 2297 1257 2334 vultu
1277 2295 1418 2334 Oxon.
1438 2297 1639 2345 plu—529
1668 2294 1761 2333 Non
1776 2306 1946 2333 croceum

115 2349 220 2391 Jun.
238 2362 304 2401 pr.
325 2347 473 2389 Ambr.
495 2361 579 2389 sec.
600 2349 762 2389 Thuan.
783 2349 935 2388 Petav.
958 2361 1022 2400 pr.
1051 2348 1134 2387 duo
1154 2349 1275 2388 Vatt.
1296 2348 1414 2386 Prie.
1436 2347 1556 2386 Med.
1578 2359 1664 2386 sec.
1685 2348 1770 2387 inc.
1791 2347 1946 2387 Heius.

118 2403 249 2443 luc-ida
265 2403 366 2443 Vnt.
385 2403 522 2454 quint.
545 2404 695 2442 Petav.
715 2414 780 2454 pr.
807 2404 919 2441 vultu
938 2402 1022 2440 inc.
1043 2401 1198 2440 Heius.
1236 2403 1346 2440 luctu
1367 2401 1432 2439 vel
1448 2401 1556 2438 vultu
1574 2399 1814 2438 Pub—53⁰
1842 2400 1948 2439 texit

121 2455 243 2494 Leid.
262 2467 330 2507 pr.
352 2455 472 2495 Med.
492 2459 723 2495 tert—581
755 2456 854 2501 Quae
870 2457 987 2494 simut
1007 2455 1169 2493 Bonon.
1202 2466 1280 2492 non
1293 2465 1436 2492 caussa
1454 2453 1553 2492 Pat.
1577 2451 1736 2502 patebat
1757 2452 1857 2491 Vat.
1877 2463 1946 2502 pr.

121 2511 256 2547 -538
284 2507 458 2558 Atraque
486 2509 644 2547 Moret.
662 2519 743 2559 pr.
789 2509 956 2557 Altaque
977 2506 1094 2546 Leid.
1113 2518 1201 2546 sec.
1219 2512 1266 2545 et
1285 2505 1458 2556 plurimi
1477 2503 1614 2543 Codd.
1639 2505 1743 2543 Exc.
1765 2504 1946 2544 Gevart.

126 2559 309 2599 Lucens.
344 2572 410 2610 pr.
441 2559 509 2599 ed.
540 2560 683 2599 Vicet.
704 2565 761 2599 ·et
789 2562 890 2599 Var.
923 2560 1006 2598 LL.
1037 2560 1106 2598 ed.
1139 2557 1269 2597 Antv.
1310 2558 1439 2608 Atque
1470 2558 1530 2596 ita
1559 2558 1658 2597 Vnt.
1691 2562 1795 2596 tert.
1827 2558 1947 2598 Rott.

125 2613 263 2653 Oisel.
293 2613 456 2652 Mazar.
492 2613 646 2652 Petav.
681 2618 781 2652 tert.
820 2613 950 2663 Atque
979 2614 1062 2650 ἡαπ)
1094 2610 1209 2650 Med.
1241 2623 1328 2650 sec.
1373 2612 1432 2649 ita
1464 2610 1588 2649 deest
1606 2612 1648 2649 in
1666 2609 1788 2649 Med.
1808 2614 1947 2662 quart.

53 2694 56 2698 -
122 2666 292 2718 Altaque
311 2667 379 2704 vel
397 2666 527 2716 Atque
544 2666 603 2704 ita
625 2666 730 2716 Reg.
748 2666 890 2705 Oxon.
913 2677 974 2715 pr.
1018 2664 1191 2703 lacrimis
1211 2666 1468 2702 farm—535
1499 2663 1546 2703 Si
1563 2675 1623 2702 me
1640 2663 1668 2704 J
1673 2674 1741 2702 un.
1762 2674 1827 2713 pr.
1869 2663 1949 2702 Lu·

123 2718 295 2759 dibu-ium
315 2718 480 2767 famulis
496 2718 742 2757 sicmePal.
764 2718 883 2757 Med.
916 2730 981 2769 pr.
1016 2717 1171 2763 famulo
1191 2717 1309 2756 Med.
1341 2723 1483 2767 quart.
1521 2716 1687 2764 famulis
1721 2717 1788 2755 vel
1796 2715 1948 2764 famulo

124 2771 365 2813 Leve—536
390 2773 594 2822 ductorque
622 2772 724 2810 Vat.
756 2783 842 2810 sec.
875 2783 933 2810 m.
966 2782 1031 2822 pr.
1073 2772 1242 2810 solamne
1274 2770 1435 2810 Moret.
1466 2773 1686 2810 sem—53⁷
1715 2769 1948 2821 Hesperiem

956 2882 1132 2924 NOTAE

180 2967 258 3004 52⁷
289 2962 458 3015 Aurora]
494 2963 692 3014 Poetice,
710 2962 757 3002 id
775 2967 857 3014 est,
873 2964 1006 3015 legati
1070 2963 1192 3004 nonis
1211 2963 1454 3004 videbatur.

131 3027 336 3068 Orientis.
1123 3031 1206 3067 536
1224 3027 1325 3067 Dux
1338 3026 1544 3078 quondam]
1563 3025 1744 3065 Stilicho
1762 3025 1951 3065 universi

140 3136 160 3144 ..
182 3093 263 3145 530
292 3088 521 3140 Memnona]
567 3089 719 3129 Filium
752 3088 932 3130 Aurorae
962 3089 1005 3129 in
1074 3090 1251 3142 Imperii
1290 3089 1416 3128 rebus
1464 3088 1698 3140 praefectus
1736 3093 1835 3128 erat
1870 3088 1949 3129 sub

131 3151 244 3193 bello
260 3154 442 3205 Trojano
471 3153 676 3202 occisum,
703 3154 809 3194 etin
831 3154 1005 3205 regione
1070 3153 1339 3202 Theodosio;
1383 3152 1462 3192 sub
1508 3163 1609 3204 quc,
1651 3162 1705 3190 ex
1741 3150 1954 3202 Cedreno,

132 3215 315 3271 {trojana
333 3218 576 3268 sepultum:
609 3216 674 3255 vel
689 3217 848 3268 potius,
867 3229 920 3255 ex
934 3218 1006 3258 Jo-
1074 3217 1217 3257 omnia
1246 3216 1317 3257 vel
1347 3216 1438 3256 solo
1469 3220 1577 3256 nutu
1603 3225 1755 3267 regere
1780 3213 1950 3256 videba-

136 3277 283 3328 sepho,
300 3279 353 3320 ad
371 3277 547 3319 fluvium
576 3279 759 3331 Pellam,
778 3279 832 3319 ad
860 3281 1008 3321 urbem
1073 3285 1162 3328 tut,

136 3333 462 3395 Ptolemaidem,
487 3342 563 3384 ubi
580 3344 852 3397 sepulchrum
869 3344 1009 3385 Mem-
