2300 3906
319 190 427 241 942
849 202 946 238 cn.
985 191 1338 235 cunnum
1383 170 1594 233 xx'xv.

318 320 521 358 Dearum.
575 316 720 368 Prope
738 318 805 354 est
823 314 938 352 lacus
957 309 1211 362 pellucidus.
1241 354 1245 358 ,
1267 308 1367 348 Huc
1403 310 1547 349 volant
1565 310 1672 349 Deae
1702 309 1757 349 ad
1795 309 1921 352 flores
1945 313 2145 364 colligen-

320 386 411 425 dos.
467 384 574 423 Mox
593 381 719 421 urbes
748 382 998 428 montesque
1035 375 1302 428 quatiuntur.
1359 374 1489 415 Pluto
1516 377 1704 428 erumpit
1735 377 1787 416 ab
1821 377 1990 419 Inferis.
2044 381 2150 420 Sici-

319 451 377 491 lia
397 449 596 499 dehiscit,
631 447 794 486 Coelum
815 437 978 492 uetuit,
998 442 1139 482 omnia
1168 439 1367 481 afflantur
1387 442 1439 481 ab
1459 443 1581 495 equis
1614 443 1825 484 Plutonis.
1882 445 2148 496 Proserpina

322 517 513 569 rapitur:
543 513 686 553 Pallas
706 515 752 550 et
772 509 914 549 Diana
932 513 1138 548 tremunt.
1197 509 1267 547 De
1286 508 1474 548 Plutone
1494 516 1731 565 queruntur
1749 523 1760 559 ;
1793 522 1912 550 arma
1930 517 2151 563 pararent,

321 583 397 622 sed
417 581 659 621 retinentur
678 590 702 616 a
723 577 846 617 Jove„
901 575 1164 627 Proserpina
1181 572 1276 614 flet.
1331 574 1459 622 Hanc
1479 575 1640 615 solatur
1659 576 1790 616 Pluto
1811 590 1885 629 spe
1906 579 2048 629 magni
2069 578 2153 617 lm-

322 648 445 701 perii.
499 643 770 695 Proserpinae
803 642 945 682 omnia
976 643 1266 694 gratulantur,
1294 641 1369 680 sed
1408 653 1500 681 eam
1536 642 1758 694 excipiunt
1785 644 1991 684 Heroinae
2019 644 2153 696 Elysi-

323 726 456 754 orum.
511 709 735 764 Supplicia
768 709 1064 762 damnatorum
1084 714 1283 759 cessant;
1308 721 1421 749 mors
1442 709 1560 749 nulla
1578 715 1672 760 est3
1701 717 1930 752 renovatur
1946 710 2151 752 saeculum

322 791 511 820 aureum.

328 1083 614 1157 IMPULlT
641 1102 836 1156 Ionios
861 1102 1155 1171 praemisso
1180 1102 1385 1154 lumine
1411 1099 1611 1154 fluctus

330 1189 595 1242 Nondum
621 1203 757 1257 pura
781 1189 900 1239 dies
924 1205 936 1240 z
975 1188 1219 1240 tremulis
1245 1188 1487 1240 vibravit
1510 1188 1569 1238 in
1595 1186 1756 1239 undis

328 1272 534 1337 Ardor,
560 1278 614 1326 et
639 1278 881 1326 errantes
903 1273 1100 1325 ludunt
1122 1289 1225 1341 per
1250 1273 1461 1326 coerula
1484 1273 1743 1324 flammae.

328 1358 570 1427 Jamque
595 1358 784 1410 audax
808 1358 999 1420 animi,
1023 1356 1261 1423 fidaeque
1286 1356 1460 1408 oblita
1483 1355 1748 1422 parentiS,

332 1442 549 1495 Fraude
575 1443 817 1494 Dionaea
840 1442 1027 1508 riguos
1052 1441 1392 1507 Proserpina
1417 1441 1593 1491 saltus
2125 1438 2162 1491 5

328 1525 454 1597 (Sic
481 1527 678 1578 Parcae
703 1522 954 1590 voluere)
978 1523 1136 1590 petit.
1204 1522 1321 1574 :Ter
1348 1520 1572 1573 cardine
1597 1537 1761 1574 verso

330 1609 652 1675 Praesagum
674 1607 922 1660 cecinere
947 1607 1123 1659 fores:
1164 1612 1242 1659 ter
1269 1607 1498 1659 conscia
1519 1606 1621 1658 fati

385 1738 478 1778 Lux
491 1738 597 1777 clara
621 1738 790 1777 nondum
820 1736 1039 1776 illustravit
1069 1736 1191 1776 radiis
1205 1735 1353 1788 sparsis
1370 1747 1479 1775 mare
1500 1735 1654 1775 Ionium
1669 1749 1682 1775 .·
1700 1734 1843 1786 fulgor
1859 1733 1967 1776 Solis
1986 1735 2169 1790 volitavit

332 1793 375 1831 iu
394 1791 505 1842 aquis
523 1792 713 1840 tremulis,
729 1795 767 1829 et
786 1791 890 1830 radii
911 1790 1003 1840 vagi
1022 1790 1227 1840 agitantur
1242 1802 1314 1841 per
1327 1802 1473 1841 aquam
1500 1788 1636 1839 etjam
1656 1789 1890 1840 Proserpina
1910 1791 2070 1829 audenti
2087 1791 2172 1830 ani-

333 1856 411 1894 me,
428 1849 466 1884 et
483 1845 683 1884 immemor
698 1844 838 1883 matris
843 1843 997 1897 fidelis,
1016 1842 1140 1883 currit
1161 1844 1203 1883 in
1222 1844 1351 1895 sylvas
1369 1843 1544 1893 irriguas
1556 1844 1640 1881 dolo
1660 1843 1819 1883 Veneris
1835 1844 1921 1895 (sic
1941 1843 2172 1892 Parcaejus-

333 1898 497 1950 serunt)
510 1912 522 1937 .-
537 1898 666 1947 ,ianua
683 1898 814 1938 sonuit
833 1902 894 1938 ter
908 1898 1163 1949 pmmagium,
1183 1898 1341 1937 cardine
1359 1898 1509 1936 inverso
1522 1910 1535 1936 .·
1564 1897 1689 1936 AElna
1703 1896 1853 1937 conscia
1869 1900 2007 1948 raptus
2021 1896 2173 1948 gemuit

1107 2003 1402 2019 eeeeeeeeeee

391 2074 414 2111 1
445 2071 590 2122 Apulit
609 2072 751 2113 Oxon.
771 2077 938 2113 sem—2
968 2073 1143 2112 vibratur
1163 2084 1311 2112 omnes
1339 2074 1461 2112 Vatt.
1480 2072 1576 2112 Pal.
1605 2072 1709 2113 Cod.
1743 2071 1979 2111 Bartholin.
2011 2071 2171 2115 Motet.

338 2136 404 2176 pr.
452 2125 537 2164 duo
574 2126 676 2166 Jun.
724 2127 807 2165 duo
842 2128 966 2166 Voss.
1004 2128 1191 2166 chartac.
1230 2126 1378 2165 Heins.
1409 2126 1494 2165 duo
1534 2125 1676 2166 Oxon.
1711 2125 1892 2165 Ald.—-4
1938 2124 2066 2164 animo
2103 2126 2175 2165 vel

337 2176 462 2216 animi
496 2178 637 2218 Oxon.
676 2191 761 2219 sec.
778 2179 949 2232 fidoeque
967 2177 1065 2219 Vat.
1092 2179 1230 2218 Livin.
1248 2178 1425 2230 fideique
1457 2179 1556 2218 Vat.
1591 2178 1631 2218 d.
1664 2179 1851 2218 chartac..
1886 2178 2037 2217 Heius.
2075 2178 2174 2219 edd.

338 2230 439 2270 Ald.
459 2231 599 2270 vicet.
632 2232 778 2271 Parm.
810 2239 855 2271 et
877 2232 1096 2272 Colin.—6
1130 2233 1183 2271 Ut
1206 2232 1345 2270 Parcae
1366 2233 1519 2279 J'ussere
1539 2229 1662 2270 voss.
1684 2244 1745 2281 pr.
1781 2232 1882 2272 Jun.
1917 2243 2001 2270 sec.
2025 2233 2176 2271 voluere

339 2284 450 2333 Reg.
478 2283 563 2321 duo
584 2285 704 2324 Vatt.
730 2285 882 2333 jussere
902 2289 988 2323 tres
1018 2285 1140 2323 Vatt.
1171 2284 1265 2322 Pal.
1298 2285 1383 2322 duo
1404 2284 1504 2324 Jun.
1525 2283 1608 2322 duo
1635 2285 1760 2323 Voss.
1800 2284 1987 2323 chartac..
2023 2283 2175 2325 Heins-

340 2334 446 2376 Cod.
466 2337 703 2377 Bartholin.
731 2342 792 2376 ter
810 2339 968 2377 cardine
986 2338 1086 2377 Vat.
1105 2348 1192 2376 sec.
1210 2342 1255 2375 et
1291 2337 1333 2376 d.
1352 2349 1437 2375 cum
1474 2337 1629 2375 Petav.
1651 2348 1734 2376 sec.
1764 2341 1846 2376 tum
1866 2338 1971 2387 Cod.
1991 2338 2174 2378 Bartho-

340 2390 414 2430 lin.
443 2394 535 2429 tunc
555 2390 638 2429 duo
652 2390 773 2430 Vatt.
792 2391 873 2430 inc.
893 2390 1045 2430 Heius.
1062 2389 1211 2430 Ambr.
1233 2396 1331 2430 tert.
1351 2391 1458 2429 Exc.
1474 2390 1626 2429 Petav.
1647 2397 1789 2443 quart.
1818 2391 1887 2430 ed.
1909 2391 2050 2430 Vicet.
2071 2393 2175 2433 Var.

340 2444 425 2483 LL.
443 2456 467 2482 e
487 2455 620 2494 marg.
637 2444 862 2484 Parm.—--¹7
884 2444 1110 2494 Proesagum
1127 2444 1230 2483 Vat.
1252 2443 1293 2482 d.
1314 2444 1417 2483 Put.
1436 2443 1521 2482 inc.
1542 2443 1693 2483 Heius.
1724 2445 1925 2493 Proesagoe
1945 2452 2034 2483 tres
2052 2445 2178 2485 Vatt.

343 2497 450 2536 Cod.
470 2497 711 2537 Bartholin.
732 2499 922 2538 Florent.
943 2498 1088 2537 Vicet.
1128 2498 1236 2536 Exc.
1259 2498 1385 2537 Laeti.
1406 2497 1656 2547 Proesagium
1690 2497 1773 2537 (luo
1811 2499 1931 2537 Vatt.
1964 2498 2056 2538 Pal.
2093 2497 2177 2538 duo

342 2550 464 2589 Med.
485 2550 638 2590 Heins.
659 2551 716 2590 H.
737 2553 843 2602 Reg.
863 2564 916 2590 m.
934 2563 999 2601 pr.
1019 2551 1183 2590 Bonon.
1206 2551 1323 2591 VOSS.
1344 2563 1408 2602 pr.
1428 2551 1531 2591 Jun.
1547 2563 1633 2591 sec.
1653 2551 1737 2590 duo
1754 2550 1896 2590 Oxou.
1919 2551 2001 2590 duo
2023 2552 2178 2593 PetaV.

342 2603 453 2642 Exc.
472 2603 628 2644 Petav.
641 2611 783 2656 quart.
819 2605 1077 2654 Praesaguum
1098 2604 1242 2644 deleto
1261 2610 1404 2644 tamen
1425 2610 1576 2655 postea
1605 2616 1631 2643 u
1661 2604 1829 2644 Tholos.
1860 2605 2090 2655 Proesagum
2109 2606 2179 2647 vel

344 2657 546 2707 Praesagae
566 2658 720 2698 Pelav.
742 2670 825 2698 sec.
854 2662 917 2698 ter
933 2658 1084 2698 conscia
1103 2658 1201 2698 Vat.
1223 2664 1365 2709 quart.
1405 2664 1446 2697 et
1477 2657 1517 2697 d.
1545 2662 1639 2697 tunc
1655 2658 1757 2698 Vat.
1778 2664 1877 2698 tert.
1909 2659 1993 2697 ine.
2026 2659 2181 2701 Heins-

344 2708 497 2750 Ambr.
536 2715 638 2752 tert.
677 2712 782 2752 Cod.
818 2712 1011 2767 Bartliol.
1040 2711 1191 2752 concita
1211 2712 1355 2754 Oxon.
1374 2710 1587 2759 sec.facti
1621 2711 1725 2752 Cod.
1759 2712 1997 2753 Bartholin.
2026 2711 2178 2753 Ambr.

1171 2820 1354 2863 No'rAE

402 2900 425 2937 1
455 2896 603 2950 Ionios]
632 2897 726 2940 Lib.
743 2911 776 2941 1.
797 2912 929 2953 supra
948 2914 1008 2942 vn.
1029 2905 1121 2942 147.
1298 2901 1508 2942 exeundo.
2198 2942 2202 2946 ,

403 2962 429 2999 2
460 2961 644 3001 Nondum
670 2975 774 3013 pura
802 2962 906 3015 dies]
947 2964 997 3004 Id
1031 2969 1116 3014 est,
1140 2975 1231 3004 cre·
1352 2968 1377 3004 5
1408 2963 1566 3007 Fraude
1580 2964 1769 3016 Dionoea]
1818 2964 1870 3005 Id
1907 2968 1990 3015 est,
2027 2963 2181 3006 fraude

349 3021 594 3073 pasculum,
624 3034 699 3062 seu
732 3024 864 3064 dubia
884 3026 955 3065 lux
987 3027 1101 3066 inter
1129 3038 1230 3067 noc·
1299 3027 1496 3078 Veneris,
1516 3039 1642 3078 quam
1666 3027 1842 3078 Jupiter
1860 3039 1914 3066 ex
1933 3027 2074 3067 Dione
2095 3039 2183 3067 sus-

350 3090 440 3124 tem
458 3082 673 3134 diemque.
1298 3091 1444 3141 cepit;
1496 3091 1609 3130 unde
1634 3091 1795 3140 Venus,
1830 3096 1968 3129 mater
1998 3091 2184 3132 Dionaea

403 3149 431 3187 4
459 3147 607 3187 Audax
624 3147 766 3199 animi]
807 3148 972 3189 Putant
991 3150 1233 3191 subintelli·
1298 3153 1471 3194 dicitur.

355 3210 400 3263 gi
431 3211 594 3261 virtute,
645 3211 764 3264 quasi
797 3211 856 3252 sit
894 3213 1035 3254 audax
1070 3214 1232 3254 virtute
1352 3216 1505 3266 Riguus
1523 3211 1665 3268 saltus]
1704 3216 1853 3269 Sylvas
1884 3219 2006 3270 aquis
2034 3230 2187 3270 peren·

353 3273 496 3315 animi.
1300 3278 1422 3319 nibus
1442 3275 1623 3330 irriguas
1639 3292 1712 3318 seu
1733 3292 1941 3331 aspersas.

366 3354 369 3355 ⁷
409 3337 524 3383 Fida
554 3337 750 3389 parentis]
797 3337 956 3378 Fidelis
990 3340 1157 3391 matris,
1187 3345 1235 3380 et
1354 3345 1381 3381 ’1
1427 3342 1658 3392 1‘raesagum
1689 3343 1876 3395 cecinere]
1924 3343 1977 3383 Id
2012 3349 2093 3395 est,
2115 3344 2185 3396 ja-

355 3399 424 3441 cui
444 3397 634 3440 fideliter
652 3399 939 3443 obediendum
966 3401 1119 3443 fuisset
1148 3414 1234 3443 non
1301 3416 1399 3445 nuae
1421 3409 1488 3445 ter
1521 3404 1661 3445 sonitu
1688 3403 1853 3446 infelici
1886 3406 2187 3449 indicaverunt
