2300 3906
308 159 417 214 682
835 175 930 214 cn.
971 169 1324 213 cLAUmANl
1368 169 1552 209 xxiv.

310 296 634 348 Innumeras
663 309 767 344 uno
795 295 1002 358 gereret
1027 307 1151 342 cum
1177 293 1419 357 tempore
1445 304 1679 358 pugnaS‚

312 380 599 447 Hispanas
624 383 868 445 caperet,
894 375 1113 428 Siculas
1141 374 1418 427 obsideret
1441 376 1620 437 urbeS‚

310 463 382 516 Et
408 462 630 515 Gallum
657 465 812 514 terris
836 466 1214 529 prosterneret,
1239 476 1459 527 aequore
1483 459 1740 522 Poenum,
1766 512 1771 517 ,

312 547 613 615 Nunquam
641 547 930 599 succubuit
953 546 1190 608 damnis,
1218 551 1274 597 et
1298 547 1485 597 territa
1508 545 1658 596 nullo

310 634 573 696 Vulnere,
602 638 732 701 post
757 633 977 686 Cannas
1002 633 1177 701 major
1201 631 1574 699 Trebiamque
1596 629 1862 681 fremebat
1885 645 1898 680 ε
2022 622 2141 678 145

313 717 384 770 Et
409 735 533 770 cum
552 719 668 786 jam
695 714 997 785 premerent
1015 717 1273 780 fiammae,
1299 730 1627 782 murumque
1654 713 1831 765 feriret

315 804 530 866 HostiS,
558 804 612 853 in
637 808 911 854 extremos
932 804 1108 855 aciem
1132 803 1389 854 mittebat
1416 799 1683 851 Hiberos.

313 887 437 940 Nec
464 889 614 939 stetit
635 886 898 937 Oceano:
939 887 1213 952 remisque
1239 887 1486 950 ingressa
1504 881 1837 948 profundum

311 971 631 1024 Vincendos
658 970 768 1020 alio
796 969 1061 1035 quaesivit
1084 969 1140 1018 in
1165 969 1298 1018 orbe
1325 966 1643 1019 Britannos·

313 1055 461 1107 Haec
488 1058 589 1117 est,
624 1053 680 1104 in
708 1053 969 1119 gremium
997 1054 1178 1105 victos
1205 1068 1328 1120 quae
1357 1051 1482 1103 sola
1504 1050 1737 1119 recepit,
2034 1050 2143 1104 150

313 1139 742 1206 Humanumque
768 1154 938 1204 genus
964 1138 1240 1189 communi
1266 1136 1488 1189 nomine
1514 1135 1671 1198 fovit,
1947 1142 1950 1144 ’

310 1313 395 1340 cum
410 1301 539 1340 eodem
559 1304 728 1351 tempore
750 1300 906 1349 faceret
935 1299 1033 1340 bella
1063 1298 1380 1347 innumerabilia,
1414 1303 1454 1338 et
1484 1311 1580 1338 cum
1600 1302 1844 1349 expugnaret
1862 1298 1977 1338 urbes
1995 1297 2145 1350 Hispa-

310 1356 402 1404 κὶα»,
428 1354 603 1403 cingeret
632 1354 757 1393 urbes
790 1353 955 1402 Siciliae,
987 1358 1024 1392 et
1044 1352 1251 1392 debellaret
1274 1353 1411 1391 Gallos
1428 1352 1576 1403 praelio
1595 1354 1790 1402 terrestri,
1818 1352 2146 1401 Carthaginenses

311 1407 457 1457 navali,
484 1420 680 1458 nunquam
690 1407 828 1455 fracta
846 1412 903 1447 est
923 1406 1109 1455 cladibus,
1135 1411 1174 1446 et
1194 1418 1268 1445 non
1279 1406 1496 1456 perterrita
1512 1410 1570 1446 est
1586 1407 1664 1445 ulla
1675 1407 1815 1457 plaga,
1832 1405 2044 1445 animosior
2054 1408 2143 1456 post

312 1461 459 1501 clades
483 1461 707 1500 Cannarum
723 1466 760 1500 et
780 1461 932 1500 Trebio:
949 1459 1124 1511 spirabat
1138 1459 1271 1499 bella:
1298 1463 1337 1498 et
1354 1459 1535 1507 cumjam
1553 1460 1666 1509 ignes
1676 1459 1958 1509 impenderent,
1973 1461 2011 1496 et
2024 1457 2147 1497 hostis

313 1515 499 1554 Annibal
520 1514 572 1554 ad
595 1519 744 1565 portas
777 1526 913 1565 prope
946 1517 1143 1564 quassaret
1172 1513 1327 1563 moenia,
1355 1512 1539 1552 mittebat
1569 1513 1765 1551 exercitus
1789 1516 1924 1550 contra
1947 1511 2147 1561 Hispanos

310 1568 478 1607 ultimos.
537 1568 669 1617 Neque
691 1568 821 1606 Roma
840 1568 1043 1606 retardata
1075 1570 1134 1605 est
1158 1566 1312 1605 Oceano
1325 1579 1339 1604 .·
1367 1565 1523 1604 intrans
1542 1577 1648 1604 mare
1668 1577 1765 1604 cum
1785 1564 1949 1604 navibus
1965 1564 2145 1615 quoesivit

306 1622 351 1660 in
367 1633 443 1660 acce
460 1621 582 1659 altero
602 1620 820 1662 Britannos
838 1620 1081 1668 subigendos.
1139 1618 1241 1657 Haec
1272 1623 1347 1667 est,
1375 1631 1458 1669 quae
1476 1631 1554 1658 una
1571 1617 1730 1658 admisit
1747 1618 1791 1657 in
1818 1618 1946 1659 sinum
1966 1617 2146 1668 populos

308 1674 486 1724 domitos,
518 1677 559 1713 et
579 1686 672 1725 quae
692 1674 819 1712 instar
845 1673 985 1712 matris
1004 1685 1080 1712 non
1109 1671 1385 1723 Imperatricis
1398 1672 1575 1724 protexit
1603 1676 1762 1723 gentem
1780 1671 1976 1711 hominum
1995 1670 2148 1712 nomine

1087 1763 1380 1779 OOOOOOOOOOOO

313 1819 431 1860 Med.
454 1832 515 1870 pr.
562 1821 662 1859 cotis
680 1820 777 1859 Vat.
796 1831 860 1870 pr.
882 1824 924 1859 et
943 1823 1044 1859 tert.
1066 1819 1161 1860 Pal.
1193 1820 1313 1860 Rott.
1343 1818 1479 1859 Oisel.
1513 1819 1624 1871 Reg.
1659 1819 1759 1859 Pat.
1785 1817 1935 1858 Ambr.
1955 1829 2022 1869 pr.
2037 1817 2145 1857 Exe.

311 1873 477 1914 Schott.
494 1873 561 1912 ed.
580 1874 722 1913 Vicet.
757 1873 865 1921 satis
898 1874 966 1913 vel
997 1873 1100 1912 vatis
1139 1874 1239 1914 Vat.
1271 1879 1371 1912 tert.
1393 1873 1510 1912 Prie.
1531 1871 1651 1912 Med.
1670 1885 1735 1924 pr.
1765 1878 1811 1912 et
1831 1878 1930 1911 tert.
1951 1876 1996 1911 et
2021 1870 2144 1912 Leid.

313 1938 379 1977 pr.
400 1926 475 1978 qui
496 1938 574 1976 pro
595 1927 735 1976 glossa
754 1926 900 1975 habet,
916 1927 928 1947 ‘
945 1927 1059 1978 quod
1090 1925 1171 1979 (sc.
1201 1926 1321 1977 votis)
1361 1927 1512 1966 melius
1543 1925 1772 1966 exul—141
1799 1928 1973 1976 gemeret
1991 1925 2147 1965 Petav.

312 1982 535 2018 sec-*142
562 1978 810 2019 submitteret
844 1980 967 2019 Farn.
1005 1980 1111 2020 Exc.
1141 1981 1322 2020 Lucens.
1369 1993 1434 2032 pr.
1466 1980 1534 2020 ed.
1570 1980 1714 2021 Vicet.
1764 1979 2003 2019 subverteret
2050 1979 2148 2018 Put.

311 2032 523 2072 subsideret
545 2033 651 2071 Exn.
672 2032 836 2072 Schott.
882 2032 1080 2072 obsederat
1115 2034 1218 2073 Lov.
1238 2034 1359 2073 Voss.
1382 2034 1499 2074 Leid.
1519 2046 1606 2073 sec.
1630 2034 1748 2074 Med.
1767 2038 1910 2085 quart.
1931 2033 2039 2072 Exc.
2059 2031 2148 2072 Ge·

314 2092 424 2133 vart.
468 2085 655 2124 obsideret
691 2085 813 2125 Leid.
851 2098 915 2137 pr.
954 2092 999 2125 et
1032 2086 1213 2138 triginta
1250 2086 1386 2129 cada,
1414 2087 1569 2127 Sched.
1600 2087 1839 2127 Gnd.Var.
1863 2087 1949 2126 LL.
1970 2099 1993 2124 e
2014 2097 2146 2137 marg.

313 2138 458 2178 Parin.
478 2144 521 2178 et
543 2138 611 2178 ed.
628 2138 761 2178 Antv.
806 2138 996 2178 obsideret
1018 2141 1085 2178 vel
1106 2139 1307 2179 obsederat
1326 2140 1490 2191 Moret2
1507 2143 1726 2180 see—143
1757 2141 1805 2179 In
1839 2140 1959 2180 terris
1990 2139 2151 2179 Gallum

313 2193 653 2233 Vat.sec.—145
688 2194 833 2232 Cumas
849 2192 917 2231 ed.
939 2194 1082 2233 vicet.
1130 2193 1376 2245 trabeamque
1402 2193 1495 2233 Pal.
1543 2193 1755 2244 Trebiaque
1791 2194 1861 2232 vel
1898 2192 2150 2244 Trebiamque

313 2246 432 2285 Med.
454 2249 691 2285 terh—146
715 2251 910 2296 premeret
933 2247 1114 2297 flammis
1143 2248 1299 2286 Moret.
1323 2259 1388 2298 pr.
1426 2245 1643 2296 fremerent
1661 2248 1763 2286 Vat.
1783 2258 1849 2297 pr.
1869 2252 1915 2284 et
1933 2251 2033 2286 tert.
2049 2245 2146 2285 Pal.

313 2299 431 2338 Rott.
470 2299 603 2338 Oisel.
639 2300 825 2338 Florent.
854 2300 936 2338 duo
971 2299 1090 2339 Med.
1117 2300 1285 2339 Thuan.
1307 2300 1448 2340 Oxon.
1470 2312 1534 2351 pr.
1577 2304 1796 2351 premerent
1834 2300 1900 2339 vel
1934 2302 2147 2339 tremerent

314 2352 431 2391 Mea.
454 2358 554 2391 tert.
602 2351 837 2403 murumque
852 2351 1000 2400 feriret
1020 2353 1121 2393 Vat.
1153 2359 1255 2393 tert.
1277 2354 1469 2393 Florent.
1489 2353 1574 2393 duo
1592 2353 1712 2393 Med.
1734 2354 1842 2402 Reg.
1861 2353 2024 2392 Mazar.
2042 2353 2148 2392 Exc.

313 2406 435 2444 Laeti.
472 2404 646 2453 ferirent
663 2406 761 2444 Vat.
783 2417 847 2456 pr.
891 2410 1042 2445 teneret
1078 2407 1160 2446 duo
1191 2407 1342 2448 Leidd.
1377 2419 1475 2446 cum
1506 2407 1657 2459 viginti
1694 2413 1878 2459 quatuor
1908 2407 2015 2454 aliis,
2034 2407 2145 2445 Exc.

312 2458 475 2498 Schott.
493 2458 672 2498 Gevart.
696 2459 879 2498 Lucens.
909 2472 972 2510 pr.
1011 2459 1078 2498 ed.
1113 2460 1257 2500 Parm.
1289 2466 1335 2500 et
1367 2461 1509 2500 vicet.
1534 2460 1688 2500 Sched.
1710 2460 1824 2500 Gud.
1846 2460 1951 2499 var.
1972 2459 2058 2499 LL.
2078 2458 2145 2499 ed.

314 2510 445 2552 Antv.
492 2516 641 2552 teneret
667 2513 734 2550 vel
762 2510 910 2560 feriret
931 2513 1048 2552 Med.
1069 2516 1303 2552 tert—14⁷
1331 2517 1369 2553 et
1389 2517 1583 2553 extremos
1603 2513 1755 2553 Petav.
1778 2519 1879 2553 tert.
1926 2512 2046 2552 etiam
2066 2524 2146 2564 aro

311 2565 433 2612 aciem
465 2566 566 2605 Put.
611 2565 787 2605 mutabat
821 2567 944 2606 Voss.
966 2566 1084 2606 Leid.
1108 2578 1194 2607 sec.
1227 2567 1336 2607 Exc.
1358 2566 1539 2607 Gevart.
1566 2567 1746 2607 11bernos
1778 2567 2015 2606 Pan—148
2046 2566 2148 2606 Hoec

313 2617 428 2657 Ald..
462 2619 578 2658 remis
618 2619 710 2658 Pal.
742 2619 932 2659 Florent.
972 2619 1092 2659 Med.
1128 2632 1194 2672 pr.
1232 2620 1323 2660 sine
1355 2620 1663 2672 copula—1⁴19
1690 2633 1755 2660 ore
1774 2620 1868 2661 Pal.
1887 2621 2007 2660 Med.
2028 2631 2147 2672 ps.—

315 2675 393 2712 150
417 2672 568 2722 gremio
589 2672 708 2712 Med.
732 2678 832 2713 tert.
864 2672 1027 2721 junctos
1046 2674 1234 2715 Florem.
1255 2687 1313 2714 m.
1333 2677 1532 2726 pr.—-153
1560 2686 1736 2727 nexuque
1765 2686 1835 2715 suo
1852 2674 2013 2715 Thuan.
2040 2673 2146 2716 Jun.

1137 2781 1312 2823 NOTAE

370 2877 446 2913 144
478 2875 687 2926 Nunquam
700 2874 919 2926 succulmit]
953 2875 1160 2916 Horatius
1183 2889 1194 2915 ε
1263 2875 1375 2915 nito:
1419 2875 1463 2915 id
1494 2875 1702 2928 praestitit
1731 2877 1866 2917 Roma
1885 2888 1962 2928 per
1979 2875 2144 2918 Julium

310 2940 326 2959 ⁴
348 2937 434 2978 Per
455 2938 622 2988 damna,
643 2951 721 2989 per
738 2939 895 2987 caedes,
924 2939 979 2978 ab
999 2940 1091 2992 ipso
1110 2940 1197 2980 Du·
1264 2938 1499 2989 Caesarem,
1519 2939 1605 2991 qui,
1623 2951 1678 2978 ex
1692 2939 1918 2989 Suetonio,
1938 2940 1950 2962 ‘
1969 2951 2145 2992 aggres-

310 2999 375 3040 eit
393 3012 496 3052 opes
527 3002 798 3052 animumque
819 3001 966 3043 ferro!
1262 3013 1334 3040 sus
1354 3005 1424 3040 est
1442 3001 1671 3040 Britannos
1696 3001 1864 3052 ignotos
1895 3007 2039 3051 antea,
2076 3012 2145 3041 su·

369 3066 445 3102 145
469 3064 626 3102 Cannas
642 3064 910 3116 Trebiamque]
922 3066 1067 3106 Deliis
1084 3065 1197 3108 alibi.
1261 3062 1509 3115 peratisque
1528 3063 1732 3114 pecunias
1759 3071 1806 3103 et
1827 3063 1997 3102 obsides
2013 3063 2145 3114 impe·

310 3142 316 3146 ·
369 3129 446 3166 147
479 3125 637 3177 Hostis]
680 3125 779 3176 Ipse
814 3125 1018 3177 Annibal,
1038 3128 1091 3167 de
1110 3140 1194 3180 quo
1262 3124 1404 3165 ravit.’
1457 3138 1463 3143 ’
1995 3143 1999 3146 ⁴
2127 3124 2133 3130 ’

314 3187 536 3237 Horatius,
571 3192 584 3209 ⁶
603 3188 942 3240 parentibusque
978 3191 1193 3231 abomina-
1316 3191 1388 3229 151
1427 3189 1630 3231 Communi
1649 3182 1819 3241 nomine]
1868 3189 1989 3229 Fovit
2010 3195 2058 3229 ut
2077 3202 2145 3230 su·

316 3257 384 3292 tus
403 3250 619 3299 Annibal‚'
639 3253 712 3290 sed
741 3264 869 3304 supra
890 3253 942 3292 de
961 3254 1041 3295 hoc
1071 3255 1194 3307 plura
1260 3252 1323 3303 os,
1345 3263 1427 3291 nou
1461 3259 1545 3290 tan·
1568 3247 1779 3292 communi
1809 3247 1976 3292 nomine
1996 3252 2141 3293 subdi·

311 3314 514 3355 diximus.
1259 3321 1342 3367 tos,
1359 3327 1486 3369 quam
1510 3308 1665 3366 sot-ios,
1692 3308 1819 3367 quain
1850 3316 1982 3367 cives,
2014 3318 2140 3368 quani

369 3379 448 3418 149
473 3375 566 3430 gilio
601 3375 644 3418 in
675 3375 785 3430 orbe]
811 3377 1034 3425 Hactenus
1052 3379 1197 3431 incog-
1258 3379 1386 3432 filios,
1401 3391 1559 3433 eosque
1591 3378 1789 3422 defendit
1815 3384 1968 3421 contra
1991 3376 2139 3432 tyras-
