2300 3906
664 188 906 229 RAPTUS
948 190 1244 231 PROSERP.
1286 192 1406 232 mn.
1449 195 1491 234 1.

161 305 343 369 Quam
367 322 469 359 nos
494 308 834 375 praetulimus
860 310 1023 363 coelo,

1870 183 1981 237 9'28

1098 312 1227 364 Tibi
1250 314 1454 380 gaudia
1477 314 1652 367 nostri

157 389 472 456 Sanguinis,
498 397 553 442 et
578 407 737 443 caros
761 393 898 444 uteri
924 397 1247 449 commendo
1272 398 1512 450 laboreS.

157 471 400 525 Praemia
425 474 592 540 digna
615 482 863 530 manent:
900 480 1083 531 nullos
1109 483 1316 548 patiere
1340 482 1566 549 ligonem,

1868 483 1976 538 195

157 555 228 608 Et
251 558 400 607 nullo
428 557 587 623 rigidi
615 562 903 612 versabere
928 564 1166 614 vomeris
1190 566 1303 616 ictu
1330 582 1343 616 ε

156 639 362 706 Sponte
388 646 514 691 tuus
539 641 748 694 florebit
772 661 931 710 ager:
975 652 1226 699 cessante
1245 647 1487 715 juvenco

158 722 340 775 Ditior
367 725 580 777 oblatas
603 727 887 780 mirabitur
908 731 1094 783 incola
1117 748 1348 785 messes,

152 805 248 857 Sic
274 809 369 869 ait,
397 812 452 859 et
477 808 641 860 fulvis
668 814 1011 879 serpentibus
1036 815 1212 880 attigit
1245 815 1399 869 Iden.

153 889 270 942 Hie
298 892 450 943 aedes
478 901 711 960 augusta
737 897 893 960 Deae,
924 899 1227 968 templique
1256 901 1473 953 colendi

1864 901 1972 955 200

153 968 447 1042 Religiosa
473 978 632 1041 silex,
661 979 842 1032 densis
869 1000 1035 1051 quam
1061 985 1222 1052 pinus
1249 978 1455 1053 opacat

152 1053 484 1124 FrondibuS‚
510 1065 562 1112 et
584 1063 733 1115 nulla
756 1065 913 1118 lucos
938 1068 1173 1134 agitante
1196 1070 1440 1136 procella

147 1189 210 1230 lo.-
238 1190 312 1252 tibi
340 1194 452 1231 trado
483 1192 613 1232 filiam
634 1207 783 1245 meam,
815 1209 941 1235 meum
974 1199 1214 1248 sanguinem,
1243 1211 1366 1237 meam
1385 1199 1581 1247 laetitiam,
1599 1203 1637 1239 et
1654 1200 1802 1239 dulcem
1812 1204 1973 1250 partum

147 1247 306 1282 ventris.
363 1246 516 1286 Merces
531 1248 755 1286 conveniens
775 1255 818 1288 te
839 1255 1041 1300 expectat.-
1069 1253 1172 1290 nulla
1195 1253 1363 1301 patieris
1392 1256 1538 1302 rastra,
1556 1257 1593 1291 et
1623 1265 1698 1291 non
1714 1253 1973 1303 proscinderis

146 1295 228 1335 ictu
245 1298 333 1335 auri
365 1299 493 1337 aratri
508 1313 521 1338 .·
549 1301 676 1350 campi
693 1299 753 1339 tui
767 1302 1045 1351 germinabunt
1062 1305 1144 1343 sine
1173 1306 1281 1342 cultu
1299 1318 1311 1342 :
1329 1304 1502 1354 agric-‘ola
1533 1305 1746 1356 opulentior
1763 1306 1971 1345 admirabi-

147 1352 213 1388 tur
230 1362 369 1389 messes
385 1351 595 1401 venientes,
613 1353 728 1392 bobus
743 1354 1037 1405 quiescentibus.
1083 1357 1152 1395 Sic
1172 1357 1303 1396 Ceres
1331 1357 1515 1406 loquitur,
1547 1362 1585 1396 et
1602 1364 1725 1396 vecta
1743 1358 1974 1397 draconibus

136 1401 261 1453 finds
271 1404 448 1454 pervenit
464 1407 514 1444 ad
535 1407 649 1445 Idam
662 1413 864 1447 montom.
923 1408 1007 1457 Hic
1027 1411 1208 1460 templum
1227 1412 1285 1448 est
1299 1421 1450 1448 sacrum
1475 1411 1574 1450 Deoe
1594 1410 1792 1461 Cybeles,
1811 1415 1848 1449 et
1867 1421 1974 1450 vene·

145 1455 268 1509 rabile
299 1470 438 1497 saxum
462 1460 598 1510 templi
629 1461 832 1510 adorandi,
852 1463 951 1511 quod
970 1474 1116 1501 saxum
1139 1463 1257 1514 pinus
1272 1463 1470 1502 obumbrat
1480 1462 1595 1512 foliis
1611 1463 1758 1515 spissis,
1789 1466 1828 1502 et
1843 1463 1974 1503 reddit

914 1567 1206 1583 “CO“O‘OOOO

142 1628 248 1668 tiare
265 1628 366 1669 Jun.
397 1635 623 1671 sem—196
649 1632 851 1672 versabere
872 1633 938 1672 vel
958 1633 1143 1672 vexabere
1173 1634 1327 1674 Petav.
1365 1638 1562 1684 pr.—l97
1590 1633 1734 1684 Sponte
1758 1645 1828 1672 sua
1846 1633 1969 1672 Voss.

145 1686 343 1738 pre-198
372 1684 524 1723 ablatas
540 1685 643 1726 Jun.
667 1690 889 1726 sec.-—-199
918 1686 1055 1736 tetigit
1069 1687 1311 1738 serpentibus
1339 1688 1452 1726 Idam
1471 1694 1558 1726 tres
1579 1688 1699 1726 Vatt.
1719 1686 1801 1726 inc.
1825 1686 1970 1726 Heins.

145 1734 244 1774 Put.
267 1735 374 1786 Reg.
408 1738 557 1777 petav.
592 1751 653 1789 pr.
678 1740 835 1779 Moret.
864 1751 932 1791 pr.
947 1740 973 1780 J
982 1751 1048 1778 un.
1067 1751 1150 1779 sec.
1171 1740 1254 1780 duo
1272 1741 1394 1780 Voss.
1412 1741 1519 1780 Exc.
1541 1740 1692 1779 Petav.
1711 1745 1849 1791 quart.
1867 1739 1970 1779 Var.

146 1788 232 1827 LL.
253 1800 277 1828 e
297 1801 431 1840 marg.
453 1791 596 1830 Parm.
646 1792 745 1831 Iden
766 1793 867 1832 Put.
916 1793 1029 1832 Idam
1053 1793 1290 1833 Bartholin.
1312 1794 1416 1834 Cod.
1439 1794 1547 1844 Reg.
1568 1793 1720 1832 Petav.
1739 1804 1803 1843 pr.
1820 1791 1969 1832 Ambr-

145 1848 245 1881 tert.
266 1843 459 1882 chartac.
481 1844 631 1884 Heius.
653 1846 720 1885 ecl.
751 1846 890 1886 Parm.
922 1852 966 1884 et
990 1845 1132 1886 Vicet.
1174 1847 1261 1886 Hic
1298 1859 1322 1885 a
1357 1860 1417 1885 vs.
1449 1851 1541 1886 203.
1564 1857 1697 1897 usque
1719 1845 1770 1884 ad
1792 1858 1852 1886 VS.
1871 1847 1970 1884 215.

143 1893 299 1935 desunt
322 1897 463 1935 omnia
483 1897 524 1935 in
545 1898 647 1937 Put.
668 1899 822 1938 Petav.
853 1911 937 1939 sec.
958 1905 1004 1938 et
1025 1904 1124 1939 tert.
1141 1899 1245 1939 item
1265 1901 1371 1940 Exc.
1394 1901 1545 1939 Petav.
1566 1902 1839 1950 quart.-—200
1868 1897 1971 1937 Hoec

141 1948 306 1988 Moret.
325 1961 390 2000 pr.
439 1952 541 1988 cedes
560 1950 660 1989 Ald.
699 1957 742 1991 et
777 1952 927 2003 scripti
962 1952 1174 1992 meliores.
1215 1955 1321 1992 sedes
1341 1953 1392 1992 al.
1431 1957 1597 2001 angusta
1616 1953 1714 1992 Vat.
1738 1963 1802 2002 pr.
1823 1955 1867 1990 et
1883 1961 1968 1990 sec.

136 2002 224 2042 inc.
269 2003 420 2042 Heius.
455 2003 579 2043 Voss.
615 2016 680 2054 pr.
699 2005 797 2045 Jun.
829 2018 914 2045 sec.
944 2006 1134 2049 chartac.
1166 2006 1316 2046 Heius.
1345 2006 1412 2045 ed.
1444 2007 1585 2045 Vicet.
1628 2008 1795 2055 augusta
1815 2003 1971 2042 ΑΜ.-

140 2058 218 2099 201
249 2067 366 2106 quam
385 2056 516 2094 densis
541 2058 664 2097 Voss.
684 2069 750 2108 pr.
798 2057 999 2098 obumbrat
1038 2058 1134 2097 cod.
1165 2059 1404 2098 Bartholin.
1431 2063 1567 2109 opacat
1586 2058 1669 2097 inc.
1697 2058 1842 2096 Heius.
1861 2057 1972 2107 Reg.

141 2108 296 2149 PetaV.
318 2121 382 2161 pr.
411 2110 516 2151 Jun.
553 2122 640 2150 sec.
668 2111 769 2150 vat.
801 2111 936 2151 Liviu.
971 2112 1054 2150 duo
1082 2111 1341 2152 Voss.—202
1371 2111 1552 2151 Floribus
1581 2112 1689 2161 Reg.
1720 2111 1870 2149 Petav.
1903 2121 1970 2160 pr.

962 2211 1145 2252 NOTAE

136 2297 237 2337 dum
284 2299 486 2339 Cererem
547 2301 854 2351 pronuntiavit,
904 2301 1018 2353 quod

137 2372 375 2413 quanquam
399 2361 594 2402 incendia
617 2369 718 2403 sunt
735 2364 880 2403 multis
902 2364 943 2402 in
963 2364 1021 2403 lo-

137 2425 215 2474 cis,
236 2430 380 2463 tamen
402 2425 526 2476 copia
545 2424 712 2475 frugum
728 2425 862 2476 major
880 2432 964 2465 est.

191 2491 268 2527 193
306 2488 462 2527 Gaudia
482 2489 607 2528 nostri
630 2489 852 2539 sanguinis]
895 2489 1018 2528 Com-

135 2552 290 2591 mendo
308 2552 389 2590 tibi
404 2551 531 2591 filiam
551 2564 705 2601 meam,
718 2564 812 2604 quae
833 2556 899 2591 est
919 2563 1019 2603 gau-

137 2615 250 2655 dium
268 2628 420 2665 meum,
436 2627 638 2667 meusque
656 2615 838 2666 sanguis.
980 2657 986 2663 ,

190 2683 266 2719 195
297 2679 469 2729 Lz‘gones
485 2709 495 2720 .
511 2709 522 2720 .
541 2709 550 2720 .
565 2679 749 2730 vomeris]
778 2678 887 2718 Haec
918 2682 1018 2717 sunt

134 2742 418 2782 instrumenta
446 2743 619 2791 rustica,
647 2742 800 2794 quibus
820 2749 936 2781 terra
955 2741 1016 2780 in-

135 2805 350 2846 vertitur:
385 2810 430 2844 at
465 2804 675 2845 beneficio
705 2804 892 2852 Cereris,
924 2803 1014 2842 sine

133 2869 198 2910 his
232 2869 379 2908 Sicilia
416 2875 582 2919 sponte,
630 2879 706 2907 seu
741 2866 897 2919 absque
929 2867 1015 2905 ullo

133 2933 269 2983 cultu,
282 2937 325 2971 et
342 2932 433 2970 sine
453 2943 556 2970 cura
568 2930 866 2982 agricolarum,
883 2929 1015 2969 abun-

135 2993 256 3034 dabit
270 2993 475 3043 frugibus.

190 3061 270 3097 199
298 3057 433 3098 Fulvis
460 3055 719 3107 serpentibus]
749 3056 798 3095 Id
820 3054 1013 3107 est,flavi

135 3120 304 3170 coloris,
351 3120 464 3172 quod
513 3118 683 3158 scilicet
711 3131 897 3171 squamae
934 3119 1015 3157 dis-

135 3185 285 3225 tinctae
313 3185 396 3224 sint
427 3196 557 3223 aureo
591 3184 762 3222 colore:
798 3184 862 3221 vel
872 3182 1016 3232 fulvis,

133 3246 178 3287 id
198 3254 280 3296 est,
297 3247 518 3286 effruleis:
535 3246 596 3286 sic
613 3259 637 3285 a
658 3245 893 3286 Claudiano
921 3259 1015 3286 nos-

135 3315 202 3349 tro
236 3309 406 3359 dicitur,
447 3311 459 3331 ‘
481 3308 607 3349 fulvis
648 3310 828 3351 adnatat
864 3310 1014 3351 umbra

134 3370 287 3426 fretis,'
308 3372 351 3413 id
373 3377 455 3427 est,
478 3371 691 3420 coeruleis.

1142 2300 1258 2351 Iden]
1288 2300 1370 2340 Ide
1392 2305 1437 2340 et
1457 2299 1536 2339 Ida
1557 2303 1625 2339 est
1640 2310 1758 2338 mons
1771 2299 1812 2338 in
1834 2299 1970 2352 Phry·

1089 2363 1175 2416 gia,
1203 2363 1377 2414 regione
1410 2362 1524 2401 Asiae
1561 2360 1762 2400 minoris:
1792 2365 1836 2400 et
1863 2361 1966 2401 inde

1086 2431 1182 2466 tota
1202 2425 1320 2477 regio
1341 2425 1460 2464 Idaea
1475 2424 1591 2463 dicta
1608 2428 1688 2462 est.
1741 2424 1868 2463 Mons
1890 2423 1965 2464 ille

1085 2488 1283 2539 Cybelae,
1312 2499 1476 2538 magnae
1498 2487 1641 2526 Deum
1670 2486 1811 2536 matri,
1842 2497 1965 2527 sacer

1085 2557 1191 2590 erat.

1139 2617 1220 2653 200
1249 2614 1369 2652 AEdes
1383 2610 1572 2662 augusta]
1598 2603 1695 2651 Non
1714 2611 1868 2663 spatio,
1885 2611 1963 2652 sed

1084 2676 1202 2715 cultu
1218 2688 1231 2724 ;
1245 2687 1327 2714 non
1346 2673 1620 2723 ornamentis,
1635 2673 1709 2712 sed
1727 2672 1932 2724 religione
1949 2685 1963 2713 ι

1083 2739 1201 2778 locus
1221 2739 1334 2778 enim
1355 2749 1510 2788 parvus
1530 2741 1574 2775 et
1593 2742 1817 2786 angustum
1848 2734 1964 2775 unde

1083 2801 1272 2841 nonnulli
1285 2800 1485 2851 legebant
1502 2800 1602 2838 oedes
1618 2803 1799 2848 ungusta.

1134 2867 1211 2903 201
1243 2862 1447 2912 Religiosa
1463 2860 1583 2911 silex]
1613 2861 1795 2912 Cybeles
1818 2865 1964 2902 statua

1083 2937 1331 2976 marmorea,
1369 2924 1570 2976 Cybeles,
1611 2924 1730 2975 quus
1774 2922 1962 2976 effigiem

1011 3012 1014 3016 .
1081 2989 1265 3042 lapidem
1281 2987 1413 3028 fuisse
1431 2992 1615 3027 testatur
1636 2987 1795 3027 Livius.

1135 3050 1278 3102 Pinus]
1329 3051 1468 3090 Arbor
1510 3055 1575 3090 est
1617 3061 1738 3090 sacra
1783 3049 1958 3102 Cybelae

1081 3117 1222 3155 Deum
1243 3113 1381 3153 matri.
1408 3116 1420 3135 ‘
1443 3112 1579 3152 Pinea
1596 3114 1714 3165 sylva
1739 3113 1962 3154 minimul-

1083 3184 1149 3219 tos
1184 3179 1344 3218 dilecta
1378 3191 1454 3229 per
1494 3178 1658 3227 annos‚’
1695 3178 1759 3219 ait
1796 3177 1961 3229 Cybele

1083 3243 1197 3295 apud
1218 3242 1458 3293 Virgilium.

1133 3308 1214 3344 202
1242 3303 1390 3355 Lucos]
1418 3303 1555 3343 Lucus
1571 3301 1961 3355 dicitur,a=1tquod

1079 3379 1162 3408 non
1190 3367 1348 3419 luceat,
1381 3366 1435 3406 ob
1463 3366 1661 3415 umbras;
1691 3372 1768 3407 aut
1799 3365 1963 3419 potius,
