2300 3906
630 202 870 243 nArrus
912 206 1205 248 puosmu’.
1247 209 1363 251 mn.
1404 213 1471 252 11.
1845 204 1953 258 949

140 311 412 380 Alpheus,
489 315 680 385 Cyane
704 325 880 374 totum
906 328 1263 393 supereminet
1286 345 1492 395 agmen.

140 394 340 459 Qualis
368 396 774 455 Amazonidum
799 407 963 471 peltis
986 409 1202 462 exultat
1225 412 1456 463 aduncis

137 478 376 531 Pulchra
398 483 613 546 cohorS,
635 489 850 552 quoties
876 489 1084 543 Arcton
1115 495 1387 561 populata
1410 495 1597 563 virago

132 559 449 632 ‘Hippolyte
472 567 666 618 niveas
693 570 842 624 ducit
866 578 993 641 post
1017 576 1211 642 praelia
1232 581 1474 644 turmas3

136 644 249 697 Seu
274 647 450 699 flavos
477 654 721 709 stravere.
741 654 933 719 Getas»,
959 674 1058 709 seu
1079 659 1215 711 forte
1238 661 1500 726 rigentem
1876 667 1949 720 65

136 728 636 788 Thermodontiaca
660 737 875 791 Tanain
899 741 1111 809 fregere
1136 745 1332 796 securi.

132 891 348 943 Arethusa,
364 908 458 945 quas
475 896 647 959 Alpheus
665 905 848 942 externus
865 905 938 944 alit
951 919 964 945 .-
994 906 1128 957 Cyane
1143 907 1317 958 superior
1335 911 1401 946 est
1419 907 1521 947 omni
1538 913 1635 948 coetu
1652 908 1946 960 nympharum.

131 944 462 1007 ‚Quemadmodum
488 950 615 1010 fortis
658 954 773 993 turba
818 957 1057 998 Amazonum
1098 961 1244 1009 gaudet
1289 961 1410 999 scietis
1451 962 1596 1010 curvis,
1638 962 1949 1014 quotiescumque

131 997 349 1050 Hippolyte
370 1001 547 1042 Heroma
569 1010 789 1066 postquam
809 1010 977 1050 vastavit
990 1010 1327 1063 Septemtriaemem,
1341 1014 1490 1052 reducit
1502 1013 1717 1062 formosum
1737 1011 1951 1054 exercitum

125 1054 217 1101 post
240 1064 439 1103 pugnam;
466 1067 532 1095 seu
574 1064 748 1099 vicerunt
770 1060 894 1102 Getas
920 1063 1069 1115 flavos,
1095 1077 1163 1105 seu
1180 1065 1320 1114 sonan
1347 1071 1533 1118 ruperunt
1561 1067 1711 1107 Tanain
1736 1068 1950 1118 glaciatum

896 1180 1187 1200 OOOONOOOOOO

128 1250 237 1287 tuum
252 1249 426 1293 Thalos.
461 1261 707 1304 superaverat
726 1269 866 1307 agmen
885 1259 1007 1299 Voss.
1028 1264 1198 1310 pr.—62
1225 1263 1384 1302 aduncis
1401 1264 1505 1302 Vat.
1523 1269 1662 1316 quart.
1680 1265 1868 1304 Florent.
1888 1275 1945 1304 m.

127 1312 193 1351 pr.
227 1301 330 1341 Put.
364 1305 530 1346 Bonon.
560 1308 662 1347 Jun.
696 1322 759 1360 pr.
804 1311 997 1361 ademptis
1027 1319 1113 1352 tres
1143 1313 1265 1354 Vatt.
1302 1321 1347 1353 et
1367 1315 1407 1354 d.
1441 1316 1534 1355 Pal.
1564 1316 1671 1367 Reg.
1684 1322 1769 1355 tres
1787 1317 1943 1356 PetaV.

125 1354 319 1394 chartac.
340 1355 492 1396 Heius.
511 1358 714 1399 Jun.sec.
735 1362 877 1401 Oxou.
907 1375 993 1402 sec.
1026 1365 1134 1405 Exc.
1164 1365 1317 1406 Petav.
1339 1373 1478 1418 quart.
1525 1368 1677 1418 adeptis
1710 1369 1853 1408 Oxou.
1880 1380 1945 1418 pr.

125 1408 287 1446 aduncis
306 1409 372 1447 vel
391 1411 583 1461 ademptis
601 1412 770 1453 Tholos.
791 1415 875 1454 inc.
897 1414 1043 1455 Heius.
1088 1418 1235 1456 adultis
1267 1419 1330 1456 vel
1358 1420 1519 1457 aduncis
1542 1421 1642 1459 Vat.
1666 1432 1755 1459 sec.
1797 1421 1944 1460 adultis

126 1460 197 1499 vel
215 1462 375 1500 aduncis
393 1463 462 1501 vel
480 1465 672 1514 ademptis
689 1467 812 1506 Voss.
833 1472 1030 1506 secu—64
1059 1469 1167 1508 ducit
1190 1470 1321 1509 niveas
1346 1471 1502 1510 Moret.
1523 1476 1692 1522 pr.-65
1725 1472 1845 1511 Getes
1861 1471 1945 1511 Pe-

124 1519 216 1552 tav.
236 1518 448 1554 tert.-—-66
480 1515 819 1557 Thermodontiaca
852 1521 952 1559 Vat.
981 1532 1044 1570 pr.
1073 1527 1118 1560 et
1152 1527 1252 1560 tert.
1287 1523 1403 1562 Med.
1432 1530 1570 1574 quart.
1605 1524 1705 1562 Put.
1737 1525 1944 1574 Reg.duo

124 1565 277 1605 Petav.
310 1568 475 1607 Bonon.
510 1569 697 1609 chartac.
728 1571 879 1611 Heius.
910 1572 1012 1612 Jun.
1037 1584 1122 1612 sec.
1152 1572 1250 1612 Ala.
1271 1575 1340 1613 ed.
1358 1576 1498 1614 Vicet.
1518 1576 1721 1615 Var.LL.
1752 1588 1776 1615 e
1805 1589 1941 1626 marg.

124 1617 271 1657 Parm.
304 1619 379 1658 Sil.
413 1620 515 1660 Ital.
551 1633 600 1660 11.
636 1626 701 1662 80.
728 1625 740 1644 ‘
760 1624 1140 1665 Thermodontiaca
1167 1628 1328 1666 munita
1361 1628 1402 1665 in
1431 1628 1581 1678 praelia
1606 1628 1747 1678 pelta!
1795 1628 1945 1667 Tanain

124 1671 231 1711 Exc.
252 1672 404 1713 Petav.
423 1680 560 1725 quart.
611 1675 774 1715 Tanaim
802 1677 895 1716 Pal.
931 1678 1118 1717 Florent.
1144 1678 1228 1718 duo
1248 1679 1366 1719 Med.
1385 1679 1533 1720 Heius.
1553 1680 1610 1720 H.
1628 1686 1672 1720 et
1700 1681 1786 1719 inc.
1805 1682 1942 1731 ejusd.

116 1724 235 1776 Reg.
257 1730 343 1766 tres
356 1726 511 1768 Petav.
532 1728 601 1768 ed.
623 1728 766 1769 Vicet.
800 1733 971 1770 stravere
986 1742 1063 1782 pro
1073 1730 1237 1782 fregere
1256 1733 1361 1772 Exc.
1380 1732 1535 1773 Petav.
1554 1737 1801 1785 quam—69
1818 1734 1943 1773 madi-

955 1836 1130 1877 NOTAE

116 1928 195 1963 *tur
230 1935 256 1964 a
292 1925 452 1967 virtute
496 1928 668 1969 bellica.
722 1930 823 1970 Fuit
858 1936 1002 1970 autem

114 1985 353 2039 Arethusa,
383 1990 538 2030 Dianae
572 2004 730 2042 comes,
762 1993 816 2032 ab
834 1992 1001 2044 Alpheo

113 2054 280 2099 amata,
310 2052 429 2102 cujus
465 2053 546 2092 vim
577 2066 672 2092 cum
706 2053 896 2105 effugere
916 2067 1002 2094 non

119 2116 281 2162 posset,
298 2112 340 2150 in
362 2112 540 2166 fontem,
565 2115 715 2156 Dianae
736 2117 1004 2156 commisera-

111 2172 255 2225 tione,
273 2180 437 2215 mutata
457 2182 538 2216 est.
676 2177 683 2186 '

112 2247 115 2249 ’
174 2238 583 2290 Αάτεηα...ᾼ1ρ1ιειι3]
627 2239 820 2292 Alpheus
850 2241 1004 2281 fluvius

121 2305 186 2339 est
206 2300 342 2344 Elidis
362 2301 405 2339 in
421 2302 721 2353 Peloponneso
737 2303 920 2342 Graeciae
941 2315 1004 2342 re-

121 2361 272 2413 gione:
302 2362 375 2401 ille
407 2360 562 2402 fluvius
598 2375 675 2415 per
705 2363 1002 2403 subterraneos

121 2425 201 2465 sub
220 2426 326 2465 mari
345 2432 511 2466 meatus
543 2427 740 2478 pervenit
767 2427 818 2466 ad
839 2426 1002 2467 fontem

122 2487 408 2538 Arethusam3
455 2495 500 2528 et
529 2490 629 2530 inde
658 2497 757 2530 nata
785 2490 930 2530 fabula
957 2496 1003 2531 et

111 2548 241 2590 fluvii
261 2556 304 2590 et
323 2550 455 2591 fontis
477 2564 679 2592 amorum.

173 2616 224 2652 61
258 2613 409 2665 Cyane]
440 2614 550 2654 Fons
578 2620 646 2655 est
678 2615 836 2655 Siciliae
865 2627 1001 2667 prope

114 2677 380 2729 'Syracusas3
420 2679 492 2730 qui
521 2691 605 2719 non
639 2679 750 2719 virili
783 2680 928 2731 specie
954 2685 1002 2719 ut

119 2739 313 2792 Anapus,
329 2741 402 2780 sed
423 2742 619 2782 muliebri
638 2754 709 2781 ore
729 2742 962 2783 colebatur.

111 2807 114 2811 ’
171 2805 225 2841 62
271 2803 430 2854 Qualis]
474 2804 588 2843 Talis
626 2809 694 2844 est
727 2804 1004 2855 Proserpina,

119 2864 255 2916 qualis
274 2864 511 2916 Hippolyte
531 2864 789 2905 Amazonum
825 2866 982 2917 regina.

171 2927 474 2978 Amazonidum]
506 2927 740 2968 Amazones
760 2934 804 2968 et
823 2928 1001 2969 Amazo-

112 2989 238 3032 uides
257 2989 380 3029 fuere
403 2991 599 3031 mulieres
622 2990 853 3041 bellicosae,
872 2992 1000 3031 Ther-

108 3052 334 3092 modontis
362 3052 650 3103 Cappadociae
670 3051 787 3091 fluvii
818 3054 998 3100 a‹·colae:

110 3115 180 3154 sie
197 3114 322 3154 dictae
340 3120 454 3164 sunt,
467 3115 536 3154 vel
550 3115 602 3154 ab
618 3113 831 3154 Amazone
852 3117 1007 3167 puella,

120 3178 356 3228 Samornae,
398 3178 646 3218 Sacerdotis
695 3178 849 3217 Dianae
882 3184 926 3217 et
955 3179 1009 3217 E-

110 3240 240 3292 phesi
273 3241 448 3292 regium,
470 3240 572 3290 filia,
595 3241 664 3280 vel
682 3241 781 3292 quia
800 3239 1008 3280 infantum

119 3301 297 3342 dextras
311 3302 521 3341 mamillas
538 3301 785 3353 inurebant,
805 3314 858 3342 ne
876 3303 1004 3353 sagit-

116 3369 256 3406 tarum
282 3364 430 3417 jactus
461 3363 774 3417 impediretur:
803 3372 848 3406 et
867 3366 931 3408 ita
950 3365 1007 3406 A·

1067 1943 1263 1972 mazones
1280 1931 1407 1972 dictae
1425 1932 1477 1972 ab
1493 1947 1517 1971 a
1528 1932 1625 1982 sine,
1637 1936 1681 1971 et
1693 1929 1816 1981 μαζὸς
1826 1943 1946 1970 mam·

1066 2007 1146 2044 ma,
1166 1996 1285 2047 quasi
1305 1996 1502 2035 mulieres
1520 1995 1610 2034 sine
1628 2005 1825 2033 mamma.

1121 2057 1266 2107 Peltis]
1305 2059 1433 2097 Pelta
1462 2062 1528 2097 est
1559 2062 1724 2096 scutum
1749 2055 1944 2096 brevissi-

1068 2131 1201 2170 mum,
1218 2127 1260 2158 et
1281 2121 1472 2159 lunatum
1494 2130 1567 2158 seu
1586 2130 1774 2157 curvum.

1123 2184 1176 2220 63
1218 2180 1388 2231 Arcton]
1432 2179 1598 2219 Gentes
1624 2178 1840 2229 Arcticas,
1870 2189 1944 2218 sen

1069 2242 1468 2292 Septemtrionales.

1130 2303 1295 2353 Virago]
1341 2304 1419 2342 Est
1459 2301 1611 2342 mulier
1650 2301 1864 2352 bellicosa,
1898 2307 1944 2342 et

1069 2364 1252 2404 heroicae
1270 2364 1438 2403 indolis.

1121 2431 1174 2467 64
1211 2427 1445 2479 Hippolyte]
1485 2426 1651 2477 Regina
1683 2425 1942 2482 Amazonum

1067 2497 1169 2530 ante
1186 2489 1341 2529 bellum
1356 2489 1591 2540 'trojanum
1602 2488 1766 2528 Theseo
1786 2489 1944 2540 nupsit,

1069 2553 1132 2592 ita
1152 2553 1322 2592 volente
1338 2552 1542 2591 Hercule.

1123 2616 1291 2666 Niveas]
1335 2615 1560 2666 Candidas,
1605 2615 1832 2667 pulchras3
1873 2614 1943 2654 vel

1066 2679 1179 2719 forte
1199 2678 1352 2718 alludit
1371 2678 1424 2718 ad
1444 2679 1562 2718 nives
1579 2677 1921 2729 septemtrionis.

1123 2743 1220 2781 Post
1234 2741 1392 2792 proelia]
1421 2741 1554 2780 Parta
1572 2739 1767 2779 victoria.

1120 2807 1171 2843 65
1215 2802 1356 2853 Getas]
1403 2802 1530 2842 Getae
1564 2800 1711 2852 populi
1743 2805 1842 2840 sunt
1874 2799 1943 2839 vel

1065 2866 1255 2918 Scythiae
1291 2865 1362 2904 vel
1393 2863 1600 2903 Thraciae.
1657 2862 1762 2901 Geta
1788 2860 1944 2901 servile

1066 2941 1218 2969 nomen
1249 2927 1360 2978 apud
1395 2926 1604 2975 Comicos,
1629 2936 1725 2963 nam
1752 2923 1851 2963 inde
1871 2935 1944 2965 ve.-

1065 2993 1183 3031 nales
1205 2990 1315 3030 servi
1334 2988 1627 3029 mittebantur.

1118 3058 1172 3094 66
1192 3050 1549 3100 Thermodontiaca]
1578 3048 1855 3096 Thermodon,
1868 3047 1947 3088 flu·

1073 3118 1184 3168 vius,
1213 3127 1298 3155 non
1326 3112 1631 3156 Ther-modom»,
1662 3122 1784 3162 quem
1813 3114 1858 3149 et
1884 3108 1942 3149 A·

1074 3191 1206 3220 raxen
1224 3178 1441 3224 dixerunt,
1467 3174 1777 3225 Cappadociam
1805 3171 1940 3210 alluit.

1076 3240 1418 3281 Thermodontiaca
1444 3236 1583 3285 securi,
1617 3235 1657 3273 id
1677 3238 1758 3280 est,
1786 3233 1940 3283 patria,

1072 3316 1148 3343 seu
1175 3300 1290 3354 quali
1317 3299 1551 3340 Amazones
1583 3299 1759 3335 utuntur
1784 3293 1838 3333 ad
1863 3291 1942 3333 flu·

1072 3365 1189 3405 vium
1205 3361 1572 3404 Thermodontem.
