2300 3906
462 240 527 280 m
572 241 935 283 auricomum
981 243 1096 282 mn.
1134 243 1200 282 ιι.
1243 244 1515 284 PRAEFAT.
1786 237 1896 292 513

82 342 261 410 QuaS,
290 344 486 413 spado,
524 361 667 397 nunc
693 349 880 410 terraS,
906 354 1001 401 aut
1024 367 1185 417 quem
1209 334 1467 404 transibis
1490 352 1547 403 in
1573 356 1774 406 axem?

154 429 400 497 Cingeris
424 429 549 480 hinc
575 429 737 492 odiis,
774 431 901 482 inde
925 435 1151 486 recessit
1171 451 1341 489 amor.
1475 489 1491 505 ⁶

80 512 330 582 ‘Utraque
354 518 406 564 te
434 514 650 580 gemino
676 514 778 564 sub
806 514 986 567 sidere
1010 519 1162 584 regia
1187 519 1443 572 damnat:
1602 535 1604 538 ·
1824 521 1896 575 35

152 596 463 664 Hesperius
487 614 787 665 nunquam,
817 598 934 667 jam
957 617 1055 653 nec
1081 602 1236 654 Eous
1260 604 1386 655 criS.

46 692 57 702 ⁵
80 680 258 735 Miror
281 699 395 746 cur,
435 683 557 734 aliis
584 683 677 751 qui
704 683 942 749 pandere
965 686 1080 738 fata
1103 687 1342 747 solebas,

150 765 243 818 Ad
266 768 544 835 propriam
572 767 806 831 cladem,
849 784 1001 820 caeca
1026 769 1256 838 Sibylla,
1297 773 1490 823 taces?

78 845 115 902 J
120 866 210 902 am
234 852 332 902 tibi
356 852 503 903 nulla
526 851 674 904 videt
698 852 876 904 fallax
901 853 1170 906 insomnia
1195 855 1359 906 Nilus
1381 872 1394 907 ε

56 956 75 971 ·
152 934 484 1002 Pervigilant
504 941 661 987 vates
687 953 808 998 neC,
835 939 1162 1003 miserande,
1190 941 1288 991 tui.
1824 944 1899 996 40

79 1015 229 1081 Quid
249 1019 441 1069 soror?
481 1018 710 1070 audebit
734 1025 912 1071 tecum
935 1023 1306 1075 conscendere
1332 1041 1594 1092 puppem,

151 1101 224 1154 Et
246 1102 430 1154 veniet
452 1101 675 1170 longum
701 1119 797 1172 per
820 1120 968 1156 mare
987 1105 1099 1157 fida
1123 1108 1348 1158 comcs?

78 1251 117 1291 Ο
134 1252 326 1302 Eunai-he,
345 1253 386 1292 in
403 1265 499 1305 quas
515 1266 614 1293 nunc
634 1255 937 1303 transgredieris
959 1260 1098 1308 terras,
1129 1261 1200 1297 aut
1217 1271 1330 1309 quam
1352 1258 1392 1298 in
1410 1255 1639 1308 regionem?
1695 1258 1804 1301 Hinc
1821 1259 1897 1298 cir·

76 1307 272 1346 cumdaris
287 1306 402 1358 odiis,
430 1308 520 1346 inde
550 1319 659 1346 amor
675 1308 789 1347 abiit.
844 1310 959 1348 Auloe
991 1312 1078 1350 duoe
1113 1313 1362 1350 condemnant
1396 1315 1448 1360 te,
1475 1313 1542 1350 sub
1561 1311 1705 1351 duobus
1724 1313 1896 1362 Impera-

76 1358 225 1399 toribus
242 1373 257 1399 .·
273 1359 361 1408 jam
379 1373 573 1411 nunquam
605 1361 683 1400 eris
718 1362 979 1413 occidentalis,
1015 1377 1085 1403 nec
1104 1365 1223 1404 Eous.
1278 1364 1480 1414 Admiror,
1498 1378 1567 1403 cur
1581 1371 1641 1415 tu,
1659 1366 1723 1416 qui
1742 1378 1896 1405 consue·

76 1424 186 1451 veras
203 1413 356 1464 aperire
378 1413 521 1462 futura
553 1414 704 1466 ceteris,
739 1416 855 1454 sileas
886 1417 928 1455 in
961 1418 1184 1456 calam-itate
1216 1422 1298 1467 tua,
1326 1418 1442 1456 velut
1461 1418 1612 1469 Sibylla
1631 1423 1748 1459 muta.
1801 1420 1897 1459 Jam

78 1464 198 1505 Nilus
215 1478 335 1506 vanus
352 1469 458 1507 nulla
489 1469 613 1507 cernit
642 1469 808 1518 somnia‚
839 1481 956 1520 neque
986 1470 1127 1510 harioli
1159 1471 1219 1510 tui
1250 1471 1417 1521 vigilant
1442 1471 1536 1520 tibi,
1561 1484 1585 1510 o
1604 1471 1731 1511 miser.
1789 1472 1896 1516 Quid

73 1530 184 1558 soror
203 1524 277 1559 tua
294 1518 423 1561 facit?
479 1519 549 1560 An
568 1521 727 1562 audebit
744 1524 947 1563 ascendere
973 1525 1104 1563 navim
1131 1529 1272 1575 tecum,
1302 1528 1338 1563 et
1369 1526 1472 1564 socia
1479 1524 1616 1578 fidelis
1634 1528 1810 1576 sequetur
1823 1536 1896 1577 per

843 1642 1135 1659 OOOOOOOOOOOO

79 1722 181 1768 Put.
200 1735 254 1763 m.
275 1735 359 1764 sec.
372 1724 538 1764 Bonon.
554 1724 728 1765 Tholos.
742 1724 894 1766 Ambr.
918 1731 1020 1766 tert.
1035 1728 1138 1768 Lov.
1150 1731 1237 1766 tres
1250 1726 1402 1766 Petav.
1420 1725 1503 1766 inc.
1516 1725 1667 1765 Heius.
1689 1726 1794 1765 Exc.
1810 1724 1897 1764 Ge·

77 1781 188 1817 vart.
205 1777 386 1816 Lucens.
409 1789 492 1816 sec.
518 1777 624 1817 Cod.
646 1778 799 1818 Rhem.
818 1781 919 1818 Var.
935 1780 1021 1819 LL.
1042 1793 1065 1819 e
1090 1793 1220 1830 marg.
1235 1780 1376 1818 Parm.
1404 1779 1511 1817 dabit
1535 1780 1602 1817 vel
1621 1778 1737 1817 dabat
1752 1778 1894 1818 Oxon.

76 1840 161 1868 sec.
174 1841 286 1880 poena
301 1830 408 1868 Exc.
427 1831 608 1869 Lucens.
628 1843 692 1880 pr.
712 1838 757 1870 et
773 1832 893 1871 Laeti.
910 1832 1045 1881 lingua
1061 1833 1127 1872 ed.
1146 1833 1289 1872 Vicet.
1314 1844 1425 1882 poena
1439 1832 1504 1870 vel
1520 1833 1656 1880 lingua
1673 1832 1775 1870 Exc.
1798 1832 1895 1871 Par.

76 1885 272 1922 rem-33
305 1882 389 1925 Quo
407 1884 525 1932 spado
541 1884 659 1922 Rott.
689 1884 872 1922 transibit
892 1884 976 1922 duo
996 1886 1116 1923 Vatt.
1136 1886 1252 1923 Prie.
1273 1897 1327 1922 m.
1345 1896 1408 1933 ρι’.
1428 1884 1598 1922 Tholos.
1615 1882 1762 1923 Ambr.
1779 1895 1896 1933 pr.—

78 1937 130 1974 84
158 1935 227 1973 Ιιοε
242 1934 341 1973 odiis
354 1935 382 1975 J
388 1947 456 1973 un.
480 1947 543 1986 pr.
563 1935 626 1974 hic
648 1936 858 1976 odiisPut.
885 1937 1033 1975 resistit
1050 1936 1195 1976 Ambr.
1220 1940 1422 1975 tem—35
1452 1940 1489 1974 te
1512 1938 1637 1974 sidere
1655 1936 1773 1975 Med.
1796 1942 1897 1975 tert.

75 1987 145 2028 sub
156 1989 310 2037 gemino
322 1991 361 2026 te
377 1988 503 2027 sidere
515 1989 675 2028 Thuan.
693 1989 801 2039 regio
813 1990 968 2039 gemino
981 1989 1049 2027 sub
1063 1990 1189 2028 sidere
1202 1989 1285 2028 duo
1297 1990 1396 2028 Vat.
1411 1989 1528 2027 Prie.
1546 1991 1701 2027 damnet
1716 1989 1740 2028 J
1749 2000 1815 2028 un.
1835 2001 1897 2039 ρι’.

75 2045 183 2081 ——36
201 2040 435 2092 Hesperium
453 2042 555 2080 Vat.
577 2054 640 2092 pr.
670 2054 724 2082 m.
756 2054 820 2093 pr.
850 2055 1052 2093 numquam
1073 2043 1139 2082 vel
1168 2055 1355 2092 nusquam
1374 2042 1515 2081 Oxou.
1537 2053 1620 2080 sec.
1650 2041 1726 2080 erit
1745 2042 1898 2082 PetaV.

78 2098 288 2134 tem—37
317 2106 401 2144 quoe
432 2095 597 2134 Tlman.
627 2095 786 2134 Moret.
816 2108 880 2146 pr.
905 2096 1044 2135 Oxon.
1076 2108 1162 2135 sec.
1195 2096 1346 2134 Petav.
1367 2101 1465 2134 tert.
1483 2094 1599 2142 facta
1613 2094 1728 2133 Prie.
1756 2094 1899 2134 solebat

76 2147 177 2189 Jun.
199 2151 371 2199 lin—38
407 2149 533 2187 tabem
564 2149 664 2189 Jun.
686 2161 748 2200 pr.
770 2150 841 2200 qui
864 2154 909 2188 et
947 2153 1050 2188 tecta
1070 2162 1148 2200 pro
1188 2162 1289 2188 coeca
1322 2148 1511 2187 exhibet.
1558 2153 1675 2198 taces,
1693 2147 1781 2186 sine
1797 2153 1900 2187 nota

76 2200 439 2252 interrogationis,
467 2202 574 2240 Exc.
595 2202 880 2241 Geva1·t.-39
897 2201 987 2251 jam
1016 2203 1109 2253 quia
1141 2204 1247 2241 nulla
1263 2202 1369 2255 fides
1386 2201 1522 2248 fallax
1550 2203 1600 2239 ad
1626 2201 1774 2239 somnia
1792 2201 1897 2239 visus

77 2253 194 2294 Med.
215 2258 425 2294 tert.--4o
467 2254 715 2304 Provigilant
747 2255 869 2294 ambo
898 2256 1057 2296 Moret.
1096 2256 1280 2305 Pervigil
1298 2260 1370 2294 aut
1389 2256 1489 2294 Vat.
1509 2267 1595 2293 sec.
1626 2255 1710 2293 Nec
1728 2254 1896 2303 vigilant

77 2307 147 2346 vel
180 2307 428 2357 Pervigilant
457 2307 600 2347 Oxon.
634 2320 700 2360 pr.
747 2310 831 2348 Nec
851 2309 917 2347 vel
961 2310 1075 2348 Nunc
1092 2310 1160 2348 vel
1190 2309 1437 2358 Pervigilant
1460 2309 1568 2358 Reg.
1597 2319 1666 2346 nec
1685 2307 1899 2346 miserande

77 2360 175 2400 Pal.
204 2373 304 2400 nunc
322 2361 481 2400 Moret.
497 2374 583 2401 sec.
606 2362 713 2402 Exc.
729 2362 907 2401 Gevart.
936 2375 1010 2401 non
1029 2363 1111 2401 duo
1130 2363 1251 2401 Vatt.
1275 2363 1399 2400 Farn.
1421 2362 1572 2400 Petav.
1597 2373 1659 2410 pr.
1681 2365 1766 2398 vet.
1788 2359 1896 2410 Gyr.

78 2426 147 2453 nec
161 2416 228 2454 vel
255 2426 355 2453 nunc
376 2414 499 2453 Leid.
519 2427 604 2454 sec.
621 2415 709 2464 jam
726 2415 828 2454 vat.
852 2427 915 2465 pr.
936 2422 981 2454 et
1004 2420 1103 2455 tert.
1124 2416 1243 2455 Leia.
1274 2427 1337 2465 pr.
1373 2416 1493 2453 Rott.
1522 2414 1710 2452 Florent.
1734 2413 1895 2452 Mazar.

77 2466 181 2507 Put.
198 2479 254 2505 m.
276 2479 362 2506 sec.
380 2467 527 2507 Ambr.
551 2480 636 2507 sec.
664 2468 883 2507 miseranda
913 2469 1074 2507 Moret.
1108 2481 1172 2518 ρι’.
1202 2468 1275 2507 tibi
1297 2479 1373 2518 pro
1401 2467 1462 2504 tui
1482 2467 1584 2504 Exc.
1614 2467 1794 2504 Lucens.
1811 2476 1898 2505 see.

0 2532 1 2535 ’
78 2523 184 2559 -41
217 2521 331 2565 Quod
350 2521 457 2571 Reg.
488 2519 628 2565 Quid?
665 2533 773 2560 soror
796 2527 976 2572 quatuor
994 2522 1115 2560 Vatt.
1153 2521 1299 2559 Ambr.
1331 2531 1416 2558 sec.
1454 2518 1524 2569 qui
1557 2523 1602 2556 et
1648 2516 1811 2556 ardebit.
1841 2521 1905 2568 te·-

76 2585 211 2612 eumne
237 2575 466 2612 adscendere
501 2572 651 2613 Ambr.
686 2579 787 2613 tert.
828 2586 962 2613 nai-em
979 2574 1079 2613 Vat.
1099 2574 1234 2624 quint.
1273 2572 1434 2622 puppim
1468 2576 1553 2609 vet.
1579 2570 1686 2621 Gyr.
1714 2570 1900 2609 Flore-nt.

82 2625 199 2665 Med.
229 2637 314 2664 sec.
347 2630 393 2664 et
425 2626 604 2665 Claver.v
628 2638 776 2676 puppes
802 2626 919 2666 Pric.
953 2626 1093 2666 Oxou.
1124 2628 1295 2676 ρι’.-42
1324 2625 1451 2663 veniat
1473 2623 1590 2663 Med.
1610 2628 1746 2675 quart.
1774 2627 1899 2662 tecum

897 2753 1077 2794 NOTAE

73 2865 248 2917 cietque
269 2868 316 2904 ut
332 2863 600 2915 ematuripsa
616 2864 861 2915 poena3hoc
877 2868 959 2914 est,
1025 2864 1164 2914 Supra
1195 2862 1270 2905 lib.
1288 2873 1320 2901 1.
1359 2860 1401 2900 in
1435 2862 1617 2911 Eutrop.
1653 2870 1711 2898 vs».
1731 2859 1824 2897 312.
1855 2860 1901 2897 et

77 2929 203 2975 ,honio
251 2941 377 2981 poena
418 2930 714 2982 supplicioque
750 2929 959 2968 mulctan-
1026 2929 1119 2965 313.

82 2991 175 3032 dus.
1079 2992 1130 3027 38
1171 2989 1284 3027 Coeca
1313 2986 1482 3039 Sibylla]
1527 2987 1665 3025 Vocat
1685 2990 1730 3023 et
1750 2985 1903 3023 Eutro-

136 3059 187 3094 35
250 3056 423 3107 Utraque
456 3055 588 3107 regia]
657 3053 959 3095 Constantino·
1026 3050 1142 3102 pium
1174 3050 1396 3102 Sibyllam,
1447 3049 1559 3101 quod
1596 3053 1710 3088 esset
1746 3047 1902 3086 vetulae

83 3118 274 3171 politana
293 3124 338 3158 et
358 3120 563 3158 Romana.
1027 3112 1279 3152 simillimus.

139 3181 303 3221 Gemino
316 3181 386 3220 sub
401 3179 546 3230 sidere]
602 3178 688 3219 Sub
707 3178 896 3219 Arcadio
915 3183 960 3217 et
1080 3179 1132 3215 39
1160 3173 1376 3223 Iusomnia]
1430 3174 1568 3224 Supra
1603 3172 1677 3211 lib.
1699 3183 1729 3210 1.
1756 3169 1799 3208 in
1819 3170 1903 3209 Eu·

85 3243 291 3292 Honorio,
346 3243 417 3296 qui
470 3249 671 3295 tanquam
719 3242 802 3281 duo
845 3247 961 3281 astra
1027 3243 1140 3288 trop.
1171 3239 1342 3275 vs.312.

85 3305 311 3347 Orientem
331 3312 373 3345 et
390 3306 677 3346 Occidentem
699 3309 869 3356 regunt.
1079 3304 1130 3340 41
1159 3298 1297 3349 Soror]
1353 3297 1490 3346 Uxor,
1518 3307 1643 3348 quam
1671 3291 1901 3344 Eutropius

138 3371 188 3407 37
235 3369 343 3408 Aliis
377 3369 444 3420 qui
475 3370 646 3420 pandere
670 3367 765 3416 fata
797 3366 961 3417 solebas]
1025 3361 1215 3403 habebat
1234 3366 1284 3401 ut
1301 3371 1504 3401 sororem.

87 3432 203 3472 Dum
222 3429 441 3470 referebat
459 3431 630 3471 oracula
650 3430 961 3483 AEgyptiorum.

193 3497 336 3549 Delpla.
355 3500 393 3537 et
424 3498 515 3538 Var.
530 3498 639 3538 Clas.
947 3494 1089 3535 Claud.
1698 3486 1726 3524 2
1754 3483 1811 3527 K*
