2300 3906
376 212 484 266 980
900 228 1029 266 -οι,
1069 224 1424 266 anumAm
1468 223 1680 265 xxxv.

294 324 299 326 ¹
374 336 624 390 Verbera
648 337 805 390 nulla
831 339 1046 398 sonant,
1072 335 1331 404 nuHoque
1354 337 1648 389 frementia
1670 337 1822 389 luctu

373 421 559 490 Impia
583 422 768 474 dilatis
793 421 1071 498 respirant
1094 421 1331 474 Tartara
1353 424 1556 490 poenis·

373 505 505 559 Non
532 511 653 558 rota
675 521 1011 574 suspensum
1037 521 1291 574 praeceps
1319 506 1525 560 Ixiona
1550 511 1801 576 torquet:
2089 505 2198 559 335

372 591 504 643 Non
529 607 674 658 aqua
699 590 985 642 Tantaleis
1011 591 1336 643 subducitur
1359 591 1551 644 invida
1574 593 1766 646 labris,

367 674 646 744 (Solvitur
673 674 871 726 Ixion:
910 675 1120 727 invenit
1142 675 1412 727 Tantalus
1434 674 1664 745 undaS.)

367 758 442 811 Et
464 759 661 828 Tityos
688 758 909 810 tandem
935 761 1217 827 spatiosos
1243 760 1401 826 erigit
1424 765 1575 813 artus
1597 779 1609 814 :

365 843 790 912 squalentisque
815 860 1009 896 novem
1033 843 1240 895 detexit
1255 845 1456 913 jugera
1477 845 1696 913 campi:

363 928 576 980 Tantus
601 934 729 980 erat.
805 929 1128 997 Laterisque
1153 931 1309 998 piger
1334 930 1576 982 sulcator
1601 931 1767 999 opaci
2084 929 2193 981 340

365 1011 581 1065 Invitus
608 1013 833 1066 trahitur
857 1014 1008 1066 lasso
1035 1013 1102 1065 de
1126 1017 1355 1082 pectore
1382 1014 1586 1079 vultur,

358 1216 444 1256 nois
461 1217 593 1267 agitat
620 1221 746 1257 sortes
762 1217 988 1269 ambiguas:
1006 1219 1175 1271 flagella
1192 1221 1299 1260 nulla
1331 1223 1526 1270 resonant,
1558 1223 1598 1259 et
1629 1220 1819 1259 Tartarea
1839 1218 2057 1270 ergastula
2089 1218 2192 1257 nullo

357 1272 579 1310 resonant-ia
594 1271 746 1321 gemitu
765 1272 964 1324 quiescant
990 1274 1193 1324 suppliciis
1222 1274 1396 1314 remotis.
1454 1275 1559 1313 Rota
1588 1273 1771 1313 volubilis
1802 1285 1877 1312 non
1895 1272 2017 1311 volvit
2048 1271 2193 1310 Ixiona

350 1326 606 1375 pendentem:
659 1338 736 1364 non
766 1339 867 1376 aqua
894 1328 1067 1379 zelotypa
1095 1328 1263 1378 eripitur
1292 1328 1351 1367 ori
1386 1327 1568 1367 Ίίιηίαῑιίυ
1598 1327 1714 1366 Ixion
1746 1326 1966 1378 requiescit,
2003 1325 2192 1364 Tantalus

355 1378 500 1428 reperit
535 1391 667 1429 aquas.
707 1379 849 1431 Tityus
880 1381 1044 1431 denique
1077 1382 1223 1420 attollit
1257 1381 1430 1420 membra
1463 1381 1698 1428 vastissima,
1740 1392 1786 1417 ac
1821 1379 2008 1428 relinquit
2037 1379 2192 1417 detecta

343 1430 489 1480 jugera
507 1444 640 1470 novem
658 1433 749 1481 agri
767 1434 965 1471 moerentis
977 1447 990 1471 .·
1016 1438 1150 1472 tantus
1168 1438 1252 1471 erat
1264 1434 1283 1471 !
1309 1438 1349 1471 et
1366 1433 1560 1471 vulturius
1576 1433 1703 1470 helluo
1720 1431 1896 1469 assiduus
1902 1430 2050 1479 jecoris
2065 1430 2194 1481 lividi,

353 1486 549 1524 reluctans
566 1486 748 1523 avellitur
778 1497 829 1523 ex
854 1486 1083 1534 praecordiis
1100 1484 1323 1533 fatigatis,-
1350 1488 1390 1522 et
1408 1488 1543 1523 moeret
1564 1484 1681 1533 jecur
1711 1483 1788 1523 sibi
1817 1487 1992 1534 ereptum
2009 1483 2188 1535 reparari

1117 1586 1414 1602 OO‘&ON“OOO

342 1656 503 1706 fernam
524 1657 593 1696 vel
606 1661 795 1696 oetemam
808 1658 933 1697 Voss.
948 1669 1033 1697 see.
1061 1658 1270 1698 clarescere
1281 1658 1384 1697 Vat.
1400 1657 1538 1710 quint.
1556 1657 1710 1697 Petav.
1729 1660 1952 1697 sem—333
1979 1658 2189 1698 trementia

349 1710 377 1750 J
383 1723 451 1750 un.
470 1722 553 1750 sec.
573 1710 805 1762 frequentia
822 1711 982 1751 Moret.
1002 1714 1204 1762 pr.—-334
1243 1712 1384 1751 delatis
1417 1711 1571 1751 PetaV.
1603 1723 1668 1762 pr.
1695 1712 1927 1762 respondent
1945 1711 2185 1752 Pan—335

351 1764 439 1802 Nec
456 1768 542 1803 rota
563 1766 663 1804 Vat.
685 1777 749 1815 pr.
768 1770 813 1803 et
828 1777 914 1805 sec.
930 1767 1054 1805 Voss.
1072 1775 1157 1804 sec.
1173 1765 1282 1804 Cod.
1298 1765 1672 1804 Bartholin.--336
1703 1764 1896 1818 Tantaliis
1911 1763 2015 1804 Exe.
2032 1765 2186 1806 Petav.

348 1824 489 1869 quart.
524 1818 743 1857 Tantalicis
760 1819 859 1857 Vat.
880 1831 945 1869 pr.
966 1824 1012 1858 et
1032 1831 1119 1858 sec.
1135 1820 1260 1858 Voss.
1275 1830 1361 1859 sec.
1380 1818 1489 1858 Cod.
1507 1818 1748 1857 Bartholin.
1778 1818 1976 1858 Tantaleis
1994 1818 2187 1858 Florent-

348 1882 445 1910 cum
468 1871 621 1922 viginti
642 1872 748 1911 aliis.
788 1872 947 1912 humida
980 1878 1027 1912 et
1061 1872 1181 1911 uvida
1201 1884 1255 1911 ex
1275 1872 1573 1911 emendatione
1594 1872 1718 1911 Voss.
1738 1883 1802 1922 pr.
1835 1882 2017 1924 sequens
2036 1883 2184 1912 versus

347 1923 500 1964 deerat
518 1925 617 1965 Jun.
637 1929 860 1965 sem-4338
894 1926 1028 1977 Tityos
1048 1926 1128 1965 ine.
1150 1926 1302 1965 Heius.
1338 1927 1478 1977 Tityus
1497 1936 1642 1964 omnes
1662 1925 1783 1965 Vatt.
1804 1925 1899 1964 Pal.
1922 1925 2075 1965 PetaV.
2095 1937 2184 1966 sec.

346 1978 455 2017 (lod.
476 1979 713 2019 Bartholin·.
746 1981 888 2032 Tityon
909 1979 1010 2019 Vat.
1033 1980 1073 2018 d.
1107 1980 1300 2020 Florent.
1331 1980 1466 2019 Tition
1485 1979 1587 2018 Put.
1618 1979 1770 2018 Petav.
1802 1990 1869 2029 pr.
1900 1979 2008 2018 Exc.
2028 1979 2185 2019 Petav.

347 2037 488 2081 quart.
515 2034 706 2083 spatiosus
724 2034 847 2073 Voss.
866 2045 952 2072 sec.
982 2033 1113 2083 exigit
1133 2033 1278 2073 Oxou.
1299 2045 1366 2085 pr.
1387 2033 1495 2072 Exc.
1517 2033 1673 2072 Petav.
1689 2035 1965 2085 quarn—340
1992 2032 2185 2083 lacerique

344 2085 471 2125 Voss.
494 2099 558 2138 pr.
603 2086 757 2126 Averni
775 2087 1082 2138 'Pholos-——341¹
1120 2088 1211 2126 laxo
1244 2087 1399 2128 Petav.
1433 2099 1520 2127 sec.
1555 2086 1746 2126 chartac.
1779 2085 1934 2126 Heius.
1975 2086 2054 2125 lato
2084 2085 2182 2126 Pal.

1170 2193 1348 2233 NOTAE

1294 2288 1450 2335 turque
1470 2282 1697 2336 fugitque!
2181 2330 2186 2334 ‚

1345 2351 1424 2387 337
1456 2348 1662 2399 Tantalus]
1700 2349 1717 2371 ⁴
1753 2347 1924 2391 Quaerit
1963 2360 2096 2404 aquas
2134 2349 2178 2390 in

1291 2411 1415 2463 aquis
1431 2418 1481 2451 et
1501 2423 1627 2463 poma
1657 2410 1829 2464 fugacia
1843 2417 2000 2465 *captat
2019 2413 2181 2454 Tanta-

1289 2475 1378 2515 lus:
1411 2475 1505 2515 ·hoe
1537 2476 1601 2515 illi
1635 2477 1810 2527 garrula
1848 2476 1993 2528 lingua
2019 2476 2179 2518 dedite

340 2282 440 2322 ideo
459 2293 608 2322 urnam
629 2286 767 2331 tenet,
787 2294 841 2322 ex
857 2294 941 2334 qua
960 2281 1078 2322 varia
1095 2282 1225 2321 homi-

338 2358 437 2386 nnm
450 2348 620 2386 trahens
628 2353 742 2386 sorte
756 2346 1224 2398 nomina‚eorum‚dum

335 2411 547 2461 viverent,
568 2413 579 2433 ‘
602 2411 712 2451 vitas
730 2417 777 2451 et
796 2411 974 2451 crimina
993 2410 1146 2450 discit?

390 2478 469 2514 333
520 2475 709 2527 Verbera]
768 2476 962 2527 Flagella
997 2473 1223 2526 furiarum,

335 2537 489 2590 quibus
510 2544 656 2578 sontes
677 2539 940 2589 plectuntur.
986 2538 1189 2589 Virgilius
1207 2552 1218 2578 :

335 2603 348 2625 ‘
370 2603 586 2643 Continuo
606 2608 751 2643 sontes
770 2603 903 2642 ultrix
929 2602 1126 2642 accincta
1143 2600 1219 2641 fla-

333 2666 448 2719 gello
466 2667 696 2717 Tisiphone
715 2665 856 2718 quatit
876 2663 1118 2704 insultans!

387 2734 468 2770 334
496 2730 626 2780 Impia
650 2725 837 2780 Tartara]
877 2729 1019 2768 Locus
1052 2726 1219 2768 Infero-

331 2804 425 2833 rum
443 2792 814 2845 profundissimus,
842 2793 885 2832 in
917 2805 999 2845 quo
1018 2792 1218 2833 scelerati

331 2861 378 2896 et
397 2857 518 2908 impii
537 2857 802 2897 cruciantur.

385 2918 620 2972 Respirant]
649 2921 907 2970 Quiescunt,
939 2919 1059 2971 quasi
1086 2930 1218 2959 onere

327 2993 549 3033 poenarum
565 2995 647 3022 non
663 2983 843 3034 amplius
858 2982 1058 3034 oppressi
1071 2986 1217 3022 sontes

325 3043 487 3095 forent,
508 3047 655 3097 sicque
676 3047 959 3097 respirarent.

382 3112 461 3148 335
494 3110 637 3148 Ixiona
656 3110 830 3160 torquet]
860 3109 961 3148 Non
995 3114 1092 3149 rota
1121 3121 1216 3149 cru-

327 3171 417 3213 ciat
445 3172 615 3211 assiduo
646 3172 909 3212 circumactu
941 3173 1108 3222 Ixiona,
1141 3173 1214 3226 qui

327 3241 496 3276 amotus
517 3250 537 3273 a
559 3235 688 3285 Jove,
724 3247 819 3274 cum
856 3236 938 3274 vim
971 3235 1132 3275 Junoni
1149 3236 1211 3275 in-

323 3297 443 3338 ferre
459 3299 682 3347 voluisset,
697 3298 921 3338 damnatus
937 3305 1018 3352 est,
1033 3305 1078 3338 et
1097 3298 1213 3350 apud

325 3359 486 3401 inferos
499 3361 668 3401 assidua
681 3368 789 3400 rotae
805 3362 1018 3412 vertigine
1033 3362 1213 3412 rapitur.

329 3422 510 3466 Ovidius
525 3438 537 3466 ι
565 3425 579 3447 ‘
595 3423 797 3465 Volvitur
810 3423 938 3464 Ixion
953 3429 999 3465 et
1012 3436 1059 3464 se
1074 3423 1213 3477 sequi-

1290 2539 1342 2580 Id
1364 2540 1546 2592 patitur,
1574 2541 1643 2579 vel
1671 2540 1785 2593 quod
1814 2540 2021 2592 Pelopem
2041 2539 2177 2582 filium

1286 2602 1384 2642 Diis
1401 2603 1659 2655 epulandum
1676 2604 1950 2656 apposuerit;
1979 2605 2050 2645 vel
2062 2604 2177 2657 quod

1288 2677 1440 2704 canem
1478 2678 1655 2706 aureum
1693 2667 1948 2718 spirantem,
2003 2667 2174 2719 Templi

1285 2729 1468 2770 Jovisin
1509 2730 1643 2770 Creta
1680 2729 1924 2781 custodem,
1957 2730 2175 2782 repetenti

1287 2792 1508 2831 Mercurio
1524 2792 1817 2844 abjuraverit3
1838 2794 1905 2834 vel
1921 2794 2037 2846 quod
2055 2795 2174 2835 Deo·

1286 2867 1381 2894 rum
1401 2862 1572 2895 secreta
1590 2856 1842 2896 mortalibus
1862 2857 2137 2898 revelaverit·

1339 2923 1420 2959 338
1453 2920 1608 2972 Tityos]
1645 2921 1765 2962 Jovis
1794 2927 1840 2961 et
1867 2922 2067 2972 Telluris,
2099 2923 2170 2961 vel

1285 2982 1430 3033 potius
1451 2982 1606 3034 Elarae,
1632 2982 1812 3023 Junonis
1838 2989 1956 3023 metu
1974 2984 2018 3022 in
2037 2988 2168 3025 terrae

1283 3050 1409 3086 antro
1425 3046 1646 3097 parientis,
1657 3046 1765 3086 filius
1784 3060 1794 3086 ε
1825 3047 1894 3086 hic
1909 3047 1977 3086 vel
1990 3048 2169 3089 Latonae

1283 3109 1352 3148 vel
1383 3109 1539 3148 Dianae
1575 3110 1660 3148 vim
1692 3107 1851 3147 inferre
1886 3110 2086 3161 tentavit,
2121 3116 2168 3152 et

1280 3172 1379 3212 ideo
1411 3171 1609 3211 detrusus
1637 3170 1692 3210 ad
1721 3170 1889 3211 Inferos
1918 3185 2070 3214 novem
2096 3175 2166 3227 ju-

1282 3247 1385 3287 gera
1420 3240 1545 3273 vasta
1579 3234 1771 3285 corporis
1809 3237 1920 3274 mole
1957 3247 2168 3290 premens,

1270 3298 1399 3349 jecur
1417 3295 1657 3335 immortale
1678 3308 1703 3334 a
1725 3297 1895 3336 vulture
1927 3298 2048 3337 tundi
2067 3311 2165 3339 sen·

1277 3361 1333 3400 tit
1348 3365 1480 3411 atque
1498 3357 1718 3399 lancinari.
1758 3358 1840 3399 His
1859 3357 2015 3401 fabulis
2034 3361 2165 3414 plena

1276 3421 1512 3463 Poetarum
1529 3420 1760 3463 volumina.
