2300 3906
377 173 486 226 650
968 183 1064 221 ct..
1102 176 1454 219 anUmANl
1495 177 1611 216 xx.

381 302 491 356 Per
515 320 692 357 vanos
718 302 959 355 movisse
985 299 1152 360 sales,
1174 297 1502 363 minimeque
1526 295 1717 348 viriles

382 386 698 450 Mundifiae,
723 386 890 438 comti
916 384 1114 445 vultuS‚
1139 382 1401 447 onerique
1424 379 1515 432 vel
1536 380 1665 445 ipsa

383 471 592 524 Serica.
667 471 727 522 Si
753 469 974 521 Chunus
997 467 1176 530 feriat,
1204 466 1254 518 si
1280 463 1537 516 Sarmata
1561 462 1775 530 portas,

382 554 598 607 Soliciti
621 570 825 616 scenae,
849 552 1088 604 Romam
1114 553 1462 602 contemnere
1487 547 1648 608 sueti,

384 637 683 705 Mirarique
708 654 856 701 suaS,
885 652 1024 705 quas
1050 636 1333 702 Bosporus
1356 632 1535 694 alluit,
1563 629 1746 683 aedes:

380 720 630 774 Saltandi
655 722 880 786 docileS‚
905 722 1318 788 aurigarumque
1342 716 1524 786 periti.

2097 625 2207 680 340

379 867 629 927 nugatorias:
647 882 687 918 ct
705 879 767 917 his
781 878 950 919 lautitiae
967 881 1065 917 sunt
1082 877 1210 927 minus
1226 877 1374 925 viriles,
1392 874 1521 924 facies
1538 877 1703 922 ornam,
1720 876 1759 911 et
1777 872 1837 910 vel
1853 869 1939 921 ipsa
1951 870 2208 910 vestimenta

377 933 502 970 serica
515 938 613 971 sunt
622 932 800 982 ponderi.
828 931 877 971 Si
894 930 1115 980 Chunus,si
1130 929 1315 968 Sarmata
1323 928 1520 979 percutiat
1542 930 1691 977 portas,
1709 925 1822 964 anxii
1835 929 1934 963 sunt
1951 935 2028 976 pro
2043 923 2211 974 theatro,

377 985 483 1024 soliti
498 996 676 1035 spernere
686 985 875 1034 Renum,
891 987 930 1023 et
947 982 1136 1022 admirari
1154 984 1284 1021 domos
1300 994 1402 1032 suas,
1413 993 1508 1032 quas
1520 981 1719 1031 Bosporus
1734 979 1900 1028 irrigat.-
1918 977 2004 1028 apti
2017 981 2107 1017 sunt
2121 976 2212 1015 cho-

1149 1098 1446 1115 OOOOOOOOOOO

378 1193 445 1232 pr.
477 1194 605 1221 rerum
623 1182 817 1222 Florent.
846 1194 903 1221 m.
926 1185 1148 1223 sem—336
1173 1193 1290 1221 vanos
1306 1181 1423 1220 Prie.
1446 1180 1567 1220 Rott.
1589 1179 1725 1219 Oisel.
1748 1177 1868 1217 Med.
1892 1180 2031 1229 quart.
2045 1176 2211 1216 Tliuan.

377 1235 542 1274 Bonon.
559 1236 657 1274 Pat.
674 1248 736 1286 pr.
758 1236 842 1274 «luo
865 1236 1018 1276 Petav.
1040 1237 1146 1275 Exc.
1166 1235 1349 1274 Lucens.
1384 1246 1450 1286 pr.
1484 1233 1553 1274 ed.
1569 1234 1711 1272 Vicet.
1733 1243 1849 1271 vanos
1868 1232 1933 1269 vel
1954 1230 2084 1269 var-ios
2102 1229 2208 1270 Put.

378 1289 567 1327 monuisse
594 1289 694 1328 Vat.
730 1295 832 1329 tert.
879 1290 961 1327 alas
1004 1301 1084 1340 pro
1128 1290 1227 1328 sales
1252 1283 1351 1327 vat.
1397 1300 1461 1339 pr.
1508 1299 1564 1326 m.
1603 1297 1670 1338 pr.
1700 1285 1769 1337 qui
1792 1293 1834 1324 et
1863 1284 1991 1323 virilis
2009 1283 2208 1323 habet.—

379 1343 456 1379 337
486 1343 608 1380 cultus
637 1342 885 1392 conjecerat
919 1342 1070 1383 Heius.
1114 1354 1305 1393 oneraque
1334 1341 1438 1381 Var.
1468 1341 1554 1379 LL.
1584 1351 1608 1377 e
1642 1351 1774 1389 marg.
1807 1338 1953 1377 Pan-m.
1999 1349 2086 1375 cam
2122 1340 2209 1386 teg·

377 1394 485 1433 mina
511 1395 661 1434 cunctis
695 1395 847 1435 Serica.
874 1396 1046 1435 desertas
1078 1395 1248 1435 custodit
1293 1394 1480 1434 Sarmata
1518 1395 1655 1444 portas
1690 1391 1839 1431 Ambr.
1876 1392 2117 1430 tert—338
2163 1388 2212 1429 Si

381 1447 542 1486 Chunus
567 1448 731 1488 Bonon.
768 1448 977 1500 Syhunnus
1003 1450 1106 1489 Var.
1143 1449 1229 1489 LL.
1267 1448 1301 1487 si
1337 1448 1505 1487 Harmas
1539 1447 1632 1486 Pal.
1665 1446 1854 1485 Florent.
1885 1448 2067 1496 quatuor
2087 1441 2207 1483 Med.

379 1499 486 1540 Exe.
507 1501 688 1541 Lucens.
719 1514 784 1553 pr.
805 1502 873 1542 ed.
891 1502 1048 1543 Vicet..
1067 1502 1105 1542 si
1139 1502 1288 1541 Hunus
1316 1500 1439 1541 Leid.
1479 1512 1543 1550 pr.
1577 1500 1676 1538 Put.
1714 1500 1820 1553 Reg.
1851 1498 2013 1536 Thuan.
2048 1496 2208 1536 Mazar.

378 1552 530 1592 PetaV.
549 1565 637 1594 sec.
655 1556 812 1595 Moret.
834 1567 898 1607 pr.
915 1556 1018 1595 Lov.
1039 1557 1146 1595 Exc.
1164 1555 1342 1594 Gevart.
1355 1554 1413 1593 sic
1434 1553 1578 1592 Hamus
1597 1559 1684 1591 tres
1703 1552 1804 1590 Vat.
1836 1551 1935 1589 Pat.
1964 1550 2039 1588 Sin
2068 1549 2214 1588 Hamus

378 1605 463 1645 duo
484 1606 601 1646 Vatt.
623 1609 750 1647 Fam.
773 1609 929 1649 Moret.
953 1620 1037 1648 sec.
1070 1608 1226 1647 Petav.
1261 1613 1360 1646 tert.
1395 1607 1479 1645 duo
1501 1605 1659 1645 Ambr..
1675 1605 1756 1643 inc.
1778 1603 1925 1642 Heius.
1955 1603 2062 1642 Exc.
2085 1602 2210 1664 Ifaeti.

378 1664 423 1698 et
443 1660 621 1700 Lucens.
643 1673 705 1710 ρι’.
730 1660 860 1708 feriat
882 1662 1051 1701 Hunnus
1066 1660 1186 1700 Med.
1207 1666 1307 1700 tert.
1334 1661 1463 1699 variat
1495 1659 1595 1699 Jun.
1634 1669 1699 1708 pr.
1734 1657 1784 1696 Si
1805 1657 1972 1695 Chemus
1998 1655 2131 1704 feriat
2163 1660 2211 1696 et

376 1713 545 1751 emend.
572 1714 607 1752 si
625 1713 755 1761 feriat
775 1715 946 1753 Hunnus
978 1714 1122 1754 Oxon.
1141 1725 1228 1754 sec.
1252 1713 1286 1751 si
1318 1712 1502 1751 Sarmata
1524 1712 1648 1749 Fam.
1670 1710 1858 1749 Florem.
1885 1715 2069 1762 quatuor
2089 1708 2210 1749 Med.

381 1765 478 1804 Put.
501 1766 603 1816 Reg.
632 1767 792 1806 'sunam
811 1768 915 1805 Lov.
938 1767 1098 1806 Moret.
1125 1778 1212 1807 sec.
1246 1765 1330 1805 duo
1348 1765 1503 1804 Petav.
1521 1763 1702 1803 totidem
1722 1762 1872 1802 Ambr.
1907 1764 2013 1802 Exc.
2034 1762 2213 1803 Gevart.

378 1818 560 1858 Lucens.
598 1831 664 1870 pr.
704 1819 772 1859 ed.
790 1820 933 1859 vicet.
967 1821 1028 1859 sin
1049 1821 1154 1859 Exc.
1175 1820 1298 1860 Laeti.
1332 1818 1391 1857 sic
1417 1819 1515 1857 Vat.
1535 1818 1673 1868 quint.
1694 1817 1793 1856 Pat.
1813 1817 1874 1855 vel
1894 1817 2056 1856 Mazar.
2073 1819 2212 1867 portus

375 1871 689 1912 Tholas.—339
716 1872 906 1912 Souicitoe
931 1873 1032 1914 Jun.
1052 1886 1117 1923 ρι’.
1135 1885 1238 1912 senoe
1265 1872 1386 1911 Med.
1407 1877 1549 1923 quart.
1569 1882 1672 1909 cenoe
1701 1877 1788 1909 tres
1807 1870 1930 1910 Vatt.
1952 1869 2066 1910 Prie.
2103 1870 2209 1921 Reg.

378 1924 540 1964 Mazar.
576 1924 731 1964 Petav.
765 1938 850 1964 sec.
897 1938 1014 1965 caenoe
1051 1927 1242 1966 Florent.
1279 1925 1438 1964 Mon-et.
1473 1936 1538 1975 ρι’.
1576 1924 1658 1964 inc.
1685 1923 1834 1963 Heins.
1863 1929 1951 1963 vet.
1981 1923 2210 1974 Gyr.Vat.
2278 1939 2283 1943 ·

375 1976 654 2019 Lixum—340
684 1978 900 2029 Miratique
919 1981 1025 2018 Exc.
1043 1979 1171 2019 Laeti.
1189 1978 1410 2029 Mirarique
1428 1979 1533 2017 Exc.
1563 1978 1744 2016 Lucens.
1781 1989 1845 2029 ρι’.
1881 1977 2108 2028 Munirique
2140 1976 2210 2017 ed.

375 2029 520 2070 vicet.
555 2032 680 2071 cernit
710 2044 806 2081 quas
838 2033 1033 2083 Bosporus
1068 2032 1229 2072 Moret.
1264 2043 1352 2070 sec.
1387 2030 1511 2070 abluit
1542 2030 1831 2070 Tholos.var.
1866 2031 1951 2070 LL.
1989 2029 2056 2070 ed.
2074 2029 2227 2071 AntV.>

377 2082 499 2122 obluit
513 2084 635 2124 Med.
653 2097 739 2124 sec.
760 2098 814 2125 m.
832 2097 920 2126 sec.
940 2086 1130 2125 Florent.
1168 2097 1263 2124 cum
1297 2084 1453 2124 Glossa
1481 2084 1513 2123 i.
1534 2096 1568 2123 e.
1588 2085 1721 2133 tangit
1739 2085 1800 2123 vel
1827 2085 1949 2123 lavat.
1966 2083 2103 2122 obruit
2122 2083 2209 2123 duo

377 2136 501 2176 Vatt.
520 2137 622 2177 Put.
638 2138 805 2179 Thuan.
825 2139 988 2178 Mazar.
1006 2139 1033 2179 J
1039 2151 1106 2179 un.
1127 2150 1190 2190 pr.
1211 2138 1353 2177 Oxon.
1374 2150 1458 2177 sec.
1478 2137 1561 2176 duo
1580 2135 1731 2178 Leidd.
1764 2143 1854 2177 tres
1883 2138 2037 2176 Petav.
2058 2137 2211 2176 horruit

378 2189 480 2229 Vat.
512 2201 578 2239 ρι’.
612 2197 659 2231 et
693 2197 797 2232 tert.
828 2192 980 2231 horruit
998 2192 1065 2230 vel
1083 2192 1250 2231 obstruit
1270 2191 1410 2231 Oxon.
1431 2203 1496 2242 ρι’.
1516 2190 1643 2229 obruit
1664 2190 1733 2229 vel
1762 2191 1929 2229 obstruit
1948 2191 2053 2241 Reg.
2086 2189 2212 2230 abluit

377 2243 447 2281 vel
476 2244 591 2283 alluit
623 2246 727 2284 Vat.
761 2246 1030 2285 Livia—2341
1075 2241 1251 2285 Saltanti
1288 2245 1389 2285 Put.
1429 2245 1734 2295 aurigarumque
1774 2255 1918 2283 omnes
1951 2245 2073 2284 Vatt.
2111 2243 2208 2283 Pal.

1205 2344 1385 2387 NOTAE

408 2432 411 2436 ’
447 2426 528 2464 336
571 2426 744 2465 Movisse
786 2427 904 2479 sales]

372 2497 504 2528 more.

429 2551 666 2602 Minimeque
696 2552 849 2604 viriles]
903 2552 1070 2595 Quibus
1108 2553 1254 2592 convi-

374 2624 449 2652 vas
488 2614 779 2664 provocabant
810 2615 864 2654 ad
900 2616 1117 2656 libidinem
1137 2615 1253 2657 effoe-

375 2675 593 2717 minatam.

428 2742 508 2779 33⁷
539 2739 681 2791 oneri]
746 2741 906 2782 Sericae
947 2742 1052 2794 ipsae
1097 2747 1254 2794 vestes,

374 2803 457 2842 etsi
476 2804 753 2856 tenuissimae,
773 2812 910 2846 erant·
932 2808 1051 2847 oneri
1081 2807 1255 2847 homini-

377 2866 458 2906 bus
495 2866 751 2910 delicatuiis.
805 2870 1003 2912 Juvenal.
1051 2872 1063 2894 ‘
1101 2872 1255 2911 Panni-

373 2931 493 2971 culus
535 2932 813 2985 bombycinus
847 2937 955 2975 urit!
1012 2937 1156 2976 Caesar
1201 2949 1255 2975 ex

373 2993 581 3034 Suetonio
594 2996 752 3035 milites
767 2999 779 3019 ‘
795 2997 984 3037 habebat
999 3004 1084 3037 tam
1105 2999 1258 3048 cultos,

375 3062 424 3096 ut
444 3063 619 3108 argento
639 3062 685 3096 et
711 3070 812 3097 auro
833 3060 977 3110 politis
996 3061 1120 3100 armis
1135 3075 1257 3101 orna-

377 3125 471 3159 retz
502 3119 624 3159 simul
655 3125 701 3160 et
727 3121 779 3159 ad
801 3122 1002 3173 speciem,
1023 3129 1067 3162 et
1094 3136 1178 3175 quo
1199 3130 1259 3164 te-

983 2427 1257 2468 Histrionum

379 3183 571 3224 naciores
592 3197 734 3223 eorum
755 3186 795 3224 in
813 3186 964 3236 praelio
980 3192 1122 3226 essent
1141 3193 1257 3228 metu

378 3247 552 3287 damni!
605 3248 913 3300 Jactabatque‚
947 3252 958 3270 ‘
981 3250 1141 3289 Milites
1158 3263 1254 3291 suos

378 3311 509 3351 etiam
555 3318 841 3362 unguentatos
899 3311 1007 3350 bene
1069 3324 1255 3362 pugnare

379 3373 530 3426 posse!
587 3373 672 3414 Sed
702 3374 809 3413 alius
843 3374 1004 3425 Caesar,
1034 3375 1140 3415 alius
1173 3377 1257 3415 Eu·

1323 2427 1502 2479 tropius.

1376 2494 1456 2530 338
1487 2490 1661 2540 Chunus,
1686 2488 1893 2540 Sarmata]
1921 2487 2078 2540 Populi
2111 2487 2209 2528 Sar-

1322 2554 1462 2593 matiae
1481 2554 1721 2604 Europaeae.
1776 2551 1957 2591 Etiamsi
1989 2552 2122 2592 hostis
2155 2552 2210 2592 ad

1322 2622 1468 2667 portas
1504 2615 1718 2666 fulminet,
1754 2615 1909 2655 soliciti
1946 2614 2001 2654 de
2037 2615 2208 2656 theatro

1322 2679 1593 2730 Emi-opiam,
1626 2690 1710 2717 non
1747 2677 1954 2718 omittunt
1984 2676 2119 2730 ludos,
2137 2689 2207 2718 co·

1321 2743 1534 2792 moediam‚
1552 2745 1632 2783 &c.

1375 2811 1455 2848 339
1485 2808 1652 2846 Romam
1686 2802 1944 2854 contemnere]
1974 2802 2046 2844 Ob
2066 2815 2206 2844 mares

1323 2869 1613 2909 Romanorum
1633 2869 1809 2909 animos
1855 2869 2029 2908 Romam
2048 2873 2210 2918 tamen,

1324 2945 1449 2985 quam
1482 2932 1710 2984 Dionysius
1744 2935 1871 2970 vocat
1900 2928 2049 2982 μητέρα
2079 2929 2207 2970 πασά-

1322 3011 1375 3035 ων
1409 2993 1577 3045 πόλεων,
1622 2994 1688 3034 καὶ
1720 2991 1848 3044 μέγαν
1873 2991 1979 3034 οἷκον
2015 2984 2208 3045 &udin-m,

1326 3060 1499 3099 Matrem
1533 3059 1705 3099 omnium
1747 3057 1917 3109 urbium,
1950 3070 2208 3112 magnumque

1326 3122 1482 3171 Regum
1498 3121 1747 3161 domicilium.

1378 3192 1455 3228 341
1490 3187 1805 3238 Aurigarumque
1851 3184 1992 3236 periti]
2063 3185 2210 3227 Instar

1325 3252 1512 3292 Neronis
1526 3266 1538 3301 ς
1558 3252 1625 3291 vel
1641 3250 1787 3304 cupidi
1803 3250 1930 3302 scire,
1946 3249 2040 3303 quis
2059 3251 2209 3304 auriga

1322 3315 1489 3367 melior,
1506 3317 1587 3356 &c-
