2300 3906
0 1263 4 1338 ἐ

38 3160 43 3182 l

566 215 632 254 m
676 215 717 254 1.
758 213 931 254 cons,
972 213 1241 254 s'rrmcn.
1282 214 1404 253 ma.
1443 215 1484 254 1.
1829 205 1937 260 579

119 334 266 386 Tuta
288 331 438 401 quod
459 331 735 384 imbellem
757 333 981 385 miratur
1006 333 1192 386 Gallia
1218 334 1490 388 Rhenum.

117 416 212 470 An
235 417 471 485 gelidam
493 415 751 467 Thracen
777 415 1199 486 decertatosque
1232 419 1469 479 labore3‚

122 501 317 553 Hebro
339 503 498 561 teste,
524 500 764 550 canam?
803 516 1058 568 magnum
1081 502 1215 554 mihi
1239 502 1493 568 panditur
1517 516 1724 569 aequor,

121 584 369 652 Ipsaque
396 583 611 634 Pierios
635 584 845 635 lassant
865 586 1134 652 proclivia
1159 601 1347 637 currus

122 667 409 721 Laudibus
436 668 762 732 innumerisf':
802 668 1004 719 etenim
1029 668 1350 731 mortalibus
1371 685 1447 720 ex
1473 685 1586 736 quo

120 749 312 803 Tellus
338 756 531 817 coepta
556 750 684 813 coli,
710 766 986 817 nunquam
1011 751 1227 802 sincera
1250 752 1519 803 bonorum

124 833 256 887 Sors
281 836 384 887 ulli
412 851 683 887 concessa
707 835 842 887 viro.
917 833 1100 900 Quem
1123 837 1307 888 vultus
1330 836 1600 899 honestat,

124 917 475 970 Dedecorant
498 934 713 971 mores:
753 920 972 970 animus
1000 936 1162 986 quem
1187 921 1471 986 pulchrior
1495 923 1668 982 ornat,

124 1001 341 1071 Corpus
368 1002 642 1054 destituit:
681 1003 839 1054 bellis
863 1003 1126 1069 insignior
1144 1003 1257 1066 ille,

1876 751 1948 804 25

118 1155 249 1204 pescat
270 1150 447 1189 Rbenum
465 1149 661 1188 inermem.
718 1146 785 1188 An
801 1148 963 1188 cantabo
982 1149 1187 1190 Thraciam
1205 1148 1420 1200 frigidam,
1438 1154 1477 1189 el
1495 1151 1643 1190 labores
1659 1152 1867 1192 exhaustos
1896 1153 1952 1192 ad

122 1205 228 1256 ripas
246 1201 406 1243 Hebri?
436 1203 672 1242 Immensum
688 1213 796 1240 mare
815 1202 994 1252 aperitur
1010 1203 1123 1249 mihi,
1142 1207 1180 1241 et
1197 1203 1284 1253 ipsa
1307 1202 1420 1242 facta
1437 1216 1560 1253 prona
1577 1205 1687 1243 mole
1707 1216 1752 1244 se
1771 1204 1953 1246 offeren-

123 1257 187 1297 tia
194 1256 377 1306 fatigant
394 1255 533 1305 elogiis
551 1254 891 1296 innumerabilibus
918 1266 1056 1295 currus
1075 1257 1292 1295 Musarum.
1349 1257 1456 1295 Nam
1473 1268 1524 1295 ex
1539 1269 1611 1306 quo
1631 1261 1827 1307 tempore
1845 1262 1954 1298 terra

124 1309 240 1366 coepit
269 1310 442 1349 habitari
472 1309 524 1348 ab
553 1308 784 1358 hominibus,
818 1320 1013 1359 nunquam
1035 1309 1155 1348 series
1183 1309 1436 1348 immaculata
1469 1310 1620 1348 dotium
1653 1312 1748 1349 data
1775 1317 1844 1350 est
1869 1311 1954 1350 viro

124 1357 259 1403 eidem.
322 1362 432 1403 Vitia
459 1360 654 1409 infamant
688 1361 820 1411 illum,
837 1374 946 1411 quem
972 1361 1218 1411 pulchritudo
1237 1363 1499 1402 commendat.-
1525 1375 1664 1424 corpus
1683 1363 1826 1402 deserit
1845 1374 1956 1414 erun,

125 1428 237 1468 quem
252 1416 405 1456 animus
419 1415 673 1467 praestantior
688 1414 887 1454 illustrat:
897 1414 981 1454 ille
1000 1419 1069 1454 est
1087 1415 1232 1455 clarior
1259 1415 1368 1468 bello,
1382 1417 1449 1455 sed
1465 1415 1703 1456 contaminat
1716 1429 1852 1468 pacem
1866 1429 1955 1468 pec-

862 1539 1159 1559 eeeeeeeeeeee

126 1626 181 1666 20
208 1623 376 1663 miratur
389 1622 522 1672 gloria
538 1621 642 1662 Vat.
664 1633 730 1673 pr.
763 1634 819 1662 m.
853 1633 920 1673 pr.
960 1634 1107 1662 remum
1136 1622 1259 1662 Rott.
1304 1623 1500 1663 Parthum
1518 1624 1619 1665 vat.
1637 1627 1739 1663 tert.
1760 1635 1815 1666 m.
1837 1635 1956 1674 pr.—

127 1679 180 1718 21
208 1677 293 1717 Aut
311 1676 411 1718 Jun.
428 1687 492 1725 pr.
512 1676 619 1714 Exc.
638 1674 820 1714 Lucens.
842 1687 929 1714 sec.
972 1675 1059 1714 Aut
1088 1676 1156 1714 vel
1186 1676 1253 1715 An
1287 1675 1430 1716 Oxon.
1450 1689 1515 1727 pr.
1561 1677 1746 1716 Thracem
1774 1682 1956 1728 quatuor

126 1731 248 1770 Vatt.
267 1730 360 1769 Pal.
393 1729 566 1767 Thracen
578 1728 682 1767 Put.
700 1727 849 1768 Ambr.
866 1732 967 1767 tert.
987 1728 1071 1768 inc.
1090 1728 1241 1768 Heius.
1262 1730 1370 1768 Exc.
1390 1729 1516 1779 Laeti,
1537 1735 1582 1768 et
1601 1729 1702 1769 Ald.
1730 1731 1957 1769 detestatos-

126 1795 201 1834 que
220 1783 286 1822 ed.
306 1782 450 1822 Vicet.
479 1782 627 1820 labores
644 1781 712 1819 vel
729 1780 944 1832 triumphos
963 1780 1123 1820 Moret.
1144 1793 1216 1820 sec
1218 1785 1335 1821 .-23
1365 1782 1567 1834 Lapsaque
1586 1783 1748 1823 Mazar.
1777 1783 1959 1823 Pierides

128 1836 229 1876 Vat.
257 1841 360 1874 tert.
394 1847 450 1873 m.
484 1846 550 1885 pr.
593 1835 732 1872 laxant
763 1834 889 1873 Fam.
924 1833 1032 1883 Reg.
1073 1834 1236 1873 declivia
1266 1835 1388 1874 Med.
1410 1847 1497 1874 sec.
1516 1836 1677 1876 Thuan.
1711 1848 1843 1875 cursus
1862 1835 1957 1876 Pal.

127 1889 321 1929 Florent.
337 1887 456 1926 Med.
474 1898 541 1937 pr.
560 1891 643 1925 vet.
665 1886 770 1936 Gyr.
784 1897 920 1924 curtus
932 1885 1052 1925 Med.
1075 1898 1162 1925 sec.
1184 1888 1335 1926 deerat
1348 1888 1417 1926 hic
1437 1900 1586 1927 versus
1607 1889 1831 1928 Rott.—24
1859 1900 1961 1939 equo

129 1942 359 1982 Rott.-25
389 1951 565 1980 concessa
597 1938 781 1978 bonorum
813 1939 923 1989 Reg.
942 1938 1061 1978 Prie.
1105 1938 1278 1978 laborum
1308 1941 1406 1979 Vat.
1437 1941 1684 1992 quint.—26
1712 1941 1824 1979 Mors
1856 1941 1959 1980 Var.

90 2010 100 2022 ·-
131 1994 217 2036 LI..
238 1994 306 2034 ed.
336 1992 468 2032 Antv.
517 1993 621 2031 Pars
640 1992 722 2031 inc.
754 1991 905 2032 Heins.
947 1990 1027 2030 alia
1054 2003 1132 2042 pro
1162 1992 1234 2031 ulli
1266 1991 1386 2031 Med.
1419 1997 1559 2044 quart.
1602 1993 1671 2032 uni
1702 1992 1964 2043 conjiciebat

91 2063 99 2069 ·
131 2047 281 2088 Heius.
309 2048 460 2086 sincera
476 2047 537 2085 Re

83 2114 99 2127 >⁴
131 2101 226 2142 Pal.
247 2101 435 2140 Florent.
457 2099 575 2139 Med.
594 2110 659 2149 pr.
676 2099 839 2138 Thuan.
853 2098 954 2139 Jun.
970 2110 1033 2148 pr.
1071 2098 1265 2151 plurimus
1284 2099 1350 2138 vel
1366 2099 1566 2150 pulchrior
1580 2099 1697 2143 Prie.
1739 2103 1847 2138 ornet
1869 2100 1962 2140 Pat.

84 2204 96 2222 ι
132 2157 239 2195 -28
265 2154 335 2195 illo
354 2153 455 2194 Pat.
489 2154 554 2198 ille
585 2156 643 2198 est
674 2152 793 2197 Leid.
825 2154 1000 2205 pr.—29
1022 2155 1179 2203 patrem
1195 2152 1356 2198 Moret.
1377 2164 1442 2205 pr.
1473 2153 1536 2198 hic
1552 2152 1709 2204 publica
1727 2152 1813 2192 duo
1837 2153 1960 2195 Med.

541 2059 580 2098 g.
600 2045 716 2084 Prie.
733 2045 937 2084 honestant
958 2045 1117 2083 Moret.
1140 2048 1312 2096 pru—27
1335 2046 1392 2084 Et
1410 2047 1590 2088 decorant
1608 2045 1754 2087 Vicet.
1771 2046 1964 2096 plurimus

961 2273 1144 2316 NOTAE

151 2383 241 2422 2⁰
270 2378 466 2420 Imbellem
484 2377 685 2429 Rhenum]
731 2377 816 2420 Qui
849 2377 1018 2417 solebat

73 2417 260 2485 'hellis
277 2448 323 2482 et
354 2443 666 2483 Germanorum
698 2439 924 2480 insultibus
940 2451 1017 2479 sae-

1141 2368 1307 2421 Currus]
1361 2369 1415 2409 Id
1450 2367 1534 2419 est,
1563 2369 1648 2407 vim
1679 2380 1846 2408 omnem
1881 2369 1969 2407 elo-

1085 2431 1272 2483 quentiae
1291 2431 1487 2472 Poeticae
1508 2431 1794 2471 exhauriunt:
1829 2431 1966 2470 Musis

137 2507 233 2559 pius
251 2505 461 2546 infestari.

191 2572 243 2609 21
274 2565 593 2617 Decertatosque]
632 2565 822 2605 Labores
840 2564 1017 2604 exhaus-

138 2636 208 2672 tos
241 2631 284 2669 in
305 2629 566 2669 decertando
595 2632 640 2667 et
670 2627 713 2665 in
743 2624 1019 2678 profligandis

140 2693 293 2735 Gothis
311 2692 363 2731 ad
381 2693 494 2742 ripas
510 2690 648 2731 Hebri
661 2689 852 2729 Thraciae
870 2686 988 2727 fluvii
1006 2699 1018 2735 ς

139 2768 245 2810 quos
265 2755 436 2808 quidem
455 2753 620 2794 Gothos
638 2751 904 2794 Theodosius
920 2750 1021 2790 dum

71 2827 78 2831 ”
118 2818 350 2874 4νὶηεειϊέῑ,
390 2822 648 2867 perpetuum
691 2813 771 2854 sibi
821 2812 1022 2854 comitem

139 2881 324 2923 habebat
344 2880 634 2919 Stilichonem.

157 2939 162 2949 '
195 2947 248 2984 22
277 2944 470 2993 Magnum
488 2940 638 2993 oequor]
678 2942 836 2980 Vastus
865 2938 1022 2978 oratio-

143 3005 208 3046 nis
224 3006 445 3057 laudisque
467 3016 639 3055 campus
659 3002 868 3054 aperitur.

156 3084 159 3087 ·
197 3072 250 3110 23
279 3069 495 3119 Proclivia]
524 3068 610 3107 Res
629 3080 654 3107 a
671 3066 905 3107 Stilichone
926 3076 1019 3116 ges-

144 3136 221 3185 tae,
241 3133 456 3172 turmatim
477 3138 523 3171 et
553 3131 671 3170 velut
696 3142 833 3182 prona
864 3128 1021 3181 procli-

145 3194 271 3248 vique
289 3209 375 3235 suae
394 3194 693 3247 magnitudinis
711 3194 821 3234 mole
842 3204 888 3232 se
908 3192 1021 3231 ultro

148 3255 394 3308 offerentes,
425 3257 611 3309 fatigant
644 3260 908 3308 onerantque
930 3266 1025 3294 cur-

150 3329 243 3360 rum
255 3319 493 3370 Musarum,
509 3332 604 3373 quae
621 3320 695 3361 vix
712 3317 827 3359 ferre
847 3321 1024 3370 possunt

150 3383 317 3421 tantum
335 3381 515 3435 pondus.

1083 2507 1212 2545 porro
1237 2506 1387 2534 currus
1419 2499 1465 2533 et
1487 2494 1587 2545 equi
1621 2493 1881 2545 tribuuntur,
1909 2493 1964 2532 ob

1085 2557 1354 2596 celeritatem
1372 2557 1545 2608 ingenii.

1139 2622 1189 2658 25
1220 2618 1402 2669 Sincera]
1437 2618 1536 2658 Sine
1558 2619 1739 2669 macula,
1759 2617 1850 2657 siue
1868 2617 1967 2658 vitio

1087 2682 1239 2733 aliquo.
1297 2682 1409 2722 Nam
1429 2693 1482 2720 ex
1502 2681 1703 2731 Horatio,
1730 2681 1741 2702 ‘
1760 2681 1880 2721 Nihil
1901 2685 1968 2721 est

1088 2745 1142 2786 ab
1164 2744 1276 2787 omni
1301 2745 1436 2784 Parte
1463 2744 1638 2784 beatum
1657 2744 1680 2783 :'
1722 2745 1789 2787 Ex
1809 2743 1971 2794 Plinio,

1089 2807 1101 2829 ‘
1122 2806 1277 2850 Adbuc
1300 2819 1426 2847 nemo
1453 2806 1616 2856 extitit,
1634 2807 1756 2858 cujus
1784 2806 1968 2845 virtutes

1088 2871 1205 2910 nullo
1239 2870 1435 2909 vitiorum
1467 2868 1649 2909 confinio
1678 2866 1968 2908 laederentur!

1085 2933 1319 2983 Homerus,
1329 2931 1450 2972 οὕτως
1461 2932 1504 2971 οὐ
1512 2930 1702 2971 πάντεσσι
1717 2929 1801 2970 θεὸς
1811 2928 1968 2982 χαρίεν-

1085 3010 1138 3035 τα
1164 2994 1341 3035 altam:
1374 2996 1467 3035 Non
1485 2996 1542 3035 sic
1561 2995 1670 3034 Deus
1687 2995 1758 3033 dat
1793 2993 1968 3033 omnibus

1084 3059 1215 3099 omnia
1229 3071 1403 3110 munera,
1422 3061 1490 3110 &a

1146 3126 1200 3162 28
1226 3121 1443 3172 Destituit]
1475 3121 1560 3163 Qui
1584 3120 1699 3159 valet
1715 3118 1869 3170 animo,
1886 3116 1972 3159 fre-

1094 3189 1278 3238 quenter
1295 3189 1444 3225 nactus
1467 3188 1536 3223 est
1566 3195 1718 3235 corpus
1750 3187 1826 3222 aut
1855 3180 1970 3221 infir·

1095 3260 1210 3289 mum
1228 3253 1304 3289 aut
1321 3246 1532 3287 deforme:
1575 3245 1674 3285 talis
1707 3242 1839 3284 fuisse
1867 3242 1969 3283 dici-

1088 3317 1161 3354 tur
1179 3311 1520 3367 Philopaemenes
1539 3309 1626 3349 dux
1651 3307 1912 3350 Graecorum.
