2300 3906
341 220 450 276 '724

345 354 627 424 Scipiadae
653 353 832 406 Latiis
853 353 1077 414 tandem
1101 353 1356 405 deterruit
1382 354 1510 406 oris,

344 440 507 492 Unus
531 442 587 491 in
610 438 717 490 hoc
746 437 979 492 Stilicho
1005 438 1244 489 diversis
1272 437 1484 489 artibus
1509 438 1673 490 hoste

342 525 485 577 Tres
510 523 693 590 potuit
719 539 980 589 superare
1008 522 1197 585 duceS,
1221 522 1491 588 fregitque
1508 520 1778 574 furentem

343 607 687 670 Cunctando,
713 608 954 674 vicitque
978 623 1162 669 manu,
1189 607 1512 673 victumque
1536 606 1755 672 relegat.

341 690 526 759 Atque
551 693 672 744 haec
697 696 847 744 tanta
870 692 1042 743 brevi.
1120 690 1442 742 Miscentem
1469 688 1726 740 incendia
1751 688 2024 758 Pyrrhum
2065 686 2175 741 145

344 775 626 827 Sustinuit
649 779 762 826 toto
787 791 1023 826 moerens
1048 773 1306 826 OEnotria
1331 774 1535 824 lustro:
1625 827 1627 831 Α

341 857 417 911 Et
441 874 614 926 prope
637 864 724 909 ter
750 873 911 910 senas
936 858 1064 909 Itali
1088 875 1186 925 per
1208 858 1470 925 graminis
1495 857 1694 908 herbas

342 941 629 1009 Massylus
657 939 836 992 Poeno
863 941 1088 1006 sonipes
1112 945 1364 992 vastante
1399 940 1637 993 cucurrit
1658 963 1672 1000 ;

341 1025 833 1090 Hannibalemque
862 1039 1052 1074 senem
1077 1025 1176 1075 vix
1202 1024 1272 1075 ad
1300 1040 1405 1075 sua
1430 1025 1635 1091 repulit
1659 1040 1792 1077 arva

342 1107 569 1161 Vindex
597 1123 722 1159 sera
746 1113 962 1175 patrum
986 1111 1115 1175 post
1137 1107 1346 1160 bellum
1372 1115 1504 1159 nata
1520 1107 1814 1176 juventus·

894 237 990 276 cL.
1031 232 1384 275 CLAUDIANI
1427 232 1614 273 XXVI.

2067 1108 2175 1163 150

340 1281 460 1321 tertio
486 1279 681 1328 fortitudo
700 1278 896 1330 Scipionis
923 1279 1068 1319 avertit
1101 1290 1195 1318 eum
1226 1280 1381 1318 tandem
1403 1291 1427 1317 a
1443 1278 1598 1330 finibus
1618 1279 1748 1317 Italis.
1811 1280 1920 1318 Unus
1939 1278 2108 1318 Stilicho
2130 1279 2176 1319 in

340 1334 413 1374 hoc
431 1334 556 1382 hoste,
576 1333 708 1382 Geta,
728 1333 838 1371 varia
866 1333 1061 1372 industria
1087 1333 1212 1371 valuit
1237 1332 1465 1371 antecellere
1499 1332 1626 1369 tribus
1645 1332 1913 1377 Ductoribus,·
1942 1337 1979 1371 et
1999 1333 2175 1372 contudit

343 1387 566 1429 saevientem
602 1387 760 1425 Getam
797 1388 1008 1431 morando,·
1037 1389 1075 1424 et
1107 1386 1256 1424 domuit
1287 1397 1364 1424 sua
1391 1383 1675 1433 fortitiuline3
1706 1389 1744 1423 et
1780 1386 1941 1435 expellit
1972 1386 2175 1425 domitum.

341 1441 473 1491 Atque
491 1439 671 1479 Stilicho
699 1438 883 1490 perfecit
916 1439 996 1479 haec
1013 1442 1126 1478 tanta
1147 1450 1279 1489 opera
1294 1451 1416 1488 pauco
1436 1443 1644 1488 tempore.
1702 1438 1820 1477 Italia
1849 1438 1980 1476 tristis
2008 1438 2174 1488 pertulit

345 1493 605 1544 quinquennio
624 1492 778 1542 integro
797 1492 998 1544 Pyrrhum
1017 1496 1265 1542 spargentem
1282 1491 1491 1542 ιήιιηιηιαε,ι
1518 1494 1556 1529 et
1574 1491 1658 1541 equi
1677 1490 1826 1538 Africi,
1846 1491 2175 1540 Carthaginiense

340 1547 566 1597 populante,
595 1550 847 1584 cucurrerunt
879 1556 956 1594 per
985 1556 1123 1583 messes
1143 1545 1350 1583 octodecim
1382 1544 1497 1582 Italoe
1524 1543 1685 1592 segetis,
1714 1547 1752 1582 et
1769 1543 1956 1591 juventus
1970 1548 2176 1593 parentum

342 1610 512 1638 suorum
533 1599 672 1647 uttrix,
689 1610 774 1637 sero
793 1601 885 1636 nata
898 1601 986 1648 post
1007 1597 1160 1647 beilum,
1174 1609 1280 1646 (egre
1295 1596 1447 1635 remisit
1467 1595 1730 1635 Hannibalem
1749 1608 1877 1635 senem
1895 1597 1946 1635 ad
1952 1596 2061 1648 fines
2072 1609 2175 1638 suos.

1110 1728 1130 1742 O
1135 1729 1206 1743 006
1212 1728 1406 1743 ‘OOOOO‘O

339 1834 400 1872 cia
418 1832 572 1873 Petav.
606 1835 827 1872 sea—'141
856 1833 1012 1872 tandem
1039 1831 1171 1871 Latiis
1200 1831 1373 1872 Tholos.
1414 1830 1541 1870 Sociis
1560 1831 1628 1870 vel
1656 1831 1788 1871 Latiis
1815 1832 1935 1872 Med.
1962 1835 2098 1883 quart.
2123 1844 2177 1882 pp

340 1899 419 1937 pro
454 1887 610 1925 tandem
642 1886 744 1926 Jun.
775 1889 976 1936 pin—142
1022 1885 1123 1925 hosti
1156 1885 1274 1925 Pric.
1305 1897 1359 1925 m.
1394 1888 1596 1935 piu—143
1625 1885 1812 1936 complere
1840 1891 1928 1924 tres
1942 1886 2065 1924 Vatt.
2080 1885 2176 1925 Pal.

339 1940 468 1979 Farn.
501 1939 638 1978 Oisel.
666 1950 850 1990 superare
869 1941 936 1977 vel
973 1940 1159 1990 complere
1190 1938 1306 1977 Prie.
1328 1939 1448 1977 Rott.
1467 1937 1673 1988 fregitque
1706 1938 1805 1979 Jun.
1837 1951 1901 1989 pr.
1932 1938 2054 1978 Leid.
2084 1950 2174 1978 sec.

340 1992 425 2031 duo
445 1991 587 2032 Oxou,
615 1991 853 2042 frangitque
872 1993 1050 2042 Rapliel.
1083 1992 1195 2043 quod
1230 1991 1388 2042 probat
1417 1991 1771 2031 Barthius.—144
1803 1993 1901 2031 Cum
1928 1993 2068 2030 mundo
2094 2003 2174 2042 pro

342 2045 571 2084 cunctando
590 2044 711 2083 Med.
742 2057 827 2083 sec.
868 2045 1038 2095 vicitque
1072 2045 1156 2083 duo
1178 2045 1299 2084 Vatt.
1333 2043 1472 2084 Oxon.
1492 2056 1555 2095 pr.
1575 2044 1697 2084 Leid.
1720 2057 1785 2096 pr.
1807 2044 1959 2084 Ambr.
1981 2057 2064 2084 sec.
2092 2045 2177 2084 vin-

339 2098 468 2148 citque
487 2098 587 2136 Vat.
620 2109 684 2148 pr.
714 2110 811 2137 cum
833 2098 1070 2137 octodecim
1102 2097 1212 2147 aliis,
1243 2098 1348 2136 Exc.
1382 2097 1561 2137 Gevart.
1584 2098 1767 2138 Lucens.
1789 2111 1853 2149 pr.
1874 2099 1942 2137 ed.
1963 2098 2108 2137 Parm.
2130 2102 2176 2138 et

339 2150 603 2190 Vicet.Var.
624 2150 710 2189 LL.
732 2151 799 2189 ed.
831 2150 962 2190 Antv.
1004 2150 1251 2200 vinctumque
1281 2150 1448 2189 Tholos.
1467 2150 1610 2189 Oxon.
1640 2163 1726 2190 sec.
1767 2152 1908 2201 relegit
1927 2153 2033 2191 Exc,
2065 2151 2176 2191 Laeti

339 2216 396 2243 m.
415 2206 612 2255 piu—145
642 2203 705 2241 hic
724 2203 763 2241 V
768 2208 823 2242 at.
842 2209 943 2244 tert.
971 2204 1053 2242 haec
1082 2204 1272 2242 Florent.
1305 2202 1389 2241 duo
1421 2203 1541 2242 Med.
1574 2203 1678 2243 Put.
1700 2205 1806 2254 Reg.
1825 2206 1987 2244 Tliuan.
2013 2205 2174 2246 Mazar-

340 2256 508 2296 Bonon.
534 2257 632 2295 Pat.
651 2256 820 2296 Tholos.
841 2262 930 2296 tres
961 2256 1111 2296 Ambr.
1132 2256 1310 2295 totidem
1332 2257 1481 2294 Petav.
1504 2256 1585 2294 inc.
1614 2256 1764 2296 Heins.
1790 2259 1928 2307 proelia
1949 2269 2025 2308 pro
2045 2258 2176 2296 incen-

340 2310 406 2348 dia
425 2311 525 2349 Vat.
549 2314 648 2348 tert.
681 2310 798 2348 Rott.
827 2311 1015 2349 Florent.
1035 2299 1287 2349 'Pan-146
1313 2312 1422 2348 tanto
1441 2309 1541 2348 Vat.
1569 2314 1669 2348 tert.
1699 2309 1794 2347 Pal.
1818 2310 1948 2349 Oisel.
1981 2311 2174 2351 Florent.

341 2363 424 2400 duo
457 2361 580 2400 Med.
599 2363 702 2401 Var.
736 2363 820 2402 LL.
848 2364 914 2402 ed.
952 2362 1217 2402 Antv.—l47
1252 2375 1322 2413 pro
1353 2362 1548 2411 graminis
1568 2362 1662 2400 Pal.
1707 2362 1820 2401 urbes
1841 2363 1958 2403 Pric.
1977 2376 2033 2402 m.
2054 2375 2175 2414 pr.—

340 2418 419 2454 148
447 2414 652 2454 Massilius
668 2414 772 2456 Jun.
794 2428 858 2466 pr.
879 2417 1020 2455 Oxou.
1052 2428 1118 2466 pr.
1140 2416 1223 2454 duo
1251 2414 1401 2454 Leidd.
1431 2415 1647 2466 Massylius
1666 2415 1749 2454 duo
1773 2416 1892 2455 Med.
1915 2417 2070 2455 Petam
2090 2428 2176 2457 sec.

335 2480 422 2507 seno
438 2468 747 2507 Tholos.—-149
769 2480 886 2507 senex
906 2470 1005 2508 Vat.
1027 2474 1126 2508 tert.
1156 2469 1277 2507 Rott.
1311 2467 1433 2507 Med.
1469 2480 1554 2507 sec.
1582 2469 1739 2507 rettulit
1757 2470 1861 2507 Lov.
1890 2481 1999 2508 arma
2012 2470 2175 2510 Moret.

338 2524 542 2572 pr.—150
568 2533 671 2561 sceva
690 2521 789 2563 Pat.
814 2526 901 2574 post
922 2521 1019 2562 bella
1037 2523 1140 2562 Vat.
1162 2525 1365 2574 pr.--152
1393 2521 1527 2561 hiems.
1547 2533 1645 2561 cum
1665 2523 1828 2575 στιγμῇ,
1847 2523 1957 2574 Reg.
1984 2522 2174 2564 Florent.

1166 2643 1342 2684 NOTAE

391 2738 467 2775 141
509 2735 726 2788 Scipiadoe]
791 2738 1025 2788 Romanus,
1065 2738 1078 2761 ‘
1109 2738 1218 2778 duce

333 2799 549 2850 Scipione,
563 2800 605 2839 in
625 2801 758 2851 ipsam
786 2800 977 2841 Africam
998 2806 1089 2841 tota
1107 2802 1217 2840 mole

334 2856 588 2914 conversus,
614 2864 773 2903 imitari
793 2864 926 2915 coepit
946 2863 1218 2915 Annibalem,

336 2930 383 2962 et
401 2925 538 2965 Italiae
567 2938 653 2966 suae
677 2927 822 2967 clades
849 2928 893 2966 in
912 2926 1063 2967 Africa
1084 2927 1218 2966 vindi-

335 2996 435 3025 care
455 3013 465 3025 .
482 3016 492 3027 .
509 3017 519 3027 .
535 3017 544 3027 .
565 3016 575 3027 .
594 2989 790 3040 Denique
813 2989 928 3039 ipsas
948 2988 1218 3039 Carthaginis

335 3052 483 3097 portas
512 3050 735 3090 obsidione
755 3052 1007 3103 quatiebat:
1037 3053 1097 3093 sic
1128 3051 1216 3092 fac-

334 3116 426 3149 tum
446 3116 524 3162 est,
551 3117 600 3151 ut
632 3113 910 3153 inhaerentem
940 3120 1068 3167 atque
1098 3116 1216 3155 incu-

333 3172 508 3213 bantem
539 3173 681 3215 Italiae
713 3181 996 3229 extorqueret
1024 3177 1216 3218 Anniba·
1252 3208 1255 3212 ·

304 3252 306 3254 >
333 3235 445 3275 lem.'
499 3236 659 3276 Florus.

390 3301 468 3338 143
498 3299 659 3351 Fregit]
727 3299 905 3340 Stilicho
939 3301 1097 3355 frangit
1131 3303 1217 3344 Ge·
1256 3336 1259 3341 ,

335 3364 404 3399 tas
449 3363 708 3414 cunctando,
754 3369 802 3402 ut
840 3364 1025 3414 Fabium
1081 3366 1216 3406 vincit

335 3434 478 3475 manu,
506 3427 555 3464 ut
586 3425 845 3477 Marcellum
874 3427 1052 3478 expellit
1070 3432 1116 3468 et
1148 3438 1214 3467 re·

1285 2738 1418 2789 legat,
1449 2742 1498 2778 ut
1529 2737 1695 2790 Scipio:
1732 2738 1879 2790 sicque
1915 2742 2003 2778 tres
2039 2738 2172 2779 duces

1287 2800 1387 2840 dum
1424 2800 1547 2840 simul
1583 2800 1799 2853 adaequat,
1828 2807 2007 2851 superat
2033 2801 2173 2853 singn-

1285 2862 1361 2903 los.
1419 2863 1596 2903 Dicitur
1624 2868 1766 2903 autem
1787 2862 1952 2903 Stilicho
1979 2868 2026 2904 et
2056 2863 2172 2904 Stili-

1258 2950 1262 2953 ·
1284 2927 1396 2977 chon,
1416 2927 1583 2967 Graecis
1603 2926 1822 2977 Στελιχών.
2299 2975 2300 2978 ¹

1711 2990 1843 3030 Italia
1867 2990 1928 3030 sic
1948 2989 2080 3038 dicta,
2101 2989 2172 3028 vel
2237 2999 2241 3002 ·

1340 2993 1419 3028 146
1451 2990 1657 3040 OEnotria]

1284 3051 1339 3091 ab
1358 3052 1539 3091 OEnotro
1562 3053 1697 3103 Rege,
1730 3053 1797 3090 vel
1825 3050 1902 3090 ἀπὸ
1919 3052 1991 3090 τοῦ
2006 3050 2127 3104 οἴνου,
2145 3065 2172 3092 α

1282 3113 1387 3161 vino,
1405 3125 1489 3165 quo
1505 3113 1844 3153 commendatur.

1338 3179 1414 3215 147
1445 3176 1522 3215 Ter
1549 3189 1662 3216 senas
1691 3177 1847 3228 herbas]
1902 3177 1956 3217 Id
1977 3183 2058 3231 est,
2091 3190 2170 3232 per

1284 3238 1526 3279 octodecim
1545 3251 1720 3292 messes,
1737 3252 1813 3280 seu
1832 3251 1979 3282 annos.

1338 3305 1417 3341 148
1482 3303 1699 3356 Massylus]
1781 3304 1990 3358 Massylia
2048 3304 2167 3359 regio

1280 3362 1457 3406 Africae.
