2300 3906
330 315 485 368 Ferri
511 314 847 383 praesidium,
873 316 995 368 solo
1020 316 1263 369 munitus
1290 332 1492 370 amore.

328 397 658 466 Magnarum
680 414 783 448 nec
809 414 1013 464 parcns
1038 416 1208 466 opum
1234 401 1505 466 geminare
1526 397 1829 467 profundas

327 482 559 534 Distulit
582 484 880 548 impensa8‚
905 482 1002 533 sed
1030 487 1157 550 post
1181 483 1446 535 miracula
1471 484 1670 537 castris

325 564 496 617 Edita
518 567 607 617 vel
632 581 847 631 genero,
876 565 1074 619 Romae
1099 568 1308 635 majora
1331 571 1591 619 reservat.

325 648 576 702 Auratos
604 649 841 701 Rhodiis
866 651 1089 714 imbres,
1110 656 1372 703 nascente
1400 650 1672 713 Minerva,

325 732 633 784 Indulsisse
657 731 694 783 J
699 748 858 790 ovem
882 733 1178 799 perhibent,
1206 733 1540 800 Bacchoque
1566 737 1851 801 paternum

322 814 359 866 J
364 832 451 867 am
477 814 947 882 pulsantefemur,
974 821 1220 868 mutatus
1247 818 1444 886 palluit
1471 816 1710 867 Hermus

324 898 393 950 In
417 900 672 965 pretium‚-
696 898 924 964 votique
948 897 1150 948 famem
1175 914 1442 964 passurus
1468 898 1622 948 avari

853 213 857 219 ·
887 196 1376 238 cL..0hAUD1AN1
1417 195 1599 236 XXIV.

318 1093 375 1133 rit
393 1093 606 1133 subsidium
620 1106 761 1133 vanum
774 1105 985 1143 armorum,
1003 1094 1270 1134 corroboratus
1280 1107 1356 1134 una
1373 1094 1632 1134 benevolentia
1643 1093 1799 1134 civium
1818 1108 1829 1134 ι
1858 1105 1975 1145 neque
1993 1105 2155 1144 parcens

317 1147 471 1187 divitiis
487 1147 709 1197 ingentibus
733 1149 1038 1197 procrastinavit
1062 1149 1260 1198 duplicare
1276 1152 1424 1187 sumtus
1443 1149 1659 1194 immensos,
1686 1153 1729 1186 at
1748 1151 1832 1198 post
1849 1147 2033 1198 prodigia
2052 1147 2156 1186 libe-

319 1201 504 1240 ralitatis
527 1205 686 1251 peracta
705 1201 747 1238 in
767 1201 926 1248 milites,
941 1202 999 1239 vel
1027 1202 1274 1251 spectacula
1308 1214 1383 1252 pro
1410 1213 1554 1250 genero
1591 1202 1794 1249 Honorio,
1813 1203 1988 1252 reservat
2019 1199 2156 1238 Romae

318 1253 520 1304 ampliora.
592 1254 714 1293 Aiunt
750 1254 889 1292 Jovem
919 1255 1070 1292 dedisse
1102 1255 1254 1304 pluvias
1287 1266 1426 1293 aureas
1462 1254 1646 1301 Rhodiis,
1688 1255 1848 1292 Pallade
1884 1256 2078 1300 nascente,
2115 1256 2155 1291 et

319 1306 478 1347 Baccho
498 1306 586 1356 jam
612 1307 829 1358 impellente
849 1305 985 1355 femur
1006 1307 1199 1359 patrium,
1230 1307 1404 1365 Hermus
1435 1309 1629 1357 expalluit
1655 1318 1857 1346 conversus
1874 1306 1917 1344 in
1943 1317 2098 1357 aurum,
2117 1308 2156 1344 et

1117 1431 1385 1448 “O‘O‘OO‘OO

320 1539 423 1582 Lov.
448 1538 553 1577 redit
570 1537 688 1577 Med.
708 1542 848 1589 quart.
890 1536 1017 1575 milite
1036 1547 1113 1587 pro
1132 1535 1271 1575 inutile
1289 1535 1375 1575 inc.
1391 1535 1541 1576 Heius.
1578 1540 1759 1587 quaerunt
1778 1535 2049 1580 Fata—222
2065 1535 2156 1576 sub-

317 1592 464 1630 sidium
492 1590 644 1630 Ambr.
678 1602 763 1629 sec.
794 1593 992 1628 contentus
1011 1589 1135 1628 Voss.
1153 1600 1207 1626 m.
1228 1600 1317 1627 sec.
1349 1589 1470 1627 Leid.
1504 1600 1591 1628 sec.
1626 1589 1726 1628 Put.
1757 1589 1860 1628 Exc.
1889 1588 2068 1628 Gevart.
2089 1589 2158 1630 ed.

318 1643 595 1683 Vicet.—-—223
624 1643 711 1682 Hie
730 1654 876 1681 versus
895 1642 1078 1692 margini
1099 1641 1308 1690 ascriptus
1324 1646 1419 1680 erat
1438 1642 1479 1680 in
1499 1642 1603 1681 Lov.
1624 1646 1670 1681 et
1689 1642 1832 1681 Oxon.
1855 1644 2055 1691 pr.—224
2073 1642 2158 1682 De-

318 1696 413 1736 tulit
429 1696 589 1735 Thuan.
634 1701 672 1735 et
701 1699 791 1746 post
818 1696 918 1735 Vat.
936 1706 1021 1733 sec.
1044 1695 1165 1734 Rott.
1184 1694 1286 1733 Var.
1307 1694 1389 1734 LL.
1409 1695 1477 1734 ed.
1498 1693 1628 1734 Antv.
1672 1696 1739 1733 sed
1773 1695 1960 1734 Florent.
1994 1696 2156 1737 Mazar.

321 1748 463 1788 Oxou.
485 1761 550 1800 pr.
571 1750 672 1788 Vat.
694 1748 830 1788 Livin.
869 1760 940 1787 nec
958 1748 1041 1788 inc.
1063 1747 1216 1786 Heius.
1256 1747 1444 1787 miracula
1464 1748 1529 1786 vel
1548 1749 1771 1787 munuscula
1789 1748 1890 1787 Vat.
1911 1753 2012 1787 tert.
2034 1748 2155 1790 Med.

318 1807 423 1843 tert.
459 1807 508 1841 -et
535 1807 624 1853 post
656 1806 715 1840 t'ot
748 1813 909 1840 munera
941 1800 1197 1852 conjiciebat
1214 1799 1368 1840 Heius.
1403 1806 1448 1840 et
1469 1802 1728 1852 ascripserat
1750 1813 1810 1841 iv.
1833 1802 1962 1840 Cons.
1985 1801 2152 1842 Honor.

317 1859 412 1896 565.
441 1856 453 1877 ‘
476 1860 648 1907 quantae
669 1856 874 1893 miracula
894 1853 1224 1905 pompae.'—226
1252 1853 1407 1893 Aurata
1440 1855 1542 1895 Jun.
1577 1867 1639 1906 pr.
1688 1854 1829 1894 imbres
1859 1854 2029 1894 Rhodiis
2052 1855 2154 1895 Vat.

317 1920 406 1948 sec.
449 1909 592 1947 imbres
612 1908 760 1947 Rhodii
777 1908 941 1946 Mor-eti
957 1918 1024 1957 pr.
1069 1906 1237 1945 Rhodiis
1269 1906 1456 1947 Florent.
1486 1909 1571 1947 inc.
1594 1907 1746 1947 Heius.
1769 1908 1872 1958 Reg,
1894 1908 1977 1947 dno
1997 1908 2154 1948 Petav.

319 1962 486 2000 Bonon.
507 1961 591 2000 duo
611 1960 758 2000 Ambr.
780 1960 850 2000 ed.
868 1960 1013 1999 vicet.
1051 1959 1155 1998 divis
1173 1958 1319 1998 umbris
1338 1960 1489 2001 PetaV.
1525 1973 1608 2002 sec.
1637 1961 1764 2000 radiis
1792 1960 1896 2001 Jnn.
1927 1961 2068 2000 Oxou.
2091 1973 2155 2012 pr.

318 2013 418 2053 Vat.
440 2014 575 2065 quint.
594 2014 688 2053 Pal.
706 2013 823 2052 Prie.
845 2019 932 2052 tres
953 2012 1074 2052 Med.
1107 2013 1209 2052 Pnt.
1237 2013 1406 2052 Thuan.
1440 2015 1597 2054 Mazar.
1628 2014 1728 2054 Pat.
1750 2015 1904 2053 PetaV.
1925 2026 1990 2064 pr.
2010 2026 2066 2053 m.
2088 2026 2154 2066 pr.

319 2067 421 2107 Var.
441 2068 528 2106 LL.
549 2067 615 2106 ed.
636 2067 767 2105 Antv.
782 2066 904 2105 Divis
922 2066 1040 2104 Leid.
1063 2077 1123 2115 pr.
1144 2077 1200 2103 m.
1220 2077 1283 2115 pr.
1301 2073 1389 2104 vet.
1410 2067 1516 2119 Gyr.
1537 2067 1685 2106 Ambr.
1701 2073 1800 2107 tert.
1819 2068 1929 2106 Laeti
1946 2079 2001 2105 m.
2016 2073 2157 2107 sec.et

319 2120 501 2160 Lucens.
516 2132 579 2169 pr.
596 2120 728 2160 Divus
742 2119 860 2159 Med.
877 2123 976 2158 tert.
997 2118 1111 2157 Dicis
1125 2124 1171 2156 et
1184 2119 1453 2157 emendatum
1467 2120 1592 2158 radiis
1607 2120 1725 2159 Leid.
1737 2133 1824 2160 sec.
1836 2120 1958 2159 Divis
1973 2125 2017 2168 e‚t
2030 2117 2157 2160 radii}

319 2172 445 2212 Voss.
459 2178 505 2212 et
520 2174 624 2212 Exc.
640 2171 1174 2212 Gevart.--22⁷‘Inclusisse
1188 2169 1336 2211 Ambr.
1350 2184 1414 2222 pr.
1427 2173 1581 2212 Sehed.
1594 2173 1709 2213 Gud.
1721 2172 1895 2221 referunt
1909 2174 2155 2218 Florent.—,

318 2229 398 2266 228
419 2227 661 2277 Depulsante
674 2238 751 2276 pro
766 2226 861 2264 Jam
878 2225 1056 2274 pulsante
1074 2225 1158 2262 duo
1176 2224 1300 2263 Vati,
1317 2227 1478 2263 laxante
1494 2227 1591 2265 Vat.
1607 2238 1671 2276 pr.
1682 2226 1776 2264 Pal.
1794 2226 1912 2264 Prie,
1934 2226 2055 2266 Rott.
2075 2226 2151 2270 Oi-

319 2280 398 2318 sel.
415 2279 699 2329 Reg.'rhuan.
719 2279 877 2317 Mazar.
890 2278 1032 2318 Oxon.
1053 2289 1117 2327 pr.
1131 2277 1231 2316 Vat.
1254 2278 1391 2316 Livin.
1411 2279 1580 2318 lassante
1594 2280 1695 2317 Vat.
1717 2284 1819 2318 tert.
1842 2278 1926 2317 duo
1942 2279 2065 2318 Med.
2080 2280 2158 2318 las-

318 2338 429 2372 sante
446 2333 514 2371 vel
531 2334 712 2383 pulsante
729 2331 920 2372 Floreat.
949 2331 1191 2382 Depulsante
1210 2330 1276 2370 vel
1294 2331 1391 2372 Jam
1409 2332 1576 2373 lassante
1594 2331 1750 2373 Petav.
1771 2334 1972 2383 pr.-229
1997 2330 2154 2381 samam

1153 2510 1329 2554 NOTAE

319 2626 493 2679 captiva
512 2628 645 2680 prins,
666 2642 791 2683 quam
811 2636 1053 2683 caperetur,
1067 2636 1188 2673 erat.’

370 2695 450 2731 222
494 2682 583 2732 Solo
619 2694 792 2733 munitus
827 2695 976 2747 amore]
1032 2696 1201 2736 Civium

318 2767 436 2795 amor
455 2767 597 2796 murus
618 2763 685 2797 est
704 2758 905 2798 aheneus.
1024 2756 1027 2758 ’

367 2822 448 2858 226
468 2818 640 2859 Aur-atos
651 2820 812 2871 imbres]
841 2821 1018 2861 Strabo:
1049 2820 1203 2874 Χρυσὸν

317 2882 474 2928 ὑσθῆναι
500 2882 619 2932 φασὶν
652 2884 694 2922 ἐν
722 2886 774 2936 τῇ
797 2884 902 2934 νήσῳ
920 2885 1022 2925 κατὰ
1039 2886 1113 2934 τὴν
1129 2889 1200 2935 τῆς

314 2943 476 2991 Ἀθηνᾶς
486 2944 642 2994 γένεσιν
657 2947 700 2985 ἐκ
717 2949 787 2994 τῆς
801 2950 977 2997 κεφαλῆς
994 2950 1065 2988 τοῦ
1082 2949 1197 2989 Attis:

316 3007 471 3047 Aurum
483 3008 631 3058 pluisse
643 3009 777 3048 dicunt
795 3010 837 3049 in
857 3011 983 3049 insula
1003 3010 1198 3063 (Rhodo)

313 3067 419 3109 circa
449 3071 737 3120 generationem
767 3073 960 3112 Minerva>
989 3086 1038 3112 ex
1069 3075 1198 3125 capite

314 3132 443 3172 Jovis.
500 3132 714 3171 Pindarus
745 3146 844 3173 vero
874 3134 998 3185 dixit,
1028 3138 1198 3188 Χρυσᾳῐς

315 3193 532 3247 νιφάδεσσι,
561 3196 690 3235 aureis
707 3197 875 3248 nivibus,
902 3198 1085 3239 Rhodon
1104 3199 1197 3238 irri-

317 3265 461 3312 gatam
480 3272 588 3300 esse.
767 3252 770 3256 ’

368 3325 448 3362 228
476 3323 664 3362 Pulsante
673 3321 830 3374 femur]
872 3324 1041 3365 Semele
1059 3329 1195 3365 matre

317 3386 494 3429 fulmine
525 3387 645 3429 Jovis
674 3387 884 3441 extincta,
898 3389 1104 3443 ‚Bacchus
1139 3392 1200 3428 te-

1267 2634 1405 2674 nellus
1437 2633 1624 2674 inclusus
1652 2634 1718 2672 est
1745 2631 1790 2670 in
1823 2628 1985 2669 femore
2007 2628 2153 2670 Patris

1266 2697 1293 2739 J
1298 2697 1402 2748 ovis,
1414 2702 1462 2737 ut
1481 2708 1635 2736 novem
1650 2706 1818 2734 menses
1833 2693 2049 2745 expleret,
2060 2692 2152 2744 qui-

1269 2758 1348 2798 bus
1367 2759 1531 2799 exactis
1551 2758 1683 2810 coepit
1711 2757 1882 2807 pulsare
1912 2754 2054 2795 femur
2079 2766 2153 2806 pa-

1269 2826 1455 2870 ternum,
1473 2826 1521 2860 ut
1540 2821 1619 2860 sibi
1647 2826 1817 2871 pateret
1836 2819 2005 2858 exitus:
2036 2810 2149 2857 u'nde

1268 2889 1315 2924 et
1345 2884 1630 2936 Dithyrumbus
1661 2882 1843 2928 dicitnr;
1875 2893 1971 2920 nam
2004 2877 2154 2930 δὶςιὸἰε,

1265 2945 1360 2998 θύρα
1367 2946 1480 2995 fores
1500 2946 1726 2997 significat,
1746 2944 1865 2997 quasi
1883 2944 1983 2984 binis
1991 2942 2152 2990 foribus

1263 3020 1437 3058 egressus
1467 3008 1534 3056 sit,
1566 3008 1654 3046 sive
1689 3006 1748 3045 bis
1774 3010 1904 3054 natus,
1931 3005 2063 3044 semel
2093 3014 2150 3043 ex

1263 3077 1401 3110 matre
1429 3070 1611 3121 Semele,
1638 3069 1794 3109 deinde
1814 3080 1868 3107 ex
1890 3066 2150 3114 femoreJo-

1263 3133 1343 3172 vis.

1320 3195 1509 3246 Hermus]

1261 3259 1439 3298 volvens
1478 3269 1628 3296 arenas
1676 3268 1841 3295 aureas.

1261 3326 1273 3345 ‘
1293 3321 1413 3361 Auro
1463 3320 1657 3360 turbidus
1705 3317 1920 3358 Hermus!

1263 3385 1452 3426 Sarabat:
1486 3385 1620 3425 intrat
1639 3395 1756 3424 mare
1777 3383 1984 3435 AEgaeum.

1573 3194 1748 3234 Fluvius
1796 3192 1911 3233 Asiae
1958 3192 2148 3246 minoris,

1907 3255 2145 3306 Virgilius:

1987 3317 2149 3379 Hodie,
