2300 3906
334 223 443 279 834
842 234 936 273 cn.
977 226 1331 271 anumANl
1372 224 1614 265 xxvm.

334 353 612 422 Principis
635 356 689 405 et
713 350 859 403 Solis
884 348 1058 400 radiis
1084 346 1302 398 detersa
1323 346 1554 398 removit

333 438 560 491 Nubila.
634 434 896 500 Namque
920 431 1044 482 ideo
1066 429 1273 498 pluviis
1298 429 1613 480 turbaverat
1643 436 1849 479 omnes*
2049 425 2158 479 540

331 522 477 576 Ante
502 522 636 582 dieS,
662 519 964 584 lunamque
984 514 1170 566 rudem
1193 511 1566 564 madefecerat
1588 510 1817 576 Auster,
1840 553 1842 556 ,

332 606 414 659 Ut
446 605 546 658 tibi
584 607 862 654 servatum
900 600 1099 652 scirent
1136 613 1386 650 convexa
1425 612 1693 648 serenum.

331 687 526 748 Omne,
549 685 808 736 Palatino
834 682 988 751 quod
1030 696 1171 749 pons
1202 697 1236 732 a
1260 679 1401 732 oolle
1435 679 1646 733 recedit

331 771 598 831 MulviuS‚
621 775 677 819 et
703 773 964 835 quantum
997 766 1155 817 licuit
1194 778 1518 828 consurgere
1543 762 1722 827 tectis,

333 854 465 907 Una
497 853 673 920 replet
711 853 886 904 turbae
914 851 1108 902 facieS.
1163 848 1388 900 Undare
1414 847 1630 899 videres
2060 843 2168 898 545

331 938 460 991 Ima
483 937 639 997 viriS‚
667 936 809 987 altas
835 934 1086 1000 effulgere
1110 933 1376 984 matribus
1401 931 1574 984 aedes.

331 1018 600 1073 Exultant
617 1019 853 1086 juvenes
880 1017 1123 1085 aequaevi
1150 1015 1434 1082 Principis
1461 1015 1648 1067 annis:

323 1154 459 1206 pluvia
476 1153 687 1204 continua)
721 1154 865 1205 repulit
899 1159 1041 1193 tamen
1073 1151 1191 1192 nubes
1221 1152 1433 1203 dissipatas
1464 1153 1664 1204 splendore
1684 1148 1939 1202 Imperatoris
1970 1151 2009 1187 et
2041 1145 2161 1187 Solis.

329 1208 494 1247 Etenim
526 1207 671 1246 idcirco
704 1208 961 1255 infestaverat
989 1206 1136 1258 pluviis
1167 1206 1251 1245 dies
1277 1210 1435 1245 cunctos
1458 1207 1583 1257 prius,
1619 1210 1658 1245 et
1678 1206 1806 1244 Notus
1827 1203 2067 1249 irrigaverat
2097 1211 2168 1238 no-

328 1273 418 1300 tam
449 1261 618 1309 Lunam,
654 1264 699 1300 ut
738 1261 886 1300 Coelum
917 1263 1162 1310 cognosceret
1198 1260 1447 1299 serenitatem
1480 1259 1556 1298 tibi
1594 1257 1723 1298 fuisse
1769 1259 2025 1315 reservatam.
2079 1253 2169 1292 Una

328 1313 473 1364 species
503 1314 772 1354 multitudinis
817 1313 951 1364 implet
999 1317 1126 1352 totum
1163 1312 1365 1363 spatium,
1394 1324 1471 1361 per
1508 1314 1607 1363 quod
1642 1324 1737 1363 pons
1775 1309 1953 1348 Mulvius
1984 1309 2106 1346 distat
2142 1316 2167 1343 a

328 1367 436 1417 colle,
464 1370 503 1405 et
521 1371 708 1418 quantum
727 1367 956 1417 permissum
988 1371 1045 1405 est
1073 1377 1283 1414 exsurgere
1310 1377 1441 1416 supra
1471 1367 1613 1405 domos.
1674 1367 1862 1404 Cerneres
1899 1360 2034 1412 infima
2067 1360 2165 1398 loca

327 1418 576 1471 effervescere
605 1420 717 1470 viris,
743 1424 782 1459 et
811 1421 943 1459 domos
973 1421 1144 1459 excelsas
1174 1419 1361 1459 nitescere
1389 1418 1593 1458 matribus.
1649 1419 1824 1457 Juvenes
1841 1417 2026 1455 laetuntur
2047 1414 2168 1452 aetate

1103 1523 1151 1538 ‘O
1157 1523 1226 1538 ‘O‘
1232 1524 1374 1539 OOO‘OO
1380 1524 1402 1539 O

327 1577 453 1618 imber
487 1578 624 1618 Oisel.
652 1577 775 1617 imbre
808 1582 895 1617 tres
932 1577 1055 1616 Vatt.
1092 1578 1213 1618 Prie.
1236 1578 1354 1617 imbri
1386 1577 1507 1617 Med.
1547 1589 1613 1627 pr.
1648 1575 1809 1615 Moret.
1848 1586 1914 1625 pr.
1950 1572 2170 1613 Mazar.—

330 1635 413 1670 539
438 1632 550 1670 radio
569 1632 668 1669 Pat.
687 1630 815 1669 radiis
834 1630 927 1669 sotis
946 1630 1069 1669 Voss.
1085 1631 1208 1669 Leid.
1241 1643 1329 1670 sec.
1363 1631 1467 1672 Jun.
1498 1642 1562 1680 pr.
1596 1629 1737 1669 Oxou.
1759 1640 1844 1667 sec.
1868 1627 1972 1666 Exc.
1992 1626 2169 1666 Gevart.

325 1686 486 1722 decursa
500 1684 754 1723 Pric.-540
783 1695 873 1722 nam
893 1683 991 1722 Vat.
1013 1689 1153 1734 quart.
1169 1683 1317 1733 pluviis
1332 1684 1419 1723 ideo
1439 1684 1534 1724 Pal.
1548 1683 1650 1724 Vat.
1667 1686 1806 1734 quart.
1817 1680 1903 1730 jam
1919 1679 2065 1731 pluviis
2081 1679 2169 1719 ideo

325 1736 453 1776 Farn.
474 1737 596 1775 Rott.
613 1748 778 1786 namque
797 1736 884 1774 ideo
898 1735 1033 1786 pluvia
1054 1737 1158 1775 Lov.
1181 1736 1339 1776 Moret.
1361 1749 1446 1776 sec.
1478 1749 1643 1788 namque
1672 1737 1760 1775 ideo
1781 1734 1926 1786 pluviis
1958 1731 2082 1772 Leid.
2103 1744 2168 1783 pr.

325 1789 428 1829 Jun.
464 1801 531 1840 pr.
566 1789 650 1827 duo
672 1789 815 1828 Oxon.
835 1789 1024 1828 Florent.
1049 1794 1137 1829 tres
1156 1788 1278 1829 Med.
1310 1790 1393 1830 inc.
1414 1789 1567 1829 Heius.
1601 1789 1705 1828 Put.
1738 1789 1848 1839 Reg.
1877 1787 2033 1826 Petav.
2065 1790 2168 1826 tert.

324 1842 494 1882 Bonon.
514 1842 614 1881 Pat.
635 1842 808 1881 Tholos.
841 1846 929 1881 tres
960 1842 1112 1881 Ambr.
1147 1842 1248 1882 Vat.
1279 1843 1418 1883 Livin.
1453 1844 1558 1883 Exc.
1587 1843 1770 1882 Lueens.
1801 1853 1866 1891 pr.
1886 1841 1988 1879 Var.
2022 1839 2108 1878 LL.
2145 1851 2169 1879 e

327 1907 463 1946 marg.
487 1896 627 1935 Parm.
666 1907 813 1935 omnem
839 1895 947 1935 Ante
965 1896 1068 1935 diem
1087 1896 1187 1935 Vat.
1219 1908 1306 1936 sec.
1341 1902 1386 1936 et
1418 1901 1518 1935 tert.
1549 1896 1652 1937 Jun.
1683 1907 1749 1945 pr.
1773 1896 1915 1934 Oxon.
1950 1904 2035 1932 sec.
2058 1893 2167 1932 Exc.

326 1948 455 1988 Laeti.
474 1961 605 1988 omnes
625 1950 691 1987 vel
712 1948 814 1987 orbis
833 1948 976 1988 Oxon.
1017 1961 1083 1999 pr.
1120 1948 1262 1990 Oxon.
1295 1953 1496 2001 pin—541
1533 1950 1640 1989 Ante
1657 1948 1761 1988 diem
1780 1948 1863 1987 duo
1885 1947 2036 1985 PetaV.
2066 1945 2170 2002 Lov.

324 2002 490 2041 Moret.
511 2014 575 2052 pr.
594 2002 722 2042 Voss.
757 2001 900 2041 Oxon.
922 2014 986 2052 pr.
1007 2002 1115 2040 Exc.
1134 2002 1318 2042 Gevart.
1351 2004 1426 2042 udo
1461 2014 1540 2054 pro
1569 2004 1706 2042 rudem
1737 2001 1985 2052 conjecerat
2013 1999 2169 2039 Heius.

325 2055 473 2094 Auster·
492 2059 578 2093 tres
592 2055 712 2095 Vatt.
733 2054 848 2094 Prie.
870 2055 988 2094 Rott.
1007 2055 1199 2094 Florent.
1216 2056 1381 2095 Thuan.
1399 2057 1482 2095 duo
1507 2055 1624 2095 Med.
1643 2068 1738 2095 auro
1758 2055 1862 2094 Var.
1885 2054 1970 2093 LL.
1993 2064 2016 2091 e
2036 2063 2168 2100 marg.

324 2107 470 2146 Parm.
489 2109 637 2146 Austro
657 2107 742 2146 duo
762 2107 915 2146 Leidd.
948 2114 993 2146 et
1025 2108 1177 2159 viginti
1208 2108 1292 2147 duo
1330 2109 1419 2159 alii,
1452 2110 1559 2149 Exc.
1585 2109 1751 2148 Schott.
1772 2109 1953 2146 Lucens.
1974 2117 2037 2156 pr.
2059 2104 2168 2145 eod.

323 2159 478 2200 Rhem.
499 2160 570 2199 ed.
590 2160 732 2199 Vicet.
752 2161 857 2199 Var.
875 2161 960 2200 LL.
993 2160 1060 2200 ed.
1094 2160 1230 2200 Antv.
1264 2161 1414 2201 Auster
1441 2163 1506 2200 vel
1534 2162 1682 2201 Austro
1705 2162 1857 2199 Petav.
1879 2161 2079 2210 pru—542
2114 2158 2169 2198 Ut

326 2213 403 2252 sibi
423 2214 582 2253 Moret.
605 2225 671 2263 pr.
690 2216 840 2252 servato
864 2213 1105 2253 Low—543
1142 2215 1255 2253 Unde
1274 2214 1376 2254 Pat.
1398 2227 1472 2265 quo
1489 2226 1587 2265 pons
1606 2214 1707 2254 Put.
1726 2226 1804 2264 qua
1823 2214 1950 2252 Farn.
1965 2213 2065 2262 quod
2083 2209 2168 2251 duo

327 2266 480 2307 Leidd.
500 2271 545 2305 et
563 2266 736 2317 plurimi
752 2266 886 2306 Codd.
906 2268 1013 2306 Exc.
1043 2267 1221 2307 Gevart.
1243 2267 1409 2307 Schott.
1430 2269 1611 2307 Lucens.
1645 2279 1708 2317 pr.
1739 2267 1841 2305 Var.
1874 2266 1956 2304 LL.
1991 2277 2015 2303 e
2036 2276 2169 2315 marg.

325 2329 472 2369 Parm.
493 2334 538 2368 et
557 2329 626 2367 ed.
646 2328 778 2368 Antv.
795 2332 847 2389 3⁰
863 2329 891 2369 J
896 2341 964 2367 nn.
987 2341 1050 2380 pr.
1071 2332 1198 2368 monte
1213 2329 1312 2368 Vat.
1334 2341 1420 2368 sec.
1442 2330 1597 2368 recessit
1618 2330 1855 2368 Low—544
1875 2326 2049 2367 Mulvius
2064 2326 2169 2368 Vat.

325 2406 389 2443 pr.
415 2393 576 2434 Bonon.
598 2395 704 2434 Exc.
727 2395 906 2434 Lucens.
928 2406 1014 2433 sec.
1040 2394 1207 2433 Milvius
1227 2394 1308 2434 duo
1329 2394 1479 2435 Leidd.
1496 2396 1598 2437 Jun.
1630 2407 1696 2447 pr.
1717 2396 1800 2435 duo
1823 2395 1963 2435 Oxon.
1984 2399 2169 2447 quatuor

325 2448 449 2487 Vatt.
471 2444 567 2486 Pal.
589 2447 705 2487 Pric.
727 2448 847 2487 Rott.
866 2447 1000 2486 Oisel.
1021 2448 1123 2486 Lov.
1146 2448 1230 2487 (luo
1251 2449 1410 2488 Moret.
1433 2449 1538 2489 Exc.
1559 2450 1737 2489 Gevart.
1756 2449 1855 2488 Ald.
1879 2450 2022 2487 Milius
2040 2449 2169 2490 Farn-

323 2501 428 2541 Var.
449 2501 537 2540 LL.
559 2501 624 2540 ed.
642 2500 771 2540 Antv.
799 2502 840 2539 in
859 2504 1045 2551 quantum
1065 2502 1169 2539 Vat.
1197 2513 1260 2551 pr.
1290 2502 1390 2541 Vat.
1427 2502 1565 2542 Livin.
1600 2502 1720 2542 terris
1756 2514 1834 2554 pro
1865 2502 1979 2541 tectis
2009 2502 2168 2541 Mon-et.

325 2566 391 2605 pr.
419 2554 539 2593 rectis
568 2554 673 2595 Jun.
718 2558 917 2604 pin—545
947 2555 1093 2592 undare
1127 2553 1221 2594 Pal.
1267 2556 1374 2594 Exc.
1413 2555 1535 2595 Laeti.
1574 2568 1648 2595 uno
1680 2568 1745 2595 ore
1793 2556 1913 2596 Leid.
1949 2567 2034 2595 sec.
2071 2566 2168 2594 cum

323 2606 480 2658 viginti
510 2607 692 2654 duobus,
711 2607 780 2646 ed.
806 2608 952 2647 Vicet.
984 2607 1086 2646 Var.
1115 2607 1202 2647 LL.
1235 2607 1304 2647 ed.
1334 2607 1467 2647 Antv.
1490 2611 1639 2648 undare
1658 2610 1726 2648 vel
1748 2621 1822 2648 uno
1840 2621 1905 2648 ore
1924 2609 2169 2648 Florem.-

326 2663 407 2700 546
432 2660 509 2700 viis
541 2672 619 2712 pro
654 2661 752 2700 viris
782 2661 943 2700 Moret.
978 2661 1251 2712 punitasque
1277 2662 1379 2701 Vat.
1410 2673 1495 2702 sec.
1525 2662 1728 2713 effundere
1748 2675 1826 2713 pro
1846 2661 2034 2713 effulgere
2062 2661 2166 2700 Put.

324 2725 517 2765 exurgere
544 2714 661 2754 Pric.
680 2713 855 2765 effugere
873 2714 976 2753 Var.
1008 2714 1095 2754 LL.
1125 2713 1194 2753 ed.
1215 2713 1485 2756 Antv.-547
1514 2716 1608 2755 anni
1628 2717 1792 2756 Moret.
1812 2717 2035 2755 sem-548
2068 2715 2168 2755 Ten-

1167 2821 1343 2864 NOTAE

325 2915 575 2963 spectacula
593 2927 739 2956 mane:
769 2915 964 2956 Divisum
986 2916 1212 2968 imperium

327 2986 421 3014 cum
439 2976 549 3016 Jove
569 2977 713 3016 Caesar
730 2978 890 3018 habet!

380 3039 459 3075 541
503 3037 654 3077 Lunam
682 3039 836 3090 rudem]
878 3039 931 3079 Id
951 3045 1034 3091 est,
1054 3040 1214 3081 Auster

325 3098 623 3140 madefecerat
642 3106 814 3153 tempus
844 3104 975 3143 Lunae
1001 3104 1118 3143 rudis
1138 3117 1211 3144 seu

325 3174 469 3203 novae.

350 3222 459 3265 '545
495 3225 673 3281 Undare]
703 3226 900 3278 Impleri,
928 3234 971 3267 et
1005 3227 1212 3269 fluctuum

323 3287 476 3338 instar,
496 3286 792 3340 effervescere,
822 3291 1070 3331 exundare:
1108 3293 1211 3332 unda

1282 2919 1417 2958 vomit
1437 2918 1602 2959 aedibus
1623 2915 1808 2958 undam.'
1842 2915 2006 2963 Plinius
2022 2914 2063 2953 in
2080 2913 2166 2953 Pa-

1281 2981 1508 3032 negyrico:
1523 2983 1536 3003 ⁴
1554 2982 1668 3032 Ergo
1683 2993 1768 3020 non
1781 2985 1886 3018 aetas
1897 2989 2167 3029 quemquam,

1281 3056 1364 3083 non
1395 3044 1610 3094 valetudo,
1642 3055 1726 3082 non
1757 3052 1882 3080 sexus
1918 3038 2168 3091 retardavit,

1281 3107 1504 3158 quominus
1541 3106 1684 3145 oculos
1716 3104 1886 3143 insolito
1919 3103 2166 3152 spectaculo

1281 3170 1493 3218 imploret.
1540 3168 1605 3206 Te
1627 3167 1791 3217 parvuli
1815 3177 2008 3214 noscere,
2023 3170 2165 3205 osten-

1282 3236 1374 3271 tare
1388 3231 1585 3280 juvenes,
1606 3229 1750 3268 mirari
1772 3229 1923 3279 senes‚'
1944 3232 2024 3269 &c.

1335 3296 1415 3332 546
1446 3292 1663 3342 Matribus]
1706 3290 1925 3344 Effulgere
1954 3291 2163 3332 matribus

323 3349 485 3401 optime
504 3350 664 3392 dicitur
685 3351 739 3391 de
760 3353 1037 3394 multitudine
1056 3353 1208 3394 effusa.
1277 3356 1437 3394 ornatis
1459 3355 1698 3409 splendide,
1727 3361 1773 3396 et
1805 3367 1860 3396 ex
1879 3367 2041 3395 summo
2069 3355 2165 3396 loco

323 3413 555 3467 Virgilius:
594 3414 607 3437 ‘
641 3414 773 3456 Mane
806 3416 1068 3457 salutantum
1102 3416 1206 3457 totis
1275 3416 1590 3470 spectantibus.
2162 3421 2167 3425 ’

2253 3123 2300 3467 .Ι

2280 3482 2300 3906 i
