2300 3906
368 192 478 247 950

920 203 1016 241 01„
1057 197 1409 240 CLAUDIAM
1450 198 1652 240 XXXV.

369 322 488 376 Aut
512 325 708 392 quales
727 321 964 374 referunt
988 318 1214 371 Baccho
1248 318 1499 371 solennia
1523 317 1804 388 Nymphae

371 407 652 469 Maeoniae,
679 420 817 472 quas
843 403 1088 455 Hermus
1114 402 1229 464 alit,
1254 404 1518 470 ripasque
1543 408 1803 470 paternas

370 491 702 543 Percurrunt
725 503 857 540 auro
882 485 1155 552 madidae3
1190 487 1411 540 laetatur
1435 487 1494 538 in
1517 492 1677 540 antro

368 573 582 635 AmniS,
609 578 667 624 et
689 570 982 623 undantem
1007 570 1248 623 declinat
1272 569 1537 637 prodigus
1563 587 1774 624 urnam.
2127 571 2202 624 70

439 657 670 710 Viderat
693 656 934 709 herboso
956 672 1177 709 sacrum
1198 655 1266 707 de
1287 655 1492 708 vertice
1519 656 1718 723 vulgus

368 739 572 792 Henna
595 756 794 807 parens
815 740 1030 804 florum,
1055 755 1332 807 curvaque
1355 740 1414 791 in
1438 739 1586 792 valle
1611 738 1891 794 sedentem

370 825 689 893 Compellat
715 825 1029 894 Zephyrum
1050 842 1064 878 ι
1106 825 1274 879 Pater
1297 841 1332 877 o
1357 825 1664 892 gratissime
1685 825 1853 888 veriS,

363 989 488 1028 securi
505 989 651 1040 patria.
705 988 789 1029 Aut
807 990 1124 1041 quemadmodum
1142 987 1338 1042 Nymphoe
1355 987 1499 1041 Lydia:
1523 990 1708 1027 renovant
1726 985 1836 1036 festa
1857 983 2039 1030 Baccho.-
2065 981 2204 1034 Nym·

368 1041 481 1092 phae,
499 1055 596 1094 quas
617 1043 788 1083 Hermus
816 1044 959 1095 nutrit,
990 1047 1031 1084 et
1057 1055 1144 1096 quoe
1175 1055 1341 1095 aspersae
1369 1042 1490 1095 aquis
1518 1040 1650 1080 aureis
1679 1043 1843 1080 currunt
1874 1050 1946 1090 per
1976 1037 2112 1078 littora
2133 1047 2206 1087 pa·

367 1097 474 1135 tria:
522 1096 674 1147 fluvius
705 1098 852 1147 gaudet
883 1097 928 1137 in
957 1109 1140 1147 caverna,
1174 1101 1213 1136 et
1249 1095 1422 1136 liberalis
1455 1094 1625 1147 effundit
1653 1094 1807 1145 plenam
1836 1103 1989 1132 umam.
2056 1089 2205 1151 Henna

359 1153 486 1187 mater
519 1151 670 1200 storum
713 1155 920 1202 aspexerat
960 1163 1011 1190 ex
1047 1154 1179 1191 monte
1204 1149 1329 1190 viridi
1370 1149 1524 1188 turbam
1568 1151 1781 1195 sacratam,
1814 1150 1854 1186 et
1891 1145 1953 1184 sic
1988 1144 2201 1203 alloquamur

363 1202 585 1254 Zephyrum
602 1204 797 1243 sedentem
815 1203 858 1243 in
876 1205 974 1244 valle
990 1209 1152 1244 curvata
1165 1217 1178 1243 .·
1222 1205 1260 1243 Ο
1276 1201 1682 1255 pater-jucundissime
1707 1199 1824 1251 veris,
1840 1198 1907 1252 qui
1924 1199 2094 1249 imperas
2110 1206 2206 1235 ‹1882-

1136 1311 1434 1329 “OOOOOOOOOO

366 1378 428 1416 ‹1oe
438 1376 541 1419 Put.
555 1379 664 1431 Reg.
677 1380 827 1420 Petav.
843 1392 908 1431 pr.
922 1381 1111 1422 chartac.
1127 1377 1280 1419 Heius,
1292 1378 1395 1419 Jun.
1408 1389 1495 1416 sec.
1510 1376 1594 1415 duo
1609 1375 1751 1415 Oxou.
1767 1374 1875 1413 Exe.
1888 1372 2045 1434 Petav.
2061 1373 2204 1422 quart.

364 1430 544 1470 madidas
556 1432 639 1473 inc.
656 1433 805 1474 Heius.
824 1435 994 1473 madidoe
1009 1434 1075 1472 vel
1087 1433 1268 1482 gravidae
1285 1431 1387 1471 Vat.
1402 1429 1444 1470 d.
1458 1429 1486 1470 J
1491 1442 1560 1469 un.
1574 1441 1640 1479 pr.
1659 1428 1703 1467 in
1717 1438 1814 1466 auro
1828 1437 1908 1477 pro
1919 1436 1962 1464 tn
1976 1427 2089 1464 antro
2103 1423 2204 1484 Vat.

364 1494 431 1532 pr.
444 1484 553 1524 Cod.
570 1486 809 1526 Bartholin.
838 1487 882 1525 in
897 1486 1046 1525 Austro
1065 1486 1175 1524 Exc.
1196 1483 1352 1523 Petav.
1368 1484 1613 1534 quart—⁰11
1645 1479 1822 1518 umbroso
1839 1479 1942 1519 Jun.
1962 1489 2030 1528 pr.
2057 1479 2205 1527 cespite

363 1536 465 1577 Vat.
493 1542 669 1588 pr.—-·72
700 1539 846 1578 Henna
874 1538 1020 1578 Oxou.
1054 1548 1121 1588 pr.
1155 1536 1282 1575 AEtna
1312 1545 1459 1573 omues
1490 1532 1612 1574 Vatt.
1642 1532 1740 1572 Pal.
1771 1530 1879 1572 eod.
1905 1529 2206 1570 Bai-thulin.-

1192 1653 1376 1696 NOTAE

423 1748 591 1800 Tanain]
617 1750 770 1790 Tanais
790 1755 855 1791 est
875 1750 1061 1803 Scythiae
1080 1747 1250 1802 fluvius,

366 1813 438 1864 qui
459 1813 677 1864 Europam
696 1822 870 1866 separat
888 1814 943 1854 ab
958 1813 1091 1855 Asia:
1122 1812 1248 1854 hodie

363 1876 524 1916 dicitur
544 1877 654 1917 Don.

418 1939 575 1991 Securi]
604 1941 784 1981 Secnres
817 1946 942 1981 erant
975 1953 1094 1981 arma
1121 1939 1251 1981 Ama-

365 2013 539 2042 zonum:
570 2002 684 2042 unde
705 2002 903 2053 Ovidius,
931 2007 943 2026 ‘
966 2002 1113 2043 Prima
1132 2015 1249 2044 secu·

362 2065 527 2116 rigeras
548 2066 664 2104 inter
686 2066 845 2106 virtute
865 2065 1057 2118 puellas!

416 2131 468 2166 67
509 2128 715 2179 Solennia]
757 2130 888 2170 Festa
921 2135 1044 2170 terno
1078 2141 1249 2182 quoque

362 2201 475 2229 anno
495 2191 709 2230 celebrari
731 2191 880 2240 solita;
909 2203 1009 2231 mox
1028 2197 1075 2230 et
1090 2192 1252 2231 Triete-

359 2253 451 2293 rica
483 2254 599 2294 dicta
619 2263 742 2295 sunt:
786 2256 891 2306 τρεῖς
921 2260 1018 2305 tres,
1051 2253 1151 2306 ἔτος,
1170 2269 1248 2306 eos,

359 2328 497 2355 annus.

411 2382 465 2418 68
487 2379 689 2431 Moeonioe]
717 2379 870 2431 Lydae,
888 2391 913 2419 a
928 2380 1048 2431 Rege
1066 2380 1253 2430 Maeone,

359 2442 434 2494 qui
453 2447 500 2482 et
519 2443 650 2494 Lydis
667 2443 912 2495 imperavit.
967 2443 1107 2494 Lydia
1125 2453 1251 2495 porro

357 2506 563 2557 singulari
583 2508 703 2547 cultu
722 2507 941 2547 Bacchum
961 2505 1251 2559 prosequeba-

360 2573 448 2609 tur.

418 2632 609 2684 Hermus]
651 2633 829 2674 Fluvius
868 2631 1046 2684 aurifer,
1084 2632 1250 2673 Ioniam

359 2694 538 2748 alluens,
555 2698 624 2737 vel
651 2698 789 2749 Jovis,
817 2697 886 2738 vel
913 2696 1105 2749 Tethyos
1124 2701 1170 2738 et
1190 2697 1251 2738 Ο-

360 2760 482 2798 ceani
501 2758 626 2800 filius,
1082 2789 1085 2793 ,

408 2825 464 2862 69
484 2824 745 2877 Per-currunt]
767 2825 880 2865 Nam
900 2826 1099 2876 Bacehae,
1115 2825 1250 2877 Nym-

358 2883 452 2934 phae
488 2886 648 2926 Bacchi
675 2888 871 2937 comites,
900 2893 1080 2929 currunt
1108 2893 1154 2928 et
1172 2901 1246 2929 va-

357 2953 513 2996 gantur
533 2961 610 2999 per
630 2950 744 3001 ripas
763 2952 940 3002 patrias.

358 3010 524 3112 HAurp
553 3014 737 3065 madida]
784 3015 921 3068 Aquis
955 3015 1096 3057 aureis
1127 3015 1246 3057 fluvii

406 3084 526 3112 erml.

411 3138 465 3174 70
506 3135 668 3188 Amnis]
709 3137 780 3178 Sic
811 3137 966 3180 fluvius
996 3140 1156 3182 dicitur
1187 3142 1243 3183 ab

359 3196 606 3238 ambiendo.

412 3260 623 3312 Declinat]
655 3262 856 3313 Inclinat,
884 3264 1080 3317 invertit,
1108 3265 1242 3307 effun-

357 3321 506 3375 ditque
526 3336 674 3364 urnam
696 3338 786 3378 prae
807 3328 977 3377 gaudio.

419 3386 587 3440 Urnam]
631 3389 815 3431 Veteres
841 3389 981 3433 fluviis
1008 3392 1243 3434 tradebant

1315 1747 1359 1787 in
1376 1759 1504 1787 manu
1523 1759 1666 1797 urnaS,
1679 1759 1734 1788 ex
1754 1746 1905 1800 quibus
1925 1756 2057 1798 aquas
2074 1741 2206 1784 effun-

1318 1810 1491 1850 debant.
1529 1810 1762 1862 Virgilius:
1791 1810 1803 1832 ‘
1834 1809 2085 1861 Coelataque
2118 1819 2205 1847 am-

1318 1886 1416 1914 nem
1435 1873 1620 1913 fundens
1641 1878 1766 1925 pater
1783 1872 1969 1912 Inachus
1988 1870 2125 1911 urna!

1372 1940 1423 1976 71
1467 1936 1632 1976 Sacrum
1660 1934 1816 1986 vulgus]
1851 1935 2019 1986 Vulgus
2047 1939 2113 1974 est
2143 1933 2206 1972 in·

1318 1999 1489 2039 condita
1517 1998 1762 2048 munituna,
1782 2003 1913 2050 atque
1941 1997 1987 2036 in
2018 2002 2206 2036 contem·

1319 2067 1411 2102 tum
1431 2062 1588 2113 saepins
1609 2061 1808 2101 trahitur.
1855 2052 1942 2099 Hic
1962 2063 2104 2098 tamen
2124 2056 2206 2109 sig-

1317 2124 1466 2164 nificat
1486 2125 1677 2164 Dearum
1705 2128 1880 2172 coetum,
1899 2133 1996 2161 cum
2022 2120 2109 2160 suis
2127 2120 2204 2160 du-

1319 2187 1468 2236 cibus;
1497 2187 1572 2226 sed
1604 2186 1719 2226 forte
1753 2190 1889 2225 coetus
1919 2185 1981 2224 sic
2013 2183 2205 2236 appella-

1317 2254 1404 2299 tur,
1422 2249 1523 2300 quia
1541 2254 1589 2287 nt
1606 2247 1735 2288 turba
1762 2253 1838 2286 aut
1857 2247 2006 2297 vulgus
2030 2247 2121 2286 siue
2138 2257 2204 2286 or-

1319 2309 1419 2350 dine
1437 2310 1683 2350 incedebat.

1372 2377 1426 2414 72
1454 2373 1618 2424 Henna]
1647 2372 1805 2413 Henna
1832 2383 2029 2423 campum
2058 2370 2206 2421 habet,

1319 2436 1392 2490 qui
1421 2436 1465 2476 in
1493 2434 1669 2477 floribus
1703 2447 1875 2488 semper
1901 2440 1983 2486 est,
2010 2439 2057 2474 et
2084 2434 2204 2474 nullo

1317 2513 1401 2541 nou
1424 2501 1495 2541 die
1515 2513 1670 2542 vernus
1690 2506 1785 2551 est;
1828 2500 1951 2552 cujus
1970 2503 2202 2552 perpetuos

1316 2564 1602 2616 copiososque
1632 2561 1759 2603 fiores
1792 2563 1906 2602 iuter
1929 2566 2096 2602 naturae
2125 2561 2204 2602 mi-

1317 2627 1464 2667 racula
1484 2626 1653 2679 reponit
1673 2626 1943 2667 Aristoteles.

1371 2691 1424 2730 In
1451 2691 1550 2730 valle
1575 2689 1789 2741 sedentem]
1817 2690 1966 2730 Flores
1994 2693 2039 2729 et
2056 2688 2202 2730 herbae

1317 2759 1365 2793 ut
1395 2753 1567 2793 uberius
1595 2753 1637 2793 in
1662 2754 1844 2794 vallibus
1873 2760 2122 2803 nascuntur,
2141 2751 2203 2792 ita

1315 2822 1360 2857 et
1379 2817 1436 2856 ibi
1465 2818 1686 2869 Zephyrus
1712 2816 1863 2858 florum
1890 2816 2201 2869 herbarumque

1314 2884 1442 2931 pater
1460 2880 1611 2920 sedere
1631 2879 1821 2931 fingitur.

1366 2947 1418 2984 73
1461 2943 1704 2996 Zephyrum]
1767 2943 1993 2996 Zephyrus
2039 2941 2200 2982 dicitur

1313 3008 1431 3060 quasi
1453 3006 1662 3059 ζοηφόρος,
1681 3007 1804 3047 vitam
1823 3007 1978 3055 ferens,
1998 3011 2062 3044 est
2084 3005 2199 3045 enim

1311 3071 1413 3111 vitae
1455 3072 1646 3110 amicus:
1692 3070 1759 3108 vel
1806 3068 1964 3107 dicitur
2015 3066 2202 3119 ζήφυρος,
2242 3083 2245 3086 “

1311 3134 1409 3186 quia
1427 3133 1474 3172 τὸ
1501 3132 1576 3185 ζῇν
1604 3133 1701 3170 πᾶσι
1719 3129 1827 3182 φέρει
1852 3130 1916 3169 καὶ
1933 3129 2113 3182 παρέχει,
2141 3143 2199 3171 vt·

1308 3200 1389 3236 tam
1398 3195 1488 3244 fert
1506 3200 1544 3234 et
1562 3194 1710 3246 praebet
1728 3194 1917 3234 omnibus.
1977 3194 2056 3234 Vel
2083 3193 2196 3236 forte

1308 3259 1469 3299 dicitur
1488 3259 1606 3310 quasi
1641 3256 1826 3309 ξάφυρος,
1856 3259 1928 3310 qui
1954 3260 2197 3310 explicatur

1309 3323 1362 3362 ab
1392 3321 1613 3373 Hesychio
1643 3321 1876 3373 πολυφόρος,
1905 3323 2026 3362 multa
2047 3321 2197 3374 serens,

1308 3385 1410 3437 quia
1426 3382 1551 3425 πνέων
1578 3384 1715 3425 πολλὰ
1739 3383 1871 3439 φέρειν
1891 3383 2084 3433 ποιεῖτὴν
2100 3386 2194 3437 γῆν,
