2300 3906
423 210 502 247 DE
545 212 751 253 RAPTU
795 217 1091 259 PROSERP.
1133 221 1253 262 Lm.
1284 223 1349 264 11.
1391 224 1666 265 PRAEFAT.
1835 215 1943 270 93⁷

131 324 327 379 Ardua
351 328 560 381 nudato
587 331 869 387 descendit
893 339 1130 406 populus
1154 341 1374 406 Haem0,

202 410 273 462 Et
297 413 551 463 comitem
581 432 835 481 quercum
862 425 1026 489 pinus
1053 427 1233 478 amica
1255 428 1454 481 trahit:

131 493 519 563 Cirrhaeasque
546 498 655 550 Dei
681 508 930 568 quamvis
955 509 1270 577 despexerit
1295 518 1455 580 arteS‚

204 577 439 646 Orpheis
463 581 649 635 laurus
673 590 904 643 voc-ibus
931 598 1054 646 acta
1082 597 1252 648 venit.

130 659 395 717 Securum
424 666 606 718 blandi
634 670 878 738 leporem
902 676 1089 729 fovere
1118 678 1372 743 Molossi,

201 744 573 816 Vicinumque
599 753 730 820 lupo
755 760 996 823 praebuit
1025 777 1167 828 agna
1192 759 1351 816 latus.

128 827 447 885 Concordes
472 837 625 888 varia
648 839 842 893 ludunt
867 861 991 896 curn
1015 848 1211 913 tigride
1236 849 1436 913 damae,

201 914 512 986 Massylam
539 923 684 973 cervi
709 939 814 976 non
841 927 1067 982 timuere
1085 931 1298 998 jubam.

126 995 228 1050 Ille
253 1004 570 1056 novercales
596 1006 865 1073 stimuIOS,
895 1017 1160 1082 actusque
1186 1018 1418 1070 canebat

198 1081 482 1150 HerculiS,
509 1094 563 1141 et
587 1088 714 1140 forti
739 1100 984 1147 monstra
1008 1098 1239 1150 subacta
1260 1117 1421 1152 manu
1442 1119 1457 1167 3

1869 1105 1940 1160 30

123 1238 279 1289 nussim·
295 1232 483 1291 succussit
509 1232 614 1294 nives
633 1233 839 1286 frigidas.-
869 1239 1040 1289 Populus
1056 1241 1182 1281 arbor
1210 1243 1292 1281 alta
1321 1244 1515 1283 descendit
1549 1245 1690 1285 Haemo
1708 1249 1871 1298 detecto,
1903 1253 1943 1290 et

116 1292 236 1341 pinus
262 1293 387 1322 amica
405 1287 574 1344 attrahit
606 1299 787 1348 quereum
815 1291 972 1341 sociam,
1010 1297 1047 1332 et
1078 1295 1209 1332 laurus
1240 1297 1405 1344 impulsa
1437 1298 1613 1338 cantibus
1644 1301 1792 1350 Orphei
1822 1303 1946 1351 venit,

121 1335 214 1373 licet
243 1341 433 1397 spreverit
451 1342 557 1399 artes
578 1339 775 1377 Cerrhaeas
791 1342 887 1400 ‘Dei
923 1343 1146 1394 Apollinis.
1203 1348 1362 1386 Molossi
1380 1362 1490 1387 canes
1508 1351 1742 1391 blandientes
1757 1355 1945 1404 complexi

119 1393 212 1448 sant
228 1389 393 1450 leporem
413 1393 665 1441 intrepidum,
682 1396 718 1430 et
738 1404 820 1431 0sz
838 1395 948 1433 dedit
967 1398 1054 1447 lupo
1073 1399 1177 1436 latus
1191 1401 1446 1450 propinquum
1459 1413 1471 1437 .-
1496 1404 1618 1441 clamae
1639 1405 1774 1444 ludunt
1792 1418 1942 1444 concor·

117 1441 228 1480 diter
246 1454 332 1504 euni
352 1444 501 1492 tigride
517 1447 722 1494 maculosa,
752 1447 856 1484 cervi
873 1461 947 1486 non
964 1454 1135 1488 metuunt
1147 1451 1287 1499 jubam
1307 1453 1427 1492 leonis
1446 1454 1637 1506 Massyli:
1663 1456 1727 1495 ille
1744 1457 1944 1508 Orpheus

118 1495 279 1534 canebat
312 1507 412 1534 iram
442 1508 629 1548 novereoe,
663 1501 703 1536 et
723 1497 841 1546 facta
872 1500 1073 1552 Herculis,
1102 1507 1140 1541 et
1173 1508 1341 1544 monstra
1374 1506 1479 1545 victa
1505 1521 1619 1547 manu
1638 1522 1824 1558 generosa
1843 1511 1946 1563 ejus,

886 1605 981 1619 ‘OOC
987 1605 1181 1621 “0600“

122 1680 207 1709 sec.
228 1669 311 1731 dno
332 1670 473 1711 Oxon.
495 1672 628 1713 chart.
650 1672 800 1712 HeinS.
848 1674 1100 1727 Cyrrhoeiqae
1117 1677 1213 1716 Vat.
1233 1689 1317 1717 sec.
1335 1679 1456 1719 Voss.
1477 1691 1560 1718 sec.
1602 1680 1857 1732 Cirrlieasque
1874 1684 1942 1723 vel

123 1721 378 1783 (Jyrrhaecque
394 1725 421 1765 J
427 1738 494 1765 un.
515 1738 580 1777 pr.
610 1726 831 1778 despexerit
853 1729 958 1767 Exc.
978 1728 1102 1767 Laeti.
1141 1731 1369 1780 despexerat
1389 1732 1473 1771 duo
1490 1733 1606 1772 Vatt.
1638 1734 1742 1772 Cod.
1765 1735 1943 1775 Bartho-

118 1775 193 1815 lm.
213 1777 315 1828 Reg.
338 1777 491 1819 Petav.
512 1785 613 1820 tert.
635 1781 756 1819 Voss.
777 1792 840 1831 pr.
859 1780 943 1821 duo
964 1781 1103 1819 Oxon.
1133 1795 1239 1822 arces
1259 1796 1335 1833 pro
1354 1788 1458 1824 artes
1474 1785 1557 1824 ‹luo
1577 1786 1697 1825 Vatt.
1719 1794 1762 1825 et
1778 1787 1818 1827 d.
1846 1788 1944 1829 Pal.

121 1827 206 1868 duo
227 1830 344 1870 Med.
365 1831 515 1872 Heins.
537 1833 592 1873 H.
624 1838 669 1872 et
702 1834 785 1873 inc.
807 1834 939 1884 ejusd.
960 1834 1125 1873 Bonon.
1144 1835 1312 1875 Tholos.
1334 1838 1438 1877 Cod.
1457 1838 1692 1878 Bartlnolin.
1713 1839 1779 1879 ed.
1799 1840 1942 1882 Parm.

120 1887 165 1922 et
183 1883 434 1924 vicen—24
468 1886 635 1937 Orpheis
651 1887 804 1925 Petav.
824 1899 889 1937 pr.
909 1889 1014 1927 Exc.
1035 1887 1190 1927 Petav.
1210 1895 1348 1938 quart.
1379 1892 1479 1930 Var.
1500 1892 1584 1930 LL.
1606 1904 1629 1928 e
1650 1904 1778 1942 marg.
1800 1894 1943 1934 Parm.

123 1936 270 1987 Orphei
291 1943 377 1977 tres
398 1940 516 1978 Vatt.
537 1946 581 1978 et
602 1940 640 1979 d.
662 1940 750 1979 Pal.
772 1940 957 1981 Florent.
978 1940 1060 1979 duo
1090 1941 1208 1980 Med.
1230 1942 1314 1980 duo
1332 1943 1480 1982 Heins.
1502 1949 1547 1982 et
1566 1944 1804 1995 inc5ejusd.
1839 1946 1941 1986 Put.

119 1989 227 2039 Reg.
251 1991 403 2031 Petav.
423 1997 525 2031 tert.
547 1993 712 2032 Bonon.
732 1993 904 2032 Tholos.
936 1995 1038 2034 Jun.
1060 1998 1105 2032 et
1123 1994 1246 2033 Voss.
1266 2007 1329 2044 pr.
1362 1997 1444 2034 duo
1465 1996 1606 2035 Oxon.
1627 1997 1696 2035 ed.
1724 1998 1866 2037 Parin.
1898 2004 1945 2038 et

117 2041 259 2082 Vicet.
303 2056 391 2082 voce
410 2049 540 2083 coacta
574 2058 650 2096 pro
671 2046 826 2084 vocibus
843 2051 931 2085 acta
952 2048 1051 2086 Vat.
1073 2045 1116 2084 d.
1159 2046 1311 2084 vocibus
1329 2053 1423 2096 apta
1456 2049 1641 2089 chartac.
1665 2050 1812 2089 Heins.
1857 2055 1947 2091 acta

118 2093 220 2135 Put.
251 2096 356 2146 ch.
384 2097 467 2136 duo
498 2098 650 2137 Petav.
688 2099 848 2138 Bonon.
882 2099 1034 2138 Ambr.
1067 2104 1168 2137 tert.
1199 2099 1305 2136 Exc.
1345 2102 1497 2140 Petav.
1519 2108 1654 2151 quart.
1685 2104 1785 2142 Var.
1804 2103 1887 2141 LL.
1922 2115 1946 2141 e

119 2160 250 2198 marg.
272 2150 522 2189 Parm.—-—25
556 2153 698 2190 Molosi
716 2152 821 2190 Put.
842 2152 949 2202 Reg.
973 2152 1122 2190 Petav.
1140 2157 1239 2189 tert.
1260 2152 1366 2190 Exn.
1393 2153 1547 2192 Petav.
1569 2158 1816 2203 quam—26
1844 2156 1946 2195 lalus

113 2201 285 2252 proebuit
303 2215 406 2251 agna
436 2203 537 2253 lupis
553 2204 654 2245 Jun.
678 2217 742 2255 pr.
787 2205 892 2242 latus
910 2204 1077 2254 praebuit
1095 2216 1198 2253 agna
1217 2204 1303 2253 lupo
1325 2203 1407 2242 duo
1426 2206 1548 2244 Vatt.
1585 2206 1692 2254 Reg.
1720 2207 1860 2248 Oxon.
1881 2219 1944 2258 pr.

116 2257 223 2294 -27
253 2255 361 2293 varie
386 2255 488 2295 Vat.
524 2257 768 2306 quint.—28
799 2258 1018 2308 Il‘Iassylam
1053 2258 1137 2295 inc.
1163 2256 1313 2295 Heius.
1370 2257 1603 2308 Massyliam
1637 2260 1825 2297 Florent.
1860 2260 1944 2299 duo

114 2306 242 2347 Med.
260 2308 414 2347 Heius.
430 2308 488 2347 H.
508 2309 607 2348 Put.
626 2310 652 2350 J
659 2321 729 2347 un.
750 2321 837 2348 sec.
862 2310 963 2347 Exc.
984 2309 1141 2347 PetaV.
1162 2313 1301 2359 quart.
1333 2307 1403 2346 ed.
1423 2309 1567 2348 Vicet.
1610 2311 1839 2349 Massaliam
1859 2311 1944 2351 Pe-

113 2365 203 2401 .tav.
221 2372 307 2401 sec.
338 2361 558 2409 Massiliam
579 2362 606 2403 J
614 2373 681 2402 un.
698 2374 764 2413 pr.
784 2363 909 2401 Voss.
929 2373 993 2412 pr.
1021 2374 1140 2401 cervoe
1156 2362 1257 2401 vat.
1277 2364 1530 2415 quarn—29
1556 2362 1803 2414 stimulosque
1822 2364 1942 2403 char-

949 2494 1124 2536 NOTAE

169 2606 223 2644 21
255 2602 413 2654 Hoemo]
451 2602 630 2641 Haemus
650 2613 769 2642 mons
789 2600 997 2651 Thraciae,

46 2677 65 2718 f
118 2663 173 2705 de
193 2676 277 2717 quo
291 2677 435 2716 supra.

170 2731 225 2771 22
253 2728 382 2767 Pinus
400 2727 544 2778 amica]
573 2728 706 2767 Pinus
736 2732 781 2767 et
813 2739 997 2779 quercus

119 2790 255 2831 arnbae
276 2796 376 2829 sunt
402 2787 444 2829 i'n
463 2791 600 2830 tutela
620 2790 828 2841 Cybeles:
859 2789 934 2829 sed
953 2795 998 2829 et

104 2865 304 2905 ⁴quercus
322 2865 445 2892 sacra
465 2853 591 2892 etiam
608 2858 671 2890 est
685 2852 797 2893 Jovi.

169 2918 222 2953 23
255 2914 474 2964 Cirrhaeas]
504 2915 656 2954 Cirrha
683 2921 750 2953 est
769 2914 867 2953 urbs
886 2913 998 2953 Pho-

104 2975 243 3027 cidis,
279 2988 400 3016 sacra
431 2977 634 3028 Apollini.
706 2977 916 3027 Cirr-lamas,
952 2976 997 3015 id

77 3073 82 3079 .
106 3044 198 3091 rest,
216 3039 482 3091 Apollineas.

103 3135 108 3140 .
169 3106 223 3143 24
253 3102 426 3153 Laurus]
456 3103 556 3142 Fuit
572 3103 670 3142 olim
690 3103 883 3153 Daphne,
903 3114 996 3153 quae

109 3166 346 3206 ·eonten1sit
369 3171 482 3205 artes
504 3171 549 3205 et
567 3172 716 3205 cantus
736 3164 961 3217 Apollinis.

89 3259 110 3271 .-
147 3230 221 3269 225
253 3225 434 3279 Molossi]
482 3230 622 3268 Canes
656 3228 776 3279 Epiri
812 3228 995 3268 Graeciae

104 3291 317 3342 ,regioni-s,
345 3291 457 3342 iique
479 3290 621 3329 validi.

170 3359 224 3396 26
250 3354 383 3405 Lupo]
411 3354 594 3393 Ovidius
619 3353 673 3392 de
706 3365 752 3392 re
782 3365 868 3393 non
901 3365 993 3404 pos-

66 3735 100 3828 μεμε
62 3712 71 3727 ·”

108 3721 119 3729 .

1064 2600 1165 2639 mihi
1185 2600 1273 2655 vita
1298 2599 1500 2648 manebit,
1520 2599 1626 2639 Cum
1651 2611 1810 2650 pecore
1828 2598 1942 2640 iufir-

1065 2676 1132 2704 mo
1151 2676 1247 2716 quae
1268 2665 1376 2704 solet
1397 2676 1488 2704 esse
1509 2661 1646 2714 lupis!
1920 2676 1923 2679 ⁴

1117 2725 1253 2777 Agna]
1302 2728 1410 2769 Quae
1429 2733 1473 2766 et
1492 2731 1620 2766 aetate
1647 2730 1692 2765 et
1722 2737 1827 2767 sexu
1856 2725 1941 2768 for-

1064 2789 1325 2832 midolosior.

1116 2855 1169 2892 27
1202 2853 1363 2904 Damae]
1383 2854 1488 2892 Sunt
1508 2854 1738 2904 sylvestres
1758 2862 1942 2903 capreae.

1117 2918 1169 2954 28
1199 2915 1434 2967 Massylam]
1472 2917 1678 2967 Massylia
1696 2920 1762 2954 est
1779 2913 1942 2954 Afr'icae

1064 2978 1197 3028 regio,
1216 2978 1256 3015 in
1279 2991 1361 3029 qna
1382 2986 1478 3016 sunt
1500 2979 1642 3018 leones
1662 2977 1816 3028 insigni
1831 2987 1947 3029 mag-

1047 3041 1257 3080 snitudine
1278 3047 1320 3080 et
1341 3040 1588 3080 ferocitate.

1116 3106 1170 3142 29
1227 3103 1458 3142 Nouercales
1492 3103 1687 3154 stimulos]
1741 3102 1941 3144 Stimulos

1064 3166 1159 3216 irae,
1178 3165 1280 3215 odii,
1315 3167 1466 3216 quibus
1486 3166 1600 3206 Juno
1627 3176 1806 3204 noverca
1824 3164 1940 3203 exci-

1064 3229 1235 3268 tabatur
1253 3229 1297 3267 in
1318 3229 1550 3267 Herculem
1578 3227 1714 3267 mariti
1745 3226 1864 3268 Jovis
1890 3224 1939 3267 fi-

1063 3291 1165 3328 lium
1189 3293 1437 3329 naturalem.

1118 3356 1169 3391 30
1199 3352 1397 3402 Monstra]
1438 3351 1646 3400 Intelligit
1678 3353 1864 3389 monstra
1891 3354 1940 3391 et

52 3409 58 3413 ’
117 3418 258 3461 sibili:
287 3421 299 3441 ‘
321 3419 418 3464 Pax
449 3417 533 3457 erit
563 3417 658 3457 haec
684 3416 821 3468 nobis,
853 3416 991 3457 donee
1058 3422 1262 3467 tyrannos
1287 3415 1490 3455 immanes
1522 3412 1713 3452 devictos
1741 3411 1792 3451 ab
1813 3410 1926 3451 Her-
