2300 3906
326 179 435 232 582
900 191 994 231 cn.
1034 184 1388 228 anumAm
1430 183 1574 224 xxi.

331 309 604 375 Quamvis
628 310 786 361 miles
812 308 1008 359 adhuc.
1081 303 1266 355 Taciti
1292 301 1550 370 suffragia
1568 302 1717 368 vulgi

324 395 369 448 -J
373 411 463 448 am
486 395 584 445 tibi
611 394 927 453 detulerant,
956 389 1225 458 quicquid
1250 403 1383 440 mox
1410 387 1599 446 debuit
1621 388 1766 439 aula.
2079 383 2152 435 50

331 478 454 531 Vix
478 478 775 546 primaevus
799 491 944 538 eraS‚
967 475 1126 542 pacis
1154 488 1281 524 cum
1306 472 1530 522 mitteris
1555 476 1746 528 auctor

331 560 600 630 Assyriae.
672 559 850 611 Tanta
871 558 1052 610 foedus
1079 573 1202 608 cum
1225 559 1381 621 gente
1406 554 1563 605 ferire

333 644 705 698 Commissum
738 644 947 711 juveni.
1019 642 1207 709 Tigrin
1230 646 1601 705 transgressus
1626 641 1681 688 et
1704 637 1874 688 altum

332 726 662 796 Euphraten,
687 727 977 795 Babylona
1001 727 1164 794 petis,
1239 725 1514 791 Stupuere
1534 721 1713 774 severi

335 808 663 864 Parthorum
689 827 964 878 proceres,
990 816 1046 862 et
1069 812 1228 879 plebs
1250 810 1566 876 pharetrata
1588 804 1815 858 videndi
2089 801 2162 854 55

335 893 620 961 Flagravit
643 893 845 956 studio,
872 893 1187 960 defixaeque
1212 893 1435 959 hospite
1455 891 1682 957 pulchro

338 977 597 1029 Persides
617 991 881 1027 arcanum
906 976 1256 1042 suspiravere
1282 975 1538 1025 calorem.

338 1061 545 1114 Thuris
572 1059 822 1112 odoratae
848 1059 1080 1112 cumulis
1103 1063 1158 1111 et
1179 1075 1358 1111 messe
1384 1058 1586 1110 Sabaea

339 1215 553 1253 Con-sensus
568 1214 700 1263 populi
716 1212 866 1252 silentis
874 1211 963 1260 jam
981 1213 1167 1251 dederant
1188 1210 1261 1250 tibi
1287 1211 1546 1262 quodcumque
1567 1207 1694 1257 Regia
1722 1219 1813 1246 mox
1838 1206 2026 1246 reddidit.
2088 1203 2170 1266 Via·

339 1279 426 1305 eras
439 1266 667 1316 adolescens,
684 1279 770 1305 cum
782 1266 921 1305 missus
939 1277 979 1304 es
997 1266 1149 1314 legatus
1163 1266 1271 1316 pacis
1287 1264 1476 1316 Assyrioe.
1531 1263 1688 1302 Munus
1707 1263 1981 1300 demandatum
2002 1263 2071 1298 est
2087 1258 2170 1320 tibi

332 1319 470 1367 juveni
484 1323 682 1369 percutere
705 1318 839 1367 foedus
856 1331 941 1357 cum
964 1319 1104 1369 populo
1133 1323 1267 1357 tanto:
1298 1318 1460 1366 Tigride
1479 1320 1516 1355 et
1548 1315 1753 1366 Euphrate
1769 1312 1960 1365 profundo
1981 1313 2172 1362 traJ’ectts,

336 1371 598 1424 proficisceris
615 1372 857 1423 Babylonem
870 1385 883 1410 .-
911 1372 1101 1423 primores
1135 1371 1374 1410 Parthorum
1406 1369 1531 1419 rigidi
1549 1369 1839 1419 obstupuerunt,
1858 1372 1897 1406 et
1923 1378 2021 1416 gens
2035 1365 2178 1416 phare·

341 1429 449 1463 trata
466 1426 565 1463 arsit
586 1425 775 1464 desiderio
807 1425 1007 1476 spectandi
1035 1430 1095 1474 te,
1113 1428 1152 1464 et
1172 1424 1355 1463 Persides
1371 1423 1578 1462 admiratae
1594 1421 1783 1472 hospitem
1792 1420 2027 1470 formosum,
2047 1417 2175 1457 dede-

344 1484 445 1517 runt
464 1478 634 1529 suspiria
653 1478 706 1518 ob
726 1490 894 1518 amorem
911 1481 1114 1518 secretum.
1169 1477 1330 1517 Altaria
1345 1475 1581 1526 fragrantia
1608 1473 1759 1514 acervis
1774 1473 1904 1513 thuris
1928 1477 1967 1512 et
1982 1474 2174 1524 proventu
2258 1511 2261 1514 Α

1110 1594 1405 1611 OMOOOOO‘OOO

344 1676 714 1728 conjectura—49
739 1676 845 1715 tanti
873 1676 969 1716 Pal.
1001 1677 1127 1715 Farn.
1155 1675 1274 1715 Med.
1304 1686 1370 1726 pr.
1387 1674 1551 1714 Thuan.
1571 1672 1732 1714 Moret.
1751 1683 1837 1714 sec.
1855 1672 1962 1712 tanti
1981 1672 2048 1712 vel
2063 1672 2182 1714 taciti

344 1731 452 1780 Reg.
488 1728 632 1769 Oxou.
664 1741 731 1780 pr.
764 1728 913 1769 Ambr.
946 1732 1158 1769 tert.-—50
1187 1730 1430 1767 contulerant
1459 1728 1560 1767 Vat.
1596 1731 1736 1779 quart.
1775 1733 1821 1766 et
1854 1727 1990 1779 quint.
2023 1727 2177 1768 Petav.

345 1795 409 1834 pr.
431 1782 572 1821 Oxon.
595 1792 659 1831 pr.
678 1781 838 1821 Moret.
858 1794 942 1822 sec.
986 1781 1121 1822 debuit
1140 1781 1224 1821 duo
1243 1781 1363 1820 Med.
1385 1781 1492 1832 Reg.
1512 1779 1666 1821 Petav.
1687 1792 1775 1820 sec.
1796 1780 1899 1820 Lov.
1919 1780 2004 1819 inc.
2024 1779 2177 1821 Heius.
2245 1819 2247 1822 Α
2271 1797 2287 1841 3

345 1841 434 1876 vet.
454 1835 560 1886 Gyr.
591 1835 697 1874 Exc.
734 1834 913 1876 Gevart.
935 1840 982 1875 et
1009 1836 1192 1875 Lucens.
1213 1846 1298 1874 sec.
1316 1834 1418 1874 Var.
1435 1833 1520 1874 LL.
1537 1845 1561 1873 e
1579 1845 1699 1885 marg
1730 1833 1876 1874 Parm.
1893 1839 1939 1873 et
1958 1833 2026 1873 ed.
2045 1832 2179 1875 Antv.

344 1889 507 1928 contulit
526 1887 594 1927 ed.
613 1887 755 1927 Vicet.
785 1889 956 1927 reddidit
976 1893 1160 1940 quatuor
1177 1888 1301 1927 Vatt.
1331 1888 1456 1927 Farn.
1480 1886 1594 1927 Prie.
1615 1889 1737 1928 Rott.
1767 1887 1905 1928 Oisel.
1925 1887 2032 1928 Exc.
2054 1887 2179 1928 Laeti.

345 1941 479 1981 debuit
498 1942 565 1979 vel
582 1940 757 1979 reddidit
775 1941 866 1980 Pal.
886 1941 1007 1981 Leid.
1029 1953 1093 1991 pr.
1126 1940 1269 1980 Oxon.
1297 1952 1381 1981 sec.
1410 1940 1612 1980 Heinsius
1631 1940 1894 1993 conjiciebat
1910 1940 2091 1990 credidit,
2110 1941 2181 1980 vel

345 1994 499 2043 detulit,
530 1994 598 2032 vel
627 1993 793 2043 dedidit,
819 1999 864 2033 et
893 1994 1154 2045 ascripserat
1174 2005 1237 2035 vr.
1266 1994 1396 2034 Cons.
1416 1995 1581 2034 Honor.
1600 1998 1696 2034 610.
1742 1995 1755 2017 ‘
1776 1995 1879 2035 Non
1898 1999 2066 2047 quaerat
2087 2006 2181 2044 pre-

349 2047 471 2098 tium,
487 2046 620 2086 vitam
640 2047 712 2098 qui
727 2046 847 2085 dedit
857 2047 1015 2087 amori?
1031 2052 1081 2086 ut
1099 2047 1157 2086 ibi
1175 2059 1227 2085 ex
1243 2053 1331 2088 vet.
1350 2047 1454 2087 Cod.
1471 2060 1549 2098 pro
1568 2047 1679 2087 debet
1696 2047 1885 2100 legebat.
1931 2049 2061 2087 aulam
2079 2049 2182 2088 Vat.

350 2103 540 2140 sem—51
568 2100 677 2151 pacis
706 2111 853 2139 omnes
882 2101 1006 2140 Vatt.
1045 2099 1140 2139 Pal.
1169 2100 1300 2139 Farn.
1330 2100 1451 2141 Pric.
1471 2101 1592 2140 Rott.
1630 2101 1742 2152 pacis
1759 2102 1828 2140 vel
1844 2101 1936 2152 paci
1957 2102 2097 2141 Oxon.
2117 2113 2182 2152 pr.

350 2153 605 2193 committeris
636 2152 719 2192 duo
751 2153 870 2192 Med.
907 2153 991 2193 inc.
1026 2153 1178 2192 Heius.
1199 2154 1299 2193 Pat.
1317 2154 1423 2193 Lov.
1453 2154 1611 2194 Moret.
1632 2166 1718 2194 sec.
1737 2155 1846 2194 Exc.
1868 2155 2048 2195 Gevart.
2075 2158 2184 2194 actor

348 2206 518 2246 Tholos.
536 2206 690 2247 Petav.
710 2217 794 2246 see.
810 2206 895 2246 duo
912 2205 1060 2247 Ambr.
1087 2206 1189 2246 ictor
1201 2206 1464 2259 conjiciebat
1478 2207 1740 2247 Heius—52
1760 2207 1893 2255 foedus
1909 2211 2023 2247 tanta
2042 2207 2184 2248 Oxon.

351 2264 399 2299 et
416 2258 564 2299 Ambr.
584 2272 650 2310 pr.
670 2259 830 2299 Moret.
862 2271 946 2299 sec.
987 2262 1034 2299 de
1050 2264 1168 2310 gente
1194 2259 1314 2300 Pric.
1350 2271 1405 2300 m.
1439 2272 1504 2311 pr.
1536 2259 1668 2308 ferire
1685 2262 1791 2300 Exc.
1810 2262 1934 2301 Laeti.
1964 2260 2096 2310 ferire
2118 2261 2185 2301 vel

350 2312 479 2352 subire
513 2313 745 2352 Fam—53
777 2312 1017 2352 Permissum
1044 2312 1195 2352 Ambr.
1216 2317 1318 2353 tert.
1350 2313 1604 2353 Commissum
1632 2317 1690 2353 est
1716 2313 1871 2354 Petav.
1900 2319 2001 2354 tert.
2072 2315 2080 2322 ‘
2138 2314 2146 2324 ⁸

352 2370 537 2417 quatuor
554 2365 673 2404 Vatt.
693 2365 786 2406 Pal.
805 2365 922 2406 Prie.
954 2366 1098 2416 Tigrin
1115 2366 1303 2406 Florent.
1329 2379 1553 2417 congressus
1569 2367 1674 2406 Vat.
1694 2372 1795 2408 tert.
1821 2367 1865 2406 in
1894 2368 2017 2407 altum
2036 2366 2188 2408 Ambr.

351 2430 417 2469 pr.
437 2422 477 2457 et
494 2419 618 2456 altum
636 2418 706 2456 vel
732 2420 776 2457 in
806 2420 930 2458 altum
950 2418 1092 2459 Oxon.
1119 2423 1291 2469 plu—54
1320 2421 1565 2472 Euphratem
1585 2425 1770 2472 quatuor
1786 2421 1909 2460 Vatt.
1930 2421 2048 2460 Pric.
2067 2419 2188 2466 Med.

353 2475 455 2510 tert.
497 2471 729 2522 Euphraten
765 2472 957 2510 Florent.
995 2471 1080 2512 duo
1114 2472 1235 2512 Med.
1271 2473 1373 2512 Pnt.
1409 2473 1529 2515 Leid.
1569 2486 1633 2524 pr.
1668 2474 1830 2513 Moret.
1863 2486 1947 2514 sec.
1992 2473 2190 2522 Eufraten

283 2573 291 2581 .
354 2524 498 2564 Oxou.
518 2535 581 2575 pr.
607 2524 777 2574 stipuere
795 2526 901 2565 Exc.
919 2525 1100 2564 Lucens.
1121 2530 1292 2576 ἱππ-55
1323 2527 1563 2566 Parthorum
1590 2526 1672 2566 duo
1691 2528 1812 2566 Vatt.
1829 2532 1916 2567 tres
1934 2526 2053 2567 Med.
2082 2528 2189 2567 Exo.

354 2577 538 2617 Lucens.
568 2589 634 2628 pr.
654 2577 724 2617 ed.
742 2578 886 2618 Vicet.
932 2578 1145 2618 Persarum
1163 2579 1263 2619 Vnt.
1284 2590 1348 2630 pr.
1375 2584 1421 2618 et
1450 2585 1551 2620 tert.
1582 2579 1678 2620 Pal.
1699 2580 1817 2620 Prie.
1837 2579 1972 2620 Oisel.
1991 2581 2189 2620 Florent.

353 2629 522 2669 Thoan.
552 2630 716 2669 Mazar.
735 2630 889 2681 Isingr.
920 2631 1022 2671 Jun.
1056 2637 1103 2670 et
1134 2632 1255 2671 Med.
1280 2637 1457 2682 pr.—-56
1473 2633 1679 2684 flagrabat
1697 2632 1783 2673 duo
1802 2633 1925 2673 Vatt.
1949 2634 2105 2673 Petav.
2123 2644 2188 2684 pr.

356 2682 518 2722 Moret.
546 2682 695 2733 hospite
710 2683 838 2733 priseo
855 2684 1124 2723 'rimam—5⁷
1152 2689 1329 2723 arcatum
1360 2685 1429 2723 vel
1460 2698 1595 2724 arcum
1614 2687 1712 2726 Vat.
1731 2698 1798 2737 pr.
1825 2698 2001 2726 cruorem
2019 2687 2191 2727 Prie.—

359 2738 414 2774 58
442 2736 614 2775 odoratoe
641 2735 807 2776 Thuan.
843 2737 997 2776 Petav.
1031 2742 1132 2776 tert.
1175 2737 1329 2777 odorati
1359 2742 1542 2789 quatuor
1572 2738 1694 2778 Vatt.
1731 2738 1849 2778 Prie.
1882 2752 1935 2779 m.
1971 2751 2037 2791 pt.
2071 2741 2191 2783 Rott.

359 2789 551 2829 Florent.
572 2800 626 2829 m.
643 2801 705 2841 pr.
725 2788 809 2829 duo
840 2789 959 2830 Med.
992 2789 1095 2830 Put.
1131 2789 1292 2830 Mazar.
1324 2789 1410 2830 duo
1435 2790 1586 2831 PetaV.
1618 2797 1664 2831 et
1684 2790 1832 2832 Ambr.
1855 2792 1960 2833 Lov.
1980 2793 2102 2834 Leid,
2123 2804 2189 2845 pr.
2262 2839 2267 2843 ,

1180 2895 1223 2936 N
1227 2895 1362 2937 OTAE

415 2987 469 3023 60
496 2984 665 3036 Debuit]
702 2986 838 3027 Velut
860 2999 915 3028 ex
933 2988 1081 3030 debito
1101 2989 1242 3030 reddi·
1363 2996 1413 3031 55
1447 2992 1705 3045 Pharetrata]
1768 2993 1888 3034 Gens
1932 2994 2192 3035 Parthorum

363 3045 444 3098 dit,
461 3044 632 3087 detulit.
1311 3054 1506 3094 vibrandi
1526 3056 1703 3107 sagittas
1734 3057 2009 3109 peritissima,
2029 3063 2074 3098 et
2092 3057 2193 3098 ideo

418 3111 470 3147 51
500 3109 739 3162 Primoevus]
811 3113 991 3154 Juvenis
1036 3115 1244 3168 ephebus,
1312 3128 1482 3168 semper
1501 3118 1710 3168 pharetris
1726 3120 1950 3160 instructa.

364 3171 438 3224 qui
457 3183 511 3211 ex
531 3173 717 3224 pueritia
734 3185 927 3226 egressus
946 3184 1032 3230 est,
1046 3179 1244 3230 primam·
1365 3184 1419 3219 56
1437 3181 1613 3234 Daefixoe]
1655 3182 1709 3222 Id
1725 3189 1804 3234 est,
1821 3182 2029 3224 habentes
2049 3183 2195 3224 oculo}

365 3246 450 3288 que
464 3234 741 3287 juventutem
760 3239 923 3291 attigit.
1312 3242 1474 3283 defixos
1495 3244 1537 3282 in
1553 3243 1736 3285 formoso
1757 3246 1926 3299 hospite
1945 3245 2193 3288 Stilichone.

419 3301 472 3338 54
501 3299 722 3353 Babylona]
777 3303 954 3361 Regiam
999 3305 1247 3359 Persarum,
1367 3311 1420 3347 58
1450 3309 1580 3348 Messe
1612 3309 1772 3362 Sabaea]
1814 3311 2004 3351 Cumulis
2043 3311 2194 3363 thuris,

369 3366 419 3404 ut
431 3363 533 3406 olim
551 3364 826 3410 Parthorum.
1313 3370 1427 3423 quod
1461 3371 1558 3411 thus
1587 3378 1656 3413 est
1693 3375 1842 3415 messis
1877 3379 2196 3428 proventusque

2276 2773 2280 2779 v
2277 2739 2280 2743 .
2282 2619 2292 2704 -x-‹vae
2263 2369 2293 2571 ‘naeu-‘v
