2300 3906
384 247 496 299 524

388 378 669 443 AmbituS,
698 386 754 433 et
776 385 958 434 votum
982 377 1309 429 deformibus
1333 375 1531 426 oscula
1555 372 1710 440 rugis

391 448 609 531 Figere.
684 464 1013 516 Praesidium
1038 463 1240 527 legum,
1277 459 1596 526 genitorque
1619 462 1853 508 vocatur

390 549 689 617 PrincipiS,
718 554 770 600 et
794 549 999 600 samulu
1030 566 1055 594 ,π
1086 546 1340 610 dignatur
1367 541 1547 608 Regia
1572 545 1807 608 patrem.

390 632 708 696 PosteritaS,
736 633 959 684 admitte
985 631 1165 682 fidem.
1242 627 1597 678 Monumenta
1624 629 1882 692 petuntur

390 715 712 778 DedecoriS,
738 717 1029 784 multisque
1053 720 1267 782 gemunt
1293 712 1581 764 incudibus
1608 726 1723 761 aera

392 797 719 851 Formatura
743 800 932 851 nefas:
971 800 1091 851 haec
1110 797 1334 866 judiciS,
1363 797 1458 847 illa
1482 795 1672 861 togati,

390 881 535 934 Haec
561 884 698 934 nitet
723 885 918 936 armati
945 885 1158 951 species
1179 902 1191 933 z
1229 896 1549 933 numerosus
1573 880 1775 945 ubique

392 964 587 1032 Fulget
612 984 811 1034 eques:
851 968 1075 1035 praefert
1099 965 1332 1017 eunuchi
1361 964 1530 1015 Curia
1553 962 1756 1012 vultus,

389 1047 476 1100 Ac
502 1050 673 1101 veluti
699 1055 948 1111 caveant,
972 1065 1039 1099 ne
1066 1063 1173 1115 quo
1196 1046 1500 1098 consistere
1524 1046 1700 1097 virtus

390 1133 579 1184 Possit
606 1149 742 1200 pura
760 1134 904 1194 loce,
932 1137 1161 1183 cunctas
1187 1131 1291 1181 hoc
1318 1145 1412 1181 ore
1436 1130 1687 1181 laborant

980 259 1075 298 ct..
1115 255 1464 298 CLAUDIAM
1507 255 1620 293 XX.

2141 620 2213 675 70

2144 1045 2217 1097 75

389 1243 439 1282 ad
455 1255 597 1292 genua,
610 1242 816 1281 ambientes
836 1243 1000 1282 osculari
1029 1255 1201 1291 manum,
1219 1246 1258 1282 et
1277 1242 1475 1282 candidati
1497 1242 1621 1281 osculo
1641 1240 1905 1290 constringere
1923 1250 2044 1289 rugas
2067 1241 2215 1289 turpes.

388 1296 619 1346 Appellalur
644 1297 814 1335 columen
831 1298 972 1345 legum,
1003 1300 1041 1335 et
1059 1301 1172 1347 pater
1192 1296 1461 1347 Imperatoris,
1490 1299 1527 1334 et
1548 1295 1636 1334 aula
1655 1295 1844 1344 dignatur
1867 1305 2019 1332 servum
2034 1291 2218 1343 patrem!

390 1349 578 1399 Nepotes,
599 1361 650 1387 an
670 1349 903 1388 adhibebitis
909 1348 1063 1401 fidem?
1120 1349 1295 1399 Pignora
1322 1349 1549 1398 ignominiae
1569 1351 1854 1399 comparantur,
1889 1350 1927 1386 et
1946 1359 2027 1385 oera
2045 1347 2219 1398 effictum

389 1406 575 1441 statuam
594 1402 798 1451 nefandam
825 1407 1004 1441 resonant
1035 1402 1112 1441 sub
1132 1403 1334 1442 incudibus
1354 1402 1561 1453 plurimis:
1589 1402 1672 1440 haec
1690 1401 1839 1454 effigies
1859 1400 2055 1449 Eutropii
2065 1398 2215 1447 judicis

388 1455 523 1504 micat,
541 1456 607 1494 illa
626 1456 769 1504 togati,
786 1457 866 1494 haec
885 1456 1044 1495 armati.
1103 1457 1232 1506 Eques
1265 1456 1408 1495 multus
1439 1456 1612 1507 splendet
1633 1456 1828 1505 undique:
1855 1453 2024 1492 Senatus
2050 1455 2219 1492 ostentat

387 1507 595 1558 imaginem
612 1509 788 1560 eunuchi,
809 1513 845 1548 et
862 1510 972 1560 quasi
990 1512 1219 1560 metuerent,
1255 1522 1303 1549 ne
1323 1522 1398 1560 qua
1418 1509 1462 1549 in
1476 1512 1592 1560 parte
1610 1509 1737 1548 virtus
1751 1520 1852 1559 pura
1871 1510 1986 1558 queat
2005 1509 2127 1557 stare,
2156 1517 2217 1544 co-

1154 1601 1418 1617 OOCOOOOO‘O‘
1425 1601 1444 1615 Ι

390 1673 529 1719 quart.
550 1669 650 1709 Put.
685 1670 845 1710 Moret.
865 1682 951 1709 sec.
973 1671 1115 1710 Oxon.
1145 1681 1229 1709 sec.
1262 1667 1330 1709 ed.
1361 1669 1504 1711 Vicet.
1550 1670 1774 1719 contingere
1793 1669 1936 1707 dextra
1955 1667 2110 1706 Petav.
2129 1676 2218 1706 sec.

386 1726 589 1761 contexere
622 1723 739 1762 Rott.
786 1724 1009 1772 contingere
1041 1724 1108 1762 vel
1137 1727 1338 1762 contexere
1372 1723 1490 1762 Med.
1511 1735 1597 1762 sec.
1644 1722 1867 1771 contingere
1886 1720 1954 1759 vel
1989 1719 2219 1769 conjungere

387 1774 545 1813 Moret.
565 1779 760 1814 sem—68
801 1777 977 1825 Jungere
998 1775 1145 1815 Ambr.
1165 1788 1250 1815 sec.
1287 1776 1385 1824 legis
1402 1776 1505 1816 Jun.
1526 1787 1590 1826 pr.
1619 1775 1810 1825 Princeps
1828 1774 1941 1813 idem
1955 1773 2055 1814 Jun.
2077 1772 2220 1812 Rubea

386 1826 480 1865 nius
496 1827 536 1865 in
553 1828 690 1878 Epist.
705 1828 756 1866 ad
773 1828 920 1867 Heius.
938 1829 1041 1868 data
1057 1829 1315 1879 ascripserat
1325 1829 1467 1868 locum
1486 1828 1761 1879 philostorgii
1775 1838 1839 1867 Χῖ.
1858 1830 1899 1866 4.
1922 1827 1976 1865 de
1992 1825 2219 1877 Eutropio.

387 1878 462 1917 Καὶ
475 1878 521 1927 ἦν
534 1880 672 1920 λοιπὸν
689 1880 817 1931 πατὴρ
831 1882 852 1919 ὁ
871 1881 1052 1930 εὐνοῦχος
1072 1879 1281 1928 βασιλέως,
1305 1882 1327 1918 ὁ
1346 1880 1444 1929 μηδὲ
1456 1880 1527 1919 τὸν
1539 1881 1714 1930 τυχόντα
1726 1882 1847 1919 παῖδα
1863 1880 1978 1930 φῦναι
1997 1876 2218 1929 δυνάμενος.

386 1936 492 1972 -70
523 1935 575 1972 ad
594 1938 839 1974 monumenta
861 1940 1055 1984 parantur
1084 1934 1342 1985 conjiciebat
1370 1934 1627 1974 Heins.-7l
1658 1933 1865 1984 multisque
1890 1933 1992 1974 Jun.
2023 1945 2088 1983 pr.
2134 1945 2218 1972 mu·

385 1985 512 2036 tisque
526 1985 646 2024 Leid.
666 1999 749 2025 sec.
768 1999 822 2026 m.
839 1999 924 2027 sec,
969 1988 1106 2026 multis
1121 1990 1323 2036 regemunt
1343 1986 1490 2026 Ambr.
1516 1999 1602 2027 sec.
1622 1987 1704 2027 inc.
1725 1987 1984 2026 Heins.—-72
2012 1986 2220 2035 hincjudi-

386 2038 455 2087 cis,
472 2038 562 2077 inde
581 2040 707 2088 togati
737 2040 895 2079 Moret.
925 2052 986 2090 pr.
1032 2040 1094 2078 his
1101 2040 1249 2088 judicis
1267 2052 1336 2079 ora
1353 2041 1498 2090 togati,
1520 2041 1601 2080 His
1617 2040 1717 2079 nitet
1731 2039 1991 2091 conjiciebat
2012 2039 2220 2079 Heius.—

386 2093 438 2129 73
468 2091 579 2130 Hinc
597 2094 695 2130 nitet
713 2093 868 2132 Moret.
890 2105 951 2143 pr.
998 2093 1100 2132 Haec
1118 2093 1218 2132 nitet
1240 2094 1416 2142 triginta
1434 2093 1573 2133 Codd.
1605 2094 1712 2133 Exc.
1742 2095 1924 2138 Lucens.
1945 2105 2030 2132 sec.
2050 2100 2095 2132 et
2114 2093 2216 2133 Var-

388 2143 476 2182 LL.
497 2156 521 2183 e
538 2157 669 2194 marg.
691 2146 835 2184 Parm.
881 2147 1012 2197 inique
1031 2159 1107 2197 pro
1127 2146 1266 2198 ubique
1284 2146 1383 2187 Jun.
1404 2150 1576 2198 piu—74
1599 2146 1753 2198 profert
1791 2146 1910 2186 Leid.
1936 2159 1998 2198 pr.
2042 2150 2215 2196 proesunt

384 2196 545 2237 Thuan.
560 2198 711 2248 perfert
728 2200 809 2249 leg.
830 2199 1088 2240 Heins.—75
1109 2202 1318 2239 consistere
1340 2200 1463 2252 possit
1490 2200 1630 2240 Virtus
1648 2200 1743 2241 Pal.
1763 2200 1880 2240 Med.
1899 2212 1962 2251 pr.
1981 2198 2131 2239 Ambr.
2152 2211 2218 2251 pr.

385 2250 467 2289 inc.
490 2251 639 2291 Heius.
686 2253 884 2292 considere
904 2253 1024 2292 Rott.
1069 2253 1266 2292 considere
1293 2255 1360 2292 vel
1388 2254 1596 2293 consistere
1632 2254 1750 2294 Med.
1779 2257 1972 2293 see—76
1997 2254 2111 2304 plura
2139 2253 2219 2293 loco

387 2302 522 2343 Oisel.
542 2303 689 2344 Ambr.
710 2317 798 2344 sec.
843 2307 955 2356 plura
972 2306 1081 2355 nefas
1097 2307 1221 2346 Rott.
1264 2307 1425 2357 pulchra
1444 2308 1524 2346 loco
1544 2307 1660 2347 Med.
1680 2312 1784 2346 tert.
1829 2311 1918 2346 tuta
1937 2307 2035 2346 Par.
2054 2319 2109 2345 m.
2130 2317 2216 2347 sec.

386 2359 477 2395 tura
494 2357 595 2398 Var.
612 2358 703 2399 LL.
724 2359 792 2399 ed.
811 2357 942 2401 Autv.
971 2372 1026 2400 m.
1046 2372 1110 2413 pr.
1156 2358 1266 2409 nefas
1294 2361 1365 2400 vel
1393 2362 1472 2401 loco
1500 2361 1619 2401 Med.
1652 2372 1738 2401 sec.
1785 2360 1849 2400 hic
1875 2372 1941 2399 ore
1969 2359 2090 2400 Med.
2113 2366 2217 2402 tert.

1201 2461 1378 2502 NOTAE

384 2550 509 2590 quem
552 2540 669 2579 Nero
711 2538 1018 2582 transformare
1052 2541 1186 2583 voluit
1217 2542 1261 2581 in

383 2600 626 2640 foeminam:
671 2603 738 2641 vel
772 2602 824 2641 ad
856 2604 994 2656 ipsum
1025 2605 1260 2655 Neronem,

384 2664 457 2716 qui
476 2665 625 2704 melior
650 2665 811 2715 auriga,
843 2678 969 2716 quam
986 2667 1232 2718 Imperator
1250 2682 1262 2717 ;

382 2725 540 2778 quique
562 2732 626 2766 tot
643 2732 902 2766 monstrosas
921 2726 1120 2768 libidines
1135 2741 1262 2769 exco-

383 2788 555 2840 gitavit.

434 2854 486 2891 67
531 2851 737 2903 Ambitus]
785 2852 991 2892 Homines
1025 2853 1262 2894 ambientes

380 2915 633 2967 contingunt
652 2916 848 2956 dextram
882 2918 1098 2969 Eutropii,
1135 2931 1261 2970 pren-

382 2983 562 3030 santque
580 2989 697 3016 more
715 2977 1049 3020 candidatorum.

441 3040 601 3091 Votum]
621 3039 830 3080 Homines
848 3047 1071 3091 voventes,
1091 3042 1263 3083 deside-

382 3109 545 3153 rantes,
581 3102 816 3152 candidati,
842 3108 886 3142 et
917 3102 971 3142 ad
1003 3103 1261 3156 dignitatem

380 3166 565 3219 aliquam
584 3178 629 3205 se
648 3165 771 3205 evehi
791 3165 1006 3205 ardentes.

432 3232 487 3269 68
516 3228 680 3279 Figere]
707 3228 766 3267 Ut
788 3228 1122 3279 constringendo
1142 3242 1261 3270 oscu-

380 3291 592 3344 landoque
638 3290 788 3329 fortius
825 3290 1051 3342 hominem,
1095 3293 1259 3344 majora

382 3354 538 3394 darent
555 3353 754 3393 amicitiae
773 3353 907 3404 signa.

437 3416 626 3469 Genitor]
669 3416 904 3469 Eutropius
937 3416 1153 3460 Patricius
1166 3431 1183 3471 3
1202 3423 1258 3460 et

1331 2541 1516 2582 Patricii
1554 2542 1819 2582 vocabantur
1865 2545 2014 2593 patres
2047 2540 2215 2582 Princi-

1330 2605 1423 2657 pis;
1454 2611 1502 2645 ut
1523 2605 1684 2645 dictum
1706 2611 1772 2645 est
1804 2604 1848 2643 in
1869 2604 2057 2655 Prologo
2090 2603 2215 2656 hujus

1325 2667 1440 2707 libri.

1381 2732 1435 2768 70
1458 2730 1715 2769 Monumenta
1732 2729 1948 2779 dedecoris]
1989 2728 2041 2768 In
2058 2730 2215 2771 Eutro-

1330 2790 1390 2842 pii
1404 2791 1606 2831 honorem
1621 2797 1922 2844 comparentur
1937 2790 2118 2844 effigies,
2130 2799 2214 2834 sta-

1330 2858 1432 2905 tuae,
1465 2853 1666 2906 picturae,
1702 2859 1747 2894 et
1794 2854 1878 2894 alia
1926 2861 2216 2908 monumenta,

1332 2929 1428 2969 quoe
1458 2918 1668 2958 decorant
1695 2919 1824 2970 viros,
1855 2919 1930 2958 sed
1949 2918 2215 2961 dedecorant

1331 2971 1600 3033 Eutropium,
1630 2994 1787 3034 eosque
1810 2983 1882 3035 qui
1903 2983 1984 3023 ista
2017 2983 2119 3024 huic
2139 2983 2214 3024 de-

1331 3049 1525 3084 cernunt.

1382 3110 1432 3146 71
1462 3107 1583 3158 AEra]
1631 3108 1868 3149 Simulacra
1897 3122 1952 3149 ex
1972 3121 2059 3150 aere
2090 3114 2136 3151 et
2155 3122 2212 3151 ex

1327 3180 1535 3208 marmore
1553 3169 1732 3210 decreta
1745 3176 1845 3210 sunt
1863 3171 2088 3223 Eutropio.

1380 3235 1433 3272 74
1463 3232 1611 3284 Eques]
1665 3233 1899 3284 Eutropius
1944 3231 2112 3273 effictus
2162 3239 2212 3275 ut

1325 3306 1469 3347 eques,
1502 3295 1639 3348 fulget
1659 3296 1816 3348 ubique
1837 3310 1850 3346 ς
1876 3296 1957 3336 hoc
1981 3301 2063 3349 est,
2081 3296 2212 3339 habet

1323 3358 1479 3397 multas
1501 3364 1664 3399 statuas
1685 3365 1919 3412 equestres.

1381 3419 1523 3472 Curia]
1548 3422 1731 3467 Senatus
1763 3426 1953 3468 ostentat
1977 3422 2207 3476 imaginem
