2300 3906
122 660 364 714 “Terruit
389 664 539 714 orbis
566 681 757 732 equos

649 217 887 259 RAP'PUS
918 220 1212 260 PROSERP.
1244 221 1360 259 [AB.
1390 221 1455 259 11.

148 328 425 398 AEquore:
464 332 777 399 praecipitat
800 337 1013 402 pigrum
1040 336 1276 388 formido
1302 338 1515 389 Booten
1536 353 1549 388 ε

152 412 389 465 Horruit
411 412 585 465 Orion
606 434 618 468 :
659 418 842 469 audito
867 420 1063 485 palluit
1086 418 1248 470 Atlas

153 496 386 548 Hinnitu
407 515 419 550 ε
457 500 650 550 rutilos
677 502 936 552 obscurat
961 502 1229 553 anhelitus
1255 518 1390 554 axes

152 577 443 645 Discolor3
482 586 535 632 et
558 582 720 648 longa
746 584 937 634 solitos
961 583 1191 649 caligine
1215 586 1373 651 pasci

834 666 1051 718 Pressis
1075 667 1285 718 haesere
1308 668 1511 735 lupatis

151 742 386 796 Attoniti
409 748 627 799 meliore
654 749 815 815 polo;
852 766 1148 817 rursusque
1173 751 1463 802 verendum

151 828 220 879 In
248 827 430 879 Chaos
457 831 677 898 obliquo
702 839 940 899 pugnant
963 837 1179 884 temone
1203 835 1416 887 reverti.

155 910 316 974 Mox,
344 913 440 962 ubi
466 914 686 978 pulsato
715 922 1002 966 senserunt
1024 918 1251 968 verbera
1275 922 1442 984 terg0,

152 993 224 1045 Et
246 996 419 1046 solem
444 996 684 1048 didicere
710 1000 846 1064 pati,
875 999 1157 1050 torrentius
1180 1016 1338 1051 amne

154 1077 441 1145 HybernO,
468 1084 720 1148 tortaque
745 1088 905 1134 ruunt
928 1084 1204 1150 pernicius
1227 1084 1404 1135 hasta.

155 1160 440 1225 Quantum
463 1179 571 1215 non
590 1165 833 1232 jaculum
859 1166 1068 1229 Parthi,
1096 1182 1206 1217 non
1229 1167 1466 1234 impetus
1489 1165 1701 1229 Austri,
1854 1164 1959 1217 200

151 1303 242 1366 lito?
256 1317 269 1343 .-
317 1305 418 1366 Urso
437 1307 542 1366 locat
569 1318 610 1344 se
634 1306 677 1344 in
697 1308 797 1346 mari
813 1308 1032 1358 prohibito:
1062 1314 1188 1347 terror
1209 1308 1315 1359 rapit
1334 1309 1387 1347 ad
1408 1321 1604 1348 occasum
1626 1309 1775 1348 Booten
1793 1310 1933 1348 lentum
1947 1321 1961 1345 .-

157 1358 281 1396 Οποη
301 1361 524 1407 pertimuit.-
555 1360 670 1396 Atlas
681 1359 844 1397 territus
863 1365 920 1398 est
934 1362 1066 1399 audito
1086 1361 1266 1400 hinnitu:
1293 1363 1446 1413 afflatus
1472 1362 1583 1410 uiget·
1596 1372 1815 1411 equorum,
1835 1359 1959 1407 infus-

152 1414 218 1449 cat
253 1410 399 1448 C'oelum
433 1411 616 1458 nitidum,
653 1415 691 1449 et
728 1410 798 1449 Sol
831 1413 1031 1450 territur-it
1070 1424 1182 1462 equos
1216 1418 1409 1450 consuetos
1438 1415 1579 1450 dudum
1610 1414 1755 1451 nutriri
1784 1411 1962 1451 tenebris.

154 1463 225 1501 Illi
252 1463 458 1501 constitere
489 1463 647 1500 habenis
677 1464 916 1512 compressis,
940 1466 1174 1502 consternati
1205 1465 1295 1502 ae're
1329 1465 1504 1513 clariore,
1532 1469 1646 1514 atque
1675 1465 1813 1503 iterum
1842 1464 1966 1502 redire

155 1520 347 1554 conantur
379 1527 555 1553 converso
586 1527 703 1554 curru
734 1515 776 1553 in
806 1516 1014 1554 Tartarum
1041 1516 1281 1555 horrendum.
1318 1517 1471 1555 Deinde
1505 1521 1705 1566 postquam
1738 1517 1843 1567 passi
1877 1520 1965 1554 sunt

149 1569 314 1620 flagella
349 1572 463 1617 tergo
497 1567 710 1617 verberato,
748 1572 786 1606 et
819 1572 1012 1619 coeperunt
1043 1570 1205 1607 tolerare
1243 1571 1385 1607 lucem:
1425 1573 1584 1606 currunt
1612 1570 1775 1607 velocius
1800 1568 1967 1619 flumine

158 1622 324 1673 hyemis,
344 1625 382 1660 et
400 1621 559 1659 celerius
566 1621 700 1669 jaculo
727 1625 914 1660 contorto.
973 1621 1066 1659 Non
1093 1621 1151 1660 sic
1177 1622 1326 1670 sagitta
1346 1621 1504 1671 Parthi,
1521 1633 1593 1659 non
1610 1623 1664 1659 sic
1671 1620 1819 1671 flamen
1843 1621 1965 1670 venti,

925 1739 1044 1753 ‘om
1047 1740 1213 1754 OOOOOOO

155 1817 298 1868 palluit
317 1816 343 1857 J
349 1828 419 1855 un.
439 1828 523 1855 sec.
547 1814 685 1866 polluit
699 1815 800 1854 Vat.
820 1826 886 1865 pr.
904 1815 1052 1864 perluit
1079 1814 1200 1855 Voss.
1221 1818 1417 1865 [ππ-190
1443 1815 1625 1854 sollicitat
1655 1826 1729 1866 pro
1747 1815 1966 1866 praecipitot

161 1871 256 1909 Pal.
277 1872 433 1919 nigrum
451 1869 624 1908 Tholos.
649 1869 810 1907 Bootem
829 1868 1013 1906 Florent.
1041 1866 1124 1906 duo
1147 1868 1263 1907 Med.
1284 1867 1368 1906 duo
1388 1868 1536 1907 Heins.
1556 1867 1655 1906 Put.
1686 1868 1789 1919 Rog.
1810 1868 1967 1907 Moret-

161 1935 226 1975 pr.
248 1930 335 1963 tres
356 1923 508 1962 Petav.
532 1923 637 1961 Exn.
660 1922 813 1960 Petav.
835 1925 975 1971 quart.
1004 1918 1102 1960 ΑΜ.
1135 1926 1179 1959 et
1198 1920 1266 1959 ed.
1285 1920 1558 1960 vicen—191
1592 1921 1748 1959 Corruit
1770 1932 1845 1971 pro
1865 1920 1970 1958 Hor-

160 1976 243 2015 ruit
262 1977 371 2015 Exc.
407 1976 562 2014 Petav.
594 1977 866 2026 quarn—193
897 1974 1062 2012 Decolor
1095 1973 1317 2023 legendum
1348 1986 1439 2012 esse
1472 1974 1644 2012 verbum
1674 1974 1849 2012 obscurat
1866 1972 1969 2011 satis

161 2030 304 2068 docet.
324 2029 408 2068 vid.
429 2027 483 2067 ad
503 2030 552 2067 Β.
569 2027 743 2067 Gildon.
772 2030 863 2066 192.
882 2027 1017 2064 solitos
1034 2027 1150 2074 longa
1164 2026 1320 2066 Moret.
1333 2038 1395 2075 pr.
1412 2026 1516 2065 Exc.
1534 2026 1686 2065 Petav.
1701 2031 1838 2077 quart.
1859 2026 1971 2074 longo

160 2082 264 2121 Put.
275 2081 483 2131 ferrugine
501 2082 609 2120 Exc.
634 2080 783 2119 petav.
801 2081 1070 2130 quarn—194
1095 2079 1310 2129 pressisque
1327 2079 1642 2117 Florent.-195
1673 2079 1854 2117 Attonitu
1870 2077 1973 2116 Vat-

164 2137 388 2175 sem—196
415 2138 566 2172 certant
585 2132 669 2171 duo
686 2133 809 2171 Vatt.
830 2132 924 2170 Pal.
942 2134 1115 2181 pugnant
1134 2131 1234 2171 Jun.
1254 2143 1338 2170 sec.
1362 2132 1550 2170 chartac.
1571 2131 1720 2170 Heius.
1741 2130 1809 2168 ed.
1831 2130 1972 2169 Parm.

162 2194 207 2227 et
226 2188 369 2228 Vicet.
388 2190 543 2226 tentant
559 2186 678 2224 Vatt.
701 2185 782 2223 duo
802 2189 846 2222 et
861 2183 902 2223 d.
923 2183 1073 2226 Petav.
1095 2195 1158 2233 pr.
1188 2182 1334 2222 Ambr.
1357 2188 1456 2222 tert.
1474 2184 1574 2222 Vat.
1592 2183 1727 2221 Livin.
1748 2181 1854 2221 Cod.
1873 2182 1975 2220 Bar·

162 2241 446 2280 thelim—19⁷
474 2243 518 2277 ut
544 2239 697 2288 pulsato
729 2238 812 2275 inc.
845 2236 994 2274 Heius.
1023 2237 1133 2273 dorso
1162 2236 1265 2285 Reg.
1293 2235 1429 2273 Oxon.
1459 2238 1658 2285 pr.—199
1686 2234 1864 2275 Hiberna
1893 2233 1976 2274 inc.

167 2293 315 2333 Heius.
329 2295 484 2342 totoque
504 2291 596 2330 Pal.
620 2291 771 2329 Petav.
790 2299 872 2327 sec.
894 2287 960 2326 ed.
981 2286 1253 2326 Parim—200
1285 2287 1410 2332 Quam
1431 2299 1530 2326 nunc
1559 2299 1635 2337 pro
1656 2286 1853 2330 Quantum
1872 2284 1976 2326 eod.

984 2379 1165 2420 NOTAE

173 2525 178 2528 ,
219 2481 298 2518 190
328 2476 499 2527 Booten]
517 2476 602 2516 Seu
616 2474 872 2523 Bubulcum,
889 2473 983 2525 quia
998 2472 1041 2511 in

166 2542 338 2582 modum
369 2540 539 2581 bubulci
567 2540 802 2591 plaustrum
834 2536 1043 2588 sequitur.

167 2604 336 2644 Dicitur
352 2609 395 2642 et
417 2602 724 2653 Arctophylax,
739 2599 781 2638 id
801 2603 882 2648 est,
898 2603 1042 2637 custos

169 2668 295 2707 Ursae
311 2680 322 2706 :
354 2667 423 2705 alii
441 2665 700 2716 dicuntreum
716 2663 845 2702 fuisse
860 2661 1046 2711 Icarum,

168 2729 240 2769 alii
260 2727 474 2768 Arcadem
491 2727 611 2769 Jovis
627 2732 672 2766 et
687 2725 883 2766 Callistus
900 2723 1045 2764 filium.

170 2792 302 2843 Piger
339 2791 511 2840 dicitur,
548 2789 646 2841 quia
682 2799 893 2839 nunquam
929 2791 1045 2825 totus

170 2854 347 2903 occidit,
365 2853 440 2892 sed
471 2852 667 2904 opinione
696 2848 983 2901 spectantium
1003 2848 1045 2886 in

171 2919 321 2958 iisdem
343 2930 477 2969 prope
500 2915 690 2965 vestigiis
710 2920 823 2953 stare
843 2912 1028 2952 videtur.

228 2984 304 3020 191
337 2980 506 3018 Horruit
534 2978 675 3028 Orion]
707 2977 792 3016 Hic
824 2982 948 3031 natus
981 2979 1048 3014 est

174 3055 228 3083 ex
242 3044 372 3082 trium
388 3043 577 3080 Deorum
594 3041 737 3079 urina:
757 3039 940 3078 certavit
952 3049 1046 3077 cum

175 3105 414 3157 scorpione,
435 3110 477 3143 et
496 3104 606 3142 inter
621 3102 758 3141 sidera
780 3102 937 3140 relatus
958 3107 1046 3140 est:

175 3168 247 3209 alii
279 3168 428 3207 dicunt
463 3167 648 3206 occisum
674 3178 699 3204 a
730 3165 869 3202 Diana
898 3164 1052 3214 impru-

177 3232 360 3280 denter;
391 3230 463 3270 alii
484 3230 696 3279 consulto,
729 3226 840 3279 quod
869 3227 958 3278 ejus
977 3238 1051 3276 pu-

183 3294 375 3335 dicitiam
421 3297 632 3332 tentaret:
692 3290 859 3330 horruit.
898 3293 1054 3338 autem,

180 3357 280 3413 quia
301 3357 437 3398 orion
461 3354 636 3408 ponitur
664 3352 777 3394 iuter
802 3349 975 3392 horrida
1001 3349 1053 3388 si-

1108 2473 1226 2512 dera.

1161 2536 1295 2587 Atlas]
1323 2535 1463 2584 Atlas,
1491 2546 1615 2587 quem
1635 2534 1818 2573 Perseus
1836 2531 1977 2583 hospi·

1108 2601 1215 2638 tium
1235 2599 1315 2638 sibi
1334 2603 1557 2650 negantem
1585 2597 1751 2649 prolato
1770 2595 1979 2647 Gorgonis

1111 2662 1252 2713 capite
1282 2662 1325 2701 in
1346 2667 1531 2700 montem
1552 2659 1777 2708 convertit,
1796 2657 1866 2710 qui
1886 2658 1978 2698 Coe-

1111 2725 1197 2763 lum
1218 2736 1326 2764 nunc
1347 2723 1540 2763 sustinet.

1167 2790 1243 2826 193
1275 2787 1454 2836 Caligine
1479 2783 1607 2837 pasci]
1638 2783 1764 2836 Equis
1783 2781 1980 2822 Plutonis

1114 2854 1207 2888 atra
1222 2849 1376 2888 nebula
1397 2847 1594 2898 pabulum
1608 2850 1689 2886 est.

1168 2916 1245 2953 194
1262 2911 1398 2963 Orbis]
1411 2910 1584 2951 Scilicet
1596 2922 1620 2948 a
1632 2908 1811 2948 rotunda
1824 2904 1982 2959 specie.

1168 2978 1245 3014 197
1279 2972 1466 3023 Verbera]
1495 2970 1901 3022 Plagas,scutieam,
1914 2965 1983 3007 fla·

1117 3037 1243 3088 gella.

1171 3103 1248 3140 198
1276 3099 1404 3139 Solem
1434 3098 1603 3137 didicere
1627 3096 1730 3147 pati]
1772 3093 1841 3133 Ad
1872 3090 1981 3131 Solis

1117 3163 1259 3202 lumen
1280 3162 1499 3201 desierunt
1517 3159 1711 3209 caligare.

1171 3227 1250 3264 200
1276 3223 1460 3262 Jaculum
1476 3218 1636 3269 Parthi]
1664 3215 1785 3258 Quod
1801 3213 1982 3254 Parthus

1120 3287 1339 3335 excussit3
1369 3285 1551 3326 Parthos
1567 3280 1735 3334 gquippe
1762 3276 1984 3330 jaculandi

1121 3350 1264 3391 studio
1283 3350 1419 3389 claros
1434 3358 1525 3387 esse
1541 3347 1718 3384 constat.
