2300 3906
372 199 479 253 660
958 209 1054 249 ci..
1094 204 1446 247 onAuniAm
1486 205 1603 245 xx.

369 329 688 399 Temperat,
714 335 772 382 et
795 331 946 381 tanto
969 325 1244 394 conjungit
1267 323 1476 375 foedera
1495 327 1776 377 monstro:

371 413 476 467 Illa
501 418 655 466 natat
679 411 906 464 rationis
930 411 1114 475 inopS,
1141 412 1195 458 et
1220 422 1379 458 caeca
1401 406 1665 474 profundi

358 497 501 552 -Jam
523 497 781 550 brevibus
806 495 1074 563 deprensa
1098 491 1273 555 vadiS‚
1310 493 1507 557 ignara
1526 480 1729 542 reverti

369 580 639 649 Palpitat‚
662 585 718 631 et
744 594 913 632 vanos
939 577 1181 646 scopulis
1209 576 1374 647 illidit
1399 575 1598 627 hiatuS.
1959 624 1967 631 ,
2131 591 2162 621 ο

367 666 681 732 Targibilus
708 663 968 716 simulare
992 663 1197 728 sugam,
1224 662 1492 728 flatusque
1518 658 1722 710 Leonis

370 747 482 816 Spe
503 750 706 800 nutrire
730 748 884 799 leves
905 764 919 813 ;
956 747 1400 815 improvisusque
1423 748 1654 811 repente

369 832 521 884 Dum
547 834 806 900 gravibus
829 838 1076 884 marcent
1100 849 1207 899 epu
1217 831 1301 894 lis,
1327 830 1579 896 hostique
1604 829 1831 878 catenas

367 915 519 968 Inter
542 918 672 968 vina
691 921 936 983 crepant,
961 915 1121 980 largo
1147 915 1327 981 sopita
1352 913 1526 980 Lyaeo

369 997 566 1050 Castra
590 999 756 1049 subit.
831 997 1079 1048 Pereunt
1103 997 1221 1060 alii,
1249 996 1378 1047 dum
1403 996 1650 1046 membra
1676 993 1845 1045 cubili

2081 907 2191 961 435

366 1113 697 1160 amicitiam‘cum
714 1124 895 1171 portento
914 1124 1038 1159 tanto.
1095 1120 1173 1159 Illa
1192 1120 1334 1158 bellua
1351 1130 1486 1158 carens
1505 1116 1615 1157 omni
1635 1117 1872 1166 cogitatione
1889 1119 1977 1163 nat,
1996 1118 2035 1154 et
2049 1115 2195 1164 ignara

366 1175 502 1223 maris,
517 1175 604 1223 jam
622 1175 836 1224 intercepta
853 1174 964 1212 vadis
991 1173 1165 1223 exiguis,
1193 1174 1363 1212 nesciens
1390 1171 1534 1220 redire,
1560 1170 1709 1223 deficit,
1739 1174 1778 1209 et
1811 1169 1995 1220 impingit
2017 1169 2059 1207 in
2080 1180 2194 1219 rupes

367 1228 590 1277 voraginem
610 1228 777 1266 inanem.
839 1226 1063 1276 Targibilus
1083 1226 1214 1277 coepit
1233 1226 1394 1279 fingere
1410 1225 1572 1274 fugam,
1601 1228 1638 1263 et
1667 1224 1769 1262 alere
1786 1236 1852 1274 spe
1871 1223 1978 1261 tenui
1993 1234 2058 1261 cor
2075 1221 2195 1260 tumi-

366 1282 458 1319 dum
475 1280 615 1320 Leonis
626 1293 639 1326 ;
668 1285 706 1319 et
724 1280 860 1319 statim
880 1280 1059 1330 inopinus
1077 1280 1230 1318 invadit
1250 1283 1379 1318 castra
1395 1279 1545 1329 sepulta
1563 1277 1652 1316 vino
1668 1278 1830 1327 copioso,
1859 1277 1947 1315 dum
1956 1274 2193 1326 flaccescunt

367 1334 465 1372 cibis
480 1333 742 1384 onerantibus,
767 1337 804 1372 et
824 1337 1003 1372 eme-tant
1023 1334 1175 1372 vincula
1195 1333 1235 1371 in
1253 1333 1401 1371 hostem
1418 1334 1524 1371 inter
1537 1332 1689 1382 pocula.
1748 1330 1808 1369 112·
1827 1330 2066 1379 occid-untur,
2098 1328 2193 1368 dum

365 1387 549 1427 attollunt
570 1400 728 1438 corpora
758 1388 862 1426 lenta
891 1397 944 1426 ex
973 1387 1083 1426 lectis
1098 1400 1113 1434 ,·
1140 1386 1201 1425 illi
1228 1388 1502 1437 copulaverunt
1533 1388 1696 1424 mortem
1715 1396 1867 1423 somno.-
1894 1384 1959 1422 sed
1974 1381 2195 1435 palus-fini·

1130 1477 1425 1494 OOOOOOOOOO

366 1531 487 1575 Med.
505 1534 670 1574 Tholos.
691 1535 793 1575 Low
810 1535 911 1574 Vat.
931 1534 1067 1573 Livin.
1101 1545 1187 1572 cum
1203 1533 1306 1571 Vat.
1328 1536 1428 1571 tert.
1450 1532 1554 1582 Reg.
1573 1543 1627 1571 m.
1648 1542 1712 1582 pr.
1740 1530 1801 1579 cui
1822 1535 1907 1569 tres
1924 1530 2045 1569 Vatr.
2064 1529 2194 1571 Farn.

368 1587 504 1628 Oisel.
525 1590 630 1628 Exc.
651 1588 773 1628 Laeti.
802 1588 892 1638 quoi
924 1586 992 1626 ed.
1016 1587 1157 1625 Vicet.
1185 1597 1270 1624 cum
1292 1585 1359 1623 vel
1377 1587 1440 1624 cui
1474 1585 1615 1623 Oxon.
1638 1587 1839 1635 pr.—428
1858 1583 2003 1632 federa
2019 1587 2188 1623 monstro

365 1646 452 1680 tres
475 1642 595 1681 Vatt.
616 1642 742 1680 Farn.
777 1641 884 1680 Exc.
917 1638 1213 1686 Laeti.soedere
1245 1638 1415 1677 mbnstra
1449 1638 1532 1676 (luo
1566 1637 1717 1676 Leidd.
1751 1643 1795 1676 et
1829 1635 2034 1675 tredecim
2056 1636 2191 1678 Codd.

366 1694 475 1735 Exc.
497 1695 675 1734 Gevart.
694 1694 796 1732 Var.
819 1694 902 1733 LL.
922 1693 991 1732 ed.
1013 1692 1143 1732 Antv.
1172 1695 1328 1729 tantum
1361 1704 1393 1730 c.
1417 1690 1458 1739 f.
1491 1702 1621 1729 rerum
1641 1691 1738 1729 Vat.
1760 1689 1896 1729 Livin.
1914 1688 2066 1737 soedere
2085 1702 2192 1729 mon-

362 1750 487 1786 strum
508 1749 572 1784 vel
583 1747 737 1795 foedera
756 1750 925 1784 monstro
943 1747 1043 1785 Vat.
1064 1747 1265 1795 piu—429
1293 1757 1394 1783 coeca
1415 1743 1481 1782 vel
1500 1755 1605 1781 cassa
1632 1743 1732 1782 Vat.
1753 1749 1891 1794 quart.
1916 1742 2103 1794 profundi
2121 1745 2191 1783 vel

353 1798 491 1846 futuri
521 1799 669 1839 Ambr.
705 1802 903 1850 [ηπ-430
930 1800 1111 1849 depressa
1145 1799 1246 1836 Lov.
1269 1796 1407 1836 Oxon.
1427 1797 1631 1836 sec.Var.
1651 1796 1735 1835 LL.
1766 1796 1835 1835 ed.
1869 1797 2001 1836 Antv.
2031 1795 2191 1844 defensa

362 1865 495 1903 marg.
511 1854 664 1903 Isingr.
693 1852 856 1891 natandi
877 1852 943 1891 vel
957 1853 1102 1891 reverti
1119 1851 1217 1889 Vat.
1238 1853 1437 1900 pre—431
1467 1862 1606 1889 vacuos
1623 1850 1783 1889 Moret.
1806 1862 1867 1900 pr.
1895 1862 2012 1889 vanos
2031 1850 2097 1889 vel
2122 1863 2191 1890 va-

361 1906 442 1944 rios
459 1907 559 1945 Vat.
580 1906 714 1956 quint.
743 1905 871 1943 allidit
891 1905 1006 1944 Prie:
1032 1905 1163 1943 illudit
1177 1904 1277 1943 Vnt.
1299 1914 1384 1942 sec.
1406 1903 1498 1942 Pal.
1519 1902 1636 1942 Med.
1654 1914 1717 1953 pr.
1737 1904 1838 1942 Var.
1857 1903 1943 1943 LL.
1962 1903 2034 1942 ed.
2055 1903 2190 1945 AntV.

363 1961 497 1997 —432
531 1958 752 2006 Tarbigilus
769 1958 871 1996 Vat.
888 1969 952 2008 pr.
970 1957 1085 1995 Prie.
1105 1957 1233 1996 Oisel.
1255 1956 1338 1994 duo
1356 1957 1473 1995 Med.
1496 1957 1602 2008 Reg.
1619 1958 1783 1996 Thuan.
1804 1958 1906 1996 Lov.
1923 1957 2081 1996 Mon-et.
2100 1968 2188 1997 sec.

362 2015 452 2049 vet.
473 2011 578 2063 Gyr.
595 2012 695 2050 Vat.
713 2010 850 2049 Livin.
869 2011 978 2050 Exc.
998 2010 1178 2049 Gevart.
1197 2010 1265 2048 ed.
1286 2009 1548 2049 vicenVar.
1570 2010 1657 2049 LL.
1679 2010 1749 2050 ed.
1773 2011 1903 2049 Antv.
1939 2009 2191 2060 Tharbigilus

363 2063 556 2103 Florent.
575 2076 629 2103 m.
649 2075 711 2114 pr.
732 2062 854 2102 Leid.
887 2075 971 2102 sec.
1004 2062 1089 2102 duo
1111 2063 1254 2102 Oxon.
1277 2062 1359 2101 duo
1382 2063 1534 2102 Petav.
1571 2070 1657 2102 tres
1693 2063 1837 2103 Ambr.
1872 2064 1976 2103 Exc.
2005 2063 2188 2105 Lucens.

357 2127 450 2158 sec.
472 2116 575 2156 Var.
596 2117 679 2155 LL.
700 2128 724 2155 e
746 2128 879 2168 marg.
898 2116 1044 2155 Parni.
1080 2115 1301 2165 Tabrigilus
1332 2117 1439 2155 Exc.
1465 2115 1587 2157 Laeti.
1620 2117 1851 2167 Trabigalus
1870 2118 2033 2156 Mazar.
2067 2117 2190 2156 Thm-

359 2168 509 2219 gibilns
527 2171 652 2209 Farn.
670 2170 834 2208 Tliolos.
868 2169 1100 2219 Tarbigulus
1116 2169 1216 2209 Jun.
1236 2181 1300 2219 pr.
1329 2169 1589 2219 Tharbigalus
1604 2171 1704 2210 Vat.
1726 2177 1824 2210 tert.
1848 2171 1968 2210 Rott.
2002 2169 2191 2221 Tar-giba,-

363 2222 423 2261 lus
436 2223 538 2262 Vat.
572 2235 658 2263 sec.
695 2223 798 2261 Put.
817 2221 918 2262 Pat.
951 2222 1174 2272 Trabigilus
1204 2223 1396 2261 Florent.
1417 2235 1473 2262 m.
1494 2235 1580 2261 sec.
1609 2223 1726 2263 Leid.
1745 2236 1810 2274 pr.
1844 2225 2005 2262 Moret.
2027 2235 2095 2275 pr.
2117 2224 2186 2265 ed.

362 2275 509 2315 Parm.
544 2275 776 2326 Targibulus
807 2275 924 2315 Med.
953 2282 1090 2326 quart.
1109 2274 1316 2326 fastusque
1336 2276 1499 2315 Mazar.
1518 2275 1719 2327 flatusque
1749 2277 1817 2315 vel
1840 2277 2049 2327 fastusque
2070 2276 2185 2318 Prie.

361 2331 494 2368 —433
536 2330 629 2367 levis
655 2330 757 2367 vat.
787 2334 925 2380 quart.
957 2330 1077 2368 Rott.
1109 2329 1252 2369 Oxou.
1281 2340 1369 2368 sec.
1399 2328 1521 2368 Leid.
1551 2342 1635 2368 sec.
1667 2331 1772 2368 Exc.
1803 2331 1925 2369 Laeti.
1965 2331 2064 2369 leves
2094 2342 2190 2383 sep·

362 2381 587 2420 temdecim
629 2382 781 2432 scripti
818 2387 861 2420 et
894 2382 997 2420 Var.
1035 2383 1121 2421 LL.
1160 2395 1182 2421 e
1222 2394 1356 2433 marg.
1404 2383 1687 2422 Parni.—-434
1734 2387 1907 2422 marcent
1953 2383 2073 2422 Med.
2121 2396 2189 2435 pr.

359 2438 507 2473 marcet
540 2433 688 2473 Ambr.
721 2439 823 2473 tert.
869 2435 1063 2485 hostisque
1095 2435 1253 2474 Moret.
1305 2448 1370 2486 pr.
1417 2436 1536 2475 Med.
1581 2439 1813 2475 terh—435
1863 2441 2017 2486 crepent
2066 2437 2186 2478 Med.

361 2492 464 2528 tert.
502 2491 639 2531 sonant
687 2488 751 2526 vel
798 2494 955 2537 crepant
1004 2489 1110 2526 Exc.
1158 2488 1419 2528 Lau-436
1459 2501 1546 2528 eum
1592 2490 1696 2528 Exc.
1745 2490 1871 2528 Laeti.
1903 2488 2054 2528 Ambr.
2084 2495 2186 2530 tert.

358 2540 530 2581 membra
573 2540 692 2579 cubili
744 2541 849 2580 Exc.
887 2541 1010 2580 Laeti.
1058 2542 1175 2580 tarda
1204 2541 1324 2580 cubili
1372 2542 1554 2581 Membra
1599 2544 1728 2581 levant
1778 2542 1898 2582 Leid.
1935 2554 2019 2582 sec.
2065 2543 2185 2585 Med.

1179 2622 1362 2662 NOTAE

360 2697 415 2726 ne
435 2698 529 2726 cum
550 2686 737 2727 Proteus
761 2699 891 2739 pecus
917 2688 1007 2740 egit
1034 2689 1142 2728 altos
1162 2689 1241 2733 Vi-,

359 2761 455 2789 sere
474 2750 669 2790 montes?

412 2817 493 2854 429
521 2814 722 2864 Rationis]
750 2816 814 2853 Ex
832 2813 1235 2865 Aristotele,inbes-

359 2874 431 2915 tiis
450 2880 549 2915 sunt
561 2874 763 2925 μιμήματα
781 2878 853 2924 τῆς
870 2876 1103 2927 ἀνθρωπίνης
1116 2876 1233 2928 ζωῆς,

358 2936 555 2988 quaedam
570 2938 664 2977 υἱέα»
690 2939 866 2978 humanae
888 2946 935 2979 et
953 2941 1129 2980 rationis
1144 2943 1232 2981 imi-

361 2999 535 3039 tamina:
578 3000 806 3041 instinctum
842 3004 1032 3042 nonnulli
1064 3010 1233 3056 vocant,

356 3061 548 3102 nonnulli
578 3063 860 3113 cognitionem
892 3065 1120 3117 quandam,
1151 3080 1234 3119 qua

359 3124 510 3165 bestiae
541 3125 604 3165 nti
623 3125 846 3177 videntur;
875 3129 947 3167 alii
977 3129 1127 3170 dicunt
1156 3132 1231 3176 im-

359 3188 601 3240 pressiones
633 3200 847 3240 sensuum,
877 3190 1027 3242 quibus
1057 3192 1119 3231 ita
1144 3205 1231 3233 mo-

355 3258 531 3300 ventur,
545 3256 595 3291 nt
607 3262 863 3302 cognoscere
881 3258 1070 3304 putares.

411 3316 494 3355 430
527 3313 663 3364 Vadis]
709 3314 989 3366 Depreliensa
1030 3316 1074 3355 in
1109 3317 1230 3358 vadis

358 3374 576 3428 brevibus,
587 3375 633 3416 id
646 3379 728 3428 est,
745 3376 881 3418 arenis
895 3388 1004 3430 aqua
1016 3377 1231 3432 profunda

1302 2690 1565 2741 carentibus,
1596 2690 1865 2740 destituitur,
1899 2689 2100 2741 palpitat,
2139 2695 2185 2731 et
2264 2731 2271 2736 ,

1301 2765 1417 2792 mare
1439 2754 1563 2793 altius
1583 2765 1797 2805 quaerens,
1828 2753 1914 2792 oris
1944 2757 2095 2804 aperta
2116 2765 2193 2794 vo-¹

1302 2816 1448 2867 ragine
1467 2816 1664 2867 impingit
1680 2817 1721 2855 in
1742 2816 1952 2867 scopulos.

1353 2883 1434 2918 432
1463 2879 1604 2919 Fletus
1617 2878 1777 2930 Leonis]
1807 2879 1858 2918 Id
1874 2885 1956 2930 est,
1971 2891 2046 2919 cor
2062 2879 2183 2921 tumi-

1302 2942 1401 2981 dum
1421 2942 1535 2981 inani
1554 2940 1671 2982 fumo
1690 2947 1906 2994 ventoque
1933 2943 2098 2994 supinae
2117 2955 2183 2984 ar-

1302 3005 1522 3054 rogantiae.

1353 3070 1431 3106 435
1466 3067 1659 3118 Crepant]
1689 3067 1810 3107 Inter
1842 3073 2010 3108 ructum
2041 3067 2183 3119 crepi-

1300 3134 1476 3182 tumque
1495 3136 1672 3170 catenas
1691 3130 1956 3171 minitantur.
1995 3131 2066 3171 Sic
2085 3131 2183 3171 Tul-

1300 3192 1380 3231 lius
1400 3191 1453 3230 de
1475 3192 1751 3242 Catilinariis,
1775 3193 1788 3213 ‘
1809 3196 2008 3232 eructant
2035 3191 2180 3233 caedes

1299 3255 1505 3296 bonorum
1526 3256 1551 3296 :⁷
1585 3256 1713 3307 idest,
1737 3257 1944 3297 ructando
1962 3258 2179 3299 minantur

1299 3330 1346 3359 se
1366 3324 1725 3371 patraturos-esse
1743 3318 1884 3359 caedes
1902 3318 2132 3363 bonorum.
