2300 3906
635 201 876 242 RAPrus
917 204 1209 250 pnosnne.
1253 208 1370 248 mn.
1412 209 1451 247 1.
1842 201 1948 255 911

140 308 332 363 Tertia
356 328 623 380 supremae
648 319 832 382 patior
856 321 1146 388 dispendia
1173 327 1353 388 sortis,
1844 329 1950 381 100

141 393 519 462 Informesque
545 398 768 465 plagas3
809 420 933 455 cum
958 410 1009 456 te
1035 407 1358 460 laetissimus
1384 415 1539 463 ornet

143 474 413 542 Signiferi
452 485 506 530 et
529 482 682 533 vario
708 485 923 552 cingant
948 490 1235 555 splendore
1259 492 1489 544 Triones
1507 495 1531 544 ‘l

141 557 252 610 Sed
280 560 535 614 thalamis
561 565 724 618 etiam
749 570 1043 635 prohibes?
1102 573 1307 626 Nereia
1330 576 1526 640 glauco

146 639 467 709 Neptunum
493 650 692 712 gremio
717 654 1098 720 complectitur
1124 654 1473 722 Amphitrite.

145 723 229 775 Te
253 730 656 793 consanguineo
680 735 872 802 recipit
896 742 1031 803 post
1055 736 1286 789 fulmina
1309 738 1516 790 sessum
1850 742 1956 793 105

145 867 285 929 damna
303 870 589 931 ίςνίιαμῑίινηιζε
607 873 866 933 haereditatis,
886 878 1086 930 quodque
1102 880 1242 918 tolero
1255 881 1430 930 regiones
1440 880 1690 930 foedissimas‚
1707 895 1793 922 cum
1810 882 1961 922 Zodia·

148 930 222 958 cus
236 919 402 970 signifer
411 926 714 983 jucundzsszmue
730 929 879 968 decoret
890 934 998 970 tuum
1013 944 1206 983 regnum,
1224 937 1359 972 etcum
1376 935 1510 973 stellae
1531 935 1827 985 Septemtrionis
1839 934 1961 975 ambi-

149 976 218 1011 ant
235 972 436 1023 tefulgore
453 976 615 1017 dzverso.
643 977 721 1039 Sed
738 992 846 1019 arces
865 994 931 1022 me
950 996 1096 1035 quoque
1115 996 1139 1023 a
1162 985 1442 1027 matrimonio?
1468 987 1708 1037 Amphitrite
1734 986 1820 1027 filia
1837 987 1959 1027 Nerei

149 1026 395 1076 amplexatur
411 1027 636 1077 Neptunum
665 1042 753 1070 sinu
775 1036 935 1074 coeruleo
949 1050 962 1075 .-
989 1038 1094 1076 Juno
1112 1038 1255 1090 accipit
1273 1043 1312 1078 te
1330 1039 1373 1078 in
1392 1039 1479 1078 sinu
1496 1040 1654 1088 sororio,
1671 1053 1695 1079 o
1709 1041 1896 1093 Jupiter,
1915 1044 1959 1080 te

912 1165 1205 1181 000000000000

153 1258 237 1287 sec.
264 1248 389 1312 visum
408 1255 464 1312 est
485 1252 589 1292 vat.
607 1265 670 1304 pr.
699 1254 803 1294 Cod.
821 1252 1056 1296 Bartholin.
1099 1259 1197 1308 quod
1211 1259 1321 1307 grati
1339 1259 1439 1298 Vat.
1459 1258 1594 1309 quint.
1614 1258 1713 1299 Jun.
1733 1271 1818 1301 sec.
1836 1260 1960 1299 Voss.

152 1312 236 1339 sec.
261 1306 371 1362 grati
390 1316 454 1353 qut
474 1305 571 1344 Vat.
592 1305 634 1344 d.
674 1307 785 1356 grati
804 1311 901 1358 quod
932 1314 1021 1348 tres
1054 1310 1175 1349 Vatt.
1209 1310 1314 1350 Cod.
1349 1311 1581 1350 Bartholin.
1607 1312 1728 1360 gra’ci
1755 1314 1852 1361 quod
1870 1312 1964 1352 Pal.

151 1365 298 1404 ruperis
333 1358 432 1405 quod
469 1357 628 1397 Moret.
669 1371 730 1409 pr.
760 1360 873 1399 unde
901 1361 1031 1411 superi
1067 1361 1241 1411 legebat
1278 1362 1428 1402 Heius.
1475 1363 1612 1401 limitis
1646 1364 1726 1402 inc.
1766 1364 1967 1403 Heius.—

154 1409 233 1445 100
253 1412 482 1457 prostremae
503 1422 580 1459 pro
597 1423 785 1461 suprema.²
801 1413 967 1452 Tholos.
993 1413 1124 1463 patiar
1142 1414 1168 1455 J
1176 1426 1242 1453 un.
1261 1418 1479 1454 sec.—101
1510 1416 1716 1453 latissimus
1735 1416 1880 1454 Petav.
1899 1427 1964 1466 pr.

152 1470 209 1498 m.
229 1470 316 1497 sec.
360 1462 578 1501 lenissimus
595 1464 696 1502 Vat.
737 1471 874 1514 quart.
909 1461 1218 1505 Tnolos.—102
1246 1467 1405 1513 Lucifer
1423 1469 1586 1507 Bonon.
1615 1469 1770 1516 tingant
1808 1468 1968 1518 Reg.—

155 1514 232 1550 103
261 1512 450 1572 thalamos
466 1515 565 1554 Vat.
587 1527 653 1565 pr.
683 1523 727 1554 et
746 1517 881 1568 quint.
900 1518 1021 1556 Voss.
1051 1530 1115 1567 pr.
1133 1519 1300 1558 OE'holos.
1319 1532 1370 1557 m.
1403 1532 1467 1569 pr.
1499 1520 1567 1558 ed.
1590 1520 1730 1558 Parni.
1765 1529 1804 1558 et
1826 1521 1966 1559 Vicet-

153 1563 336 1603 thalamts
353 1565 436 1604 duo
456 1567 572 1606 Vatt.
589 1568 683 1606 Pal.
708 1569 894 1608 Florent.
909 1569 1009 1609 Jun.
1030 1581 1095 1620 pr.
1112 1571 1194 1609 duo
1216 1570 1357 1609 Oxon.
1380 1572 1484 1611 Cod.
1504 1572 1735 1609 Bai-thulin.
1753 1572 1835 1609 duo
1851 1572 1971 1612 Med.

154 1616 347 1655 thalamus
365 1618 465 1657 Vat.
489 1626 585 1660 tert.
613 1633 698 1659 cum
720 1622 850 1661 Nerea
873 1621 1014 1661 Oxon.
1036 1634 1101 1673 pr.
1133 1623 1304 1662 Nereida
1323 1624 1424 1664 vat.
1443 1630 1581 1674 quart.
1615 1624 1784 1662 Nereida
1807 1625 1970 1672 glaucus

157 1669 363 1720 Neptunus
378 1683 442 1720 gr.
461 1685 492 1711 c.
512 1673 796 1724 Amphitritem
818 1674 957 1713 Oxon.
979 1686 1063 1713 sec.
1094 1676 1265 1715 Nereida
1280 1677 1419 1724 glauco
1437 1677 1643 1726 Neptunus
1658 1688 1720 1724 gr.
1741 1689 1771 1714 c.
1803 1676 1967 1725 Amphi-

154 1723 277 1761 triten
294 1724 393 1766 Vat.
415 1731 553 1776 quart.
580 1727 762 1775 glaucum
782 1731 870 1766 vet.
903 1726 1007 1778 Gyr.
1041 1729 1177 1777 glauco
1198 1728 1263 1766 vel
1286 1729 1475 1768 Glaucum
1494 1729 1735 1778 Reg.—104
1762 1728 1805 1766 in
1820 1728 1968 1777 gremio

156 1774 319 1815 Bonon.
361 1777 640 1827 Amphitr-item
660 1779 847 1818 Florent.
866 1779 968 1820 Jun.
1005 1791 1068 1829 pr.
1103 1780 1253 1819 Petav.
1274 1786 1374 1820 tert.
1418 1781 1682 1831 Amphitriten
1701 1780 1803 1820 Jun.
1831 1791 1970 1820 sec.—

159 1830 234 1866 105
254 1826 428 1875 fulmina
446 1831 569 1870 Voss.
598 1843 682 1870 sec.
701 1831 870 1882 flumina
890 1832 1078 1873 Floreat.
1097 1833 1248 1872 Petav.
1278 1836 1497 1873 see—106
1523 1833 1688 1880 reseram
1710 1844 1785 1883 pro
1816 1844 1970 1872 narrem

988 1940 1029 1979 N
1035 1939 1162 1979 01·AE

214 2031 292 2068 100
321 2029 469 2080 sortis]
515 2031 665 2071 Prima
696 2044 788 2071 sors
808 2036 874 2071 est
900 2032 1036 2083 prima
1102 2032 1203 2070 bulo
1221 2031 1350 2070 boves
1379 2030 1581 2082 appellati
1608 2034 1719 2081 sunt,
1737 2029 1856 2081 quasi
1880 2029 1973 2068 Ter-

161 2100 258 2142 pars
288 2090 565 2142 haereditatis,
594 2104 688 2144 quae
718 2093 818 2134 Jovi
839 2093 1036 2144 contigit,
1102 2093 1333 2144 rione³,hoc
1354 2098 1438 2142 est,
1465 2092 1633 2130 arandae
1664 2096 1790 2130 terrae
1808 2090 1973 2130 idonei:

164 2153 328 2194 Coelum
365 2154 554 2194 scilicet:
600 2154 788 2194 secunda
818 2155 1040 2205 Neptuno,
1106 2160 1151 2194 et
1187 2155 1287 2193 inde
1326 2154 1456 2204 sidus,
1492 2153 1604 2204 quod
1638 2152 1772 2203 figura
1807 2153 1976 2205 situque

160 2227 315 2267 nempe
333 2228 448 2255 mare
465 2230 475 2254 ι
498 2217 628 2256 tertia
646 2216 840 2267 Plutoni,
861 2229 956 2269 quae
973 2222 1039 2257 est

163 2278 280 2328 regio
312 2277 567 2318 inferorum.

218 2343 295 2379 101
325 2339 588 2390 Informesque
620 2340 778 2391 plagas]
822 2339 891 2380 Ibi
929 2339 1038 2379 enim

165 2407 234 2443 est
255 2402 393 2443 Chaos
414 2401 607 2449 informe,
628 2408 756 2455 atque
775 2401 949 2442 foedum.

218 2465 462 2504 Loetissimus
485 2464 671 2515 signifer]
702 2465 930 2514 Zodiacus‚
968 2465 1039 2517 qui

166 2526 220 2566 ob
237 2527 356 2578 signa
387 2527 598 2567 radiantia
618 2532 685 2567 est
706 2527 1040 2578 jucundissimus

164 2595 358 2641 aspectu,
378 2595 423 2629 et
441 2590 537 2629 ideo
558 2590 800 2629 laetissimus
820 2605 831 2639 ;
852 2590 912 2628 sic
944 2590 955 2611 ‘
974 2590 1043 2629 lae-

169 2657 235 2693 tas
264 2651 447 2704 segetes'
475 2653 679 2703 Virgilius
699 2652 932 2702 appellavit
951 2665 960 2691 :
982 2651 1044 2690 di·

169 2713 282 2754 citur
301 2720 441 2753 autem
475 2713 701 2763 Zodiacus‚
729 2712 806 2752 ἀπὸ
829 2716 906 2752 τῶν
924 2712 1046 2764 ζώων,

168 2776 219 2816 ab
238 2776 482 2825 animalibus,
501 2776 612 2827 quod
647 2778 784 2815 omnia
805 2777 896 2827 ejus
916 2777 1048 2828 signa,

171 2844 332 2892 praeter
366 2839 556 2888 Libram,
574 2850 725 2878 nomen
747 2844 897 2890 gerant
917 2840 1045 2879 alicu-

166 2903 237 2954 jus
259 2901 468 2942 animalis.

228 2969 306 3005 102
338 2964 533 3015 Cingunt]
581 2965 806 3016 Apposi‘te,
836 2964 907 3003 hic
935 2963 1047 3003 enim

175 3041 260 3069 una
288 3033 355 3068 est
393 3041 445 3066 ex
479 3028 638 3075 Zonis;
686 3028 806 3066 Zona
841 3031 982 3065 autem
1003 3031 1049 3065 et

177 3093 387 3146 cingulum
409 3101 505 3131 sunt
528 3103 653 3130 {inum
674 3096 719 3130 et
734 3089 1049 3140 idem,3·a'wvvpt,

177 3157 319 3207 cingo,-
346 3154 464 3206 ζώνη,
480 3156 689 3206 cingulum,
706 3167 813 3195 zona.

237 3218 357 3258 Vario
387 3216 602 3269 splendore]
644 3217 756 3259 Quia
790 3216 917 3256 variae
953 3221 1050 3255 sunt

181 3281 335 3321 stellae.
484 3275 494 3285 '

234 3341 421 3394 Triones]
439 3341 508 3382 Ita
535 3341 694 3382 rustico
726 3340 908 3394 quodam
930 3351 1051 3382 voca·

1107 2216 1414 2268 quodammodo
1434 2215 1568 2254 simile
1600 2216 1790 2266 plaustro
1808 2227 1901 2255 esse
1920 2215 1978 2254 vi·

1105 2279 1246 2327 detur,
1279 2278 1741 2328 dictiSeptemtriones
1767 2290 1791 2316 a
1815 2278 1977 2328 junctis

1106 2340 1255 2390 bobus,
1283 2339 1324 2379 id
1358 2345 1440 2390 est,
1474 2352 1499 2378 a
1532 2345 1697 2391 septem
1734 2340 1887 2390 stellis,
1923 2352 1978 2379 ex

1107 2401 1259 2453 quibus
1308 2402 1426 2453 quasi
1459 2401 1600 2451 juncti
1637 2401 1815 2440 Triones
1859 2399 1977 2440 affin-

1109 2469 1276 2514 guntur.
1314 2462 1400 2502 Alii
1420 2463 1591 2502 Triones
1611 2463 1846 2513 appellant,
1866 2462 1979 2514 quod

1110 2531 1196 2565 tres
1228 2526 1369 2566 stellae
1396 2525 1436 2564 in
1468 2525 1548 2565 hoe
1585 2525 1704 2576 signo
1741 2525 1826 2563 sint
1843 2523 1980 2575 figura

1114 2588 1333 2639 triquetra.

1163 2653 1240 2689 103
1274 2649 1492 2699 Thalamis]
1518 2648 1556 2688 A
1576 2649 1756 2688 thalamis
1767 2645 1980 2698 prohibes?

1112 2712 1154 2751 id
1173 2718 1252 2762 est,
1271 2725 1295 2751 a
1316 2712 1539 2764 conjugio?

1165 2777 1242 2813 104
1271 2773 1529 2824 Amphitrite]
1558 2773 1662 2811 Erat
1679 2771 1767 2811 filia
1782 2771 1915 2811 Nerei
1934 2775 1980 2811 et

1111 2836 1315 2886 Doridos,
1336 2848 1428 2887 qnae
1449 2847 1544 2874 cum
1578 2835 1866 2886 virginitatem
1896 2844 1982 2873 ser-

1111 2911 1213 2939 vare
1234 2905 1428 2950 cuperet,
1450 2910 1473 2937 a
1490 2898 1703 2949 Delphine
1723 2901 1983 2948 expugnata,

1111 2962 1316 3012 Neptuno
1349 2960 1507 3011 nupsit,
1527 2966 1571 2999 et
1590 2960 1685 2998 ideo
1707 2959 1897 3009 Delphin
1926 2957 1985 2996 in-

1115 3029 1183 3063 ter
1199 3030 1313 3063 astra
1332 3024 1492 3062 relatus
1509 3028 1586 3062 est.

1169 3089 1245 3125 105
1278 3085 1330 3125 Te
1343 3083 1637 3134 consanguineo]
1684 3083 1735 3122 Id
1766 3088 1845 3133 est,
1869 3082 1982 3123 Juno

1115 3153 1190 3187 tua
1210 3158 1353 3195 soron-3
1381 3158 1476 3186 nam
1504 3146 1800 3198 consanguinei
1828 3143 1980 3192 fratres

1117 3210 1242 3249 etiam
1278 3208 1492 3249 dicuntur.
1537 3207 1623 3247 ‘Et
1655 3205 1982 3257 consanguineus

1118 3274 1214 3315 Leti
1232 3273 1398 3327 Sopor.’
1454 3272 1672 3324 Virgilius.
