2300 3906
892 178 1053 220 mus
1083 177 1370 238 ,senui-un.
1877 173 1985 235 871

179 290 495 359 AspicereS,
521 298 805 361 totumque
831 296 1013 362 palam
1035 297 1345 364 permittere
1372 296 1631 352 Martem.

180 373 306 428 Nec
331 377 533 442 gradus
561 379 808 429 aetatisve
835 380 1008 446 pudor
1031 381 1334 433 senioribus
1356 383 1557 446 obstat,
1875 384 1984 440 200

179 457 269 509 Ne
287 460 478 526 juveni
503 477 693 528 parere
718 464 905 516 velint.
981 465 1101 516 Ceu
1126 463 1350 519 flamine
1371 467 1524 519 molli

176 542 618 612 Tranquillisque
640 545 794 597 fretis
820 547 1043 599 clavum
1066 548 1174 599 sibi
1199 549 1435 616 quisque
1456 550 1751 617 regendum

174 625 466 678 Vindicat:
506 628 784 682 incumbat
806 632 855 682 si
880 630 1128 684 turbidus
1151 630 1369 695 Auster,
1399 638 1456 686 et
1477 635 1630 688 unda

172 707 368 760 Pulset
390 715 674 779 utrumque
698 716 877 767 latus:
914 717 1098 783 posito
1123 717 1415 769 certamine
1436 724 1625 772 nautae

173 790 428 846 Contenti
455 797 674 849 meliore
700 815 882 863 manu,
909 816 1141 868 seseque
1166 804 1448 870 ratemque
1871 803 1983 858 205

174 875 352 928 Unius
377 878 621 944 imperiis
647 884 879 946 tradunt,
907 890 1190 953 artemque
1214 902 1423 953 pavore

171 958 452 1012 confessis
479 962 638 1015 finem
664 968 860 1019 studiis
884 968 1059 1020 fecere
1085 971 1364 1036 procellae.

170 1042 338 1095 Haud
356 1045 511 1097 aliter
537 1047 824 1114 Stilichon,
851 1051 1071 1104 fremuit
1095 1069 1220 1104 cum
1245 1053 1483 1108 Thracia
1503 1055 1635 1108 belli

162 1180 238 1220 etsi
254 1180 434 1226 inferiori
451 1187 567 1224 oetate
585 1189 624 1224 et
642 1186 852 1238 dignitate,
876 1193 915 1228 et
946 1191 1097 1229 credere
1123 1194 1256 1241 aperte
1283 1190 1381 1230 huic
1409 1203 1517 1231 omne
1535 1191 1685 1231 bellum.
1740 1191 1873 1242 Neque
1886 1202 1975 1231 vero

160 1234 337 1283 dignitas
348 1240 385 1274 et
405 1239 632 1277 verecundia
661 1240 706 1277 ob
719 1245 875 1281 <etatem
893 1243 1054 1293 impedit
1080 1246 1262 1292 seniores,
1279 1244 1479 1294 quominus
1507 1244 1630 1284 velint
1648 1243 1799 1283 obedire
1823 1243 1979 1292 juniori

161 1286 398 1328 stilichoni.
457 1291 788 1334 Quemadmodum
807 1296 929 1334 ventis
959 1295 1178 1345 levioribus,
1209 1301 1247 1335 et
1286 1297 1387 1336 mari
1398 1297 1624 1347 placidiore,
1641 1308 1737 1336 unus
1761 1296 1892 1347 uisque
1905 1296 1980 1336 tri·

161 1339 245 1379 buit
257 1341 333 1379 sibi
348 1341 649 1391 gubernaculum
666 1348 964 1386 moderandum.-
995 1353 1040 1386 at
1055 1348 1090 1386 si
1113 1349 1238 1387 Notus
1263 1348 1468 1398 violentus,
1495 1354 1534 1388 et
1555 1348 1706 1399 fluctus
1751 1350 1879 1388 eriant
1903 1350 1978 1388 duo

158 1393 283 1432 latera
315 1395 448 1444 navis,
490 1402 633 1447 nautae,
665 1401 905 1439 contentione
932 1400 1086 1448 omissa,
1121 1401 1291 1440 contenti
1322 1403 1465 1441 dextra
1499 1402 1702 1452 peritiore,
1733 1401 1976 1440 committunt

156 1454 244 1485 sese
255 1450 295 1485 et
307 1459 443 1487 navem
457 1450 642 1498 regimini
660 1453 788 1501 unius,
814 1458 852 1492 et
870 1457 1116 1504 tempestates
1133 1453 1399 1505 imposuerunt
1402 1454 1530 1507 finem
1536 1454 1747 1502 favoribus
1767 1454 1979 1493 hominum

154 1502 443 1550 agnoscentium
460 1501 707 1545 industriam.
763 1505 856 1545 Non
867 1517 973 1545 secus
1001 1506 1182 1559 Stilicho,
1204 1519 1291 1547 cum
1310 1509 1481 1559 procella
1513 1507 1602 1547 belli
1616 1507 1772 1547 Thracii
1789 1507 1974 1559 intonuit,

920 1597 1091 1614 ”OM
1093 1598 1213 1615 00000

155 1652 396 1695 Pan—199
421 1655 626 1708 Aspiceret
642 1658 708 1699 ed.
728 1658 870 1699 Parm.
900 1664 1098 1712 tutumque
1116 1662 1216 1702 Vat.
1235 1665 1339 1700 tert.
1352 1661 1542 1701 Floreat.
1561 1659 1680 1700 Med.
1701 1671 1785 1700 sec.
1803 1659 1976 1699 commit·

155 1710 239 1746 tere
256 1707 406 1748 Ambr.
428 1722 494 1761 pr.
518 1712 748 1762 promittere
765 1713 931 1753 Buslid.
955 1716 1184 1765 permittere
1214 1720 1300 1754 vet.
1321 1714 1428 1766 Gyr.
1464 1714 1562 1753 Vat.
1595 1713 1734 1753 Livin.
1754 1711 1837 1753 duo
1856 1712 1976 1753 Med.

154 1759 240 1801 inc.
260 1761 408 1802 Heius.
430 1763 706 1806 Putxrhuan.
733 1766 818 1805 duo
848 1766 1002 1806 Petav.
1031 1768 1197 1807 Bonon.
1225 1767 1376 1807 Ambr.
1402 1772 1503 1808 tert.
1533 1766 1690 1806 Moret.
1727 1777 1793 1817 pr.
1833 1765 1974 1808 Oxou.

155 1823 243 1854 sec.
285 1815 389 1854 Cod.
422 1817 570 1868 Epigr.
600 1817 750 1858 Ambr.
788 1820 894 1860 Exc.
929 1820 1029 1861 Pat.
1067 1832 1155 1861 rec.
1186 1822 1367 1860 Lucens.
1400 1819 1597 1871 pr.'Var.
1635 1819 1720 1858 LL.
1749 1819 1816 1859 ed.
1846 1818 1976 1859 Antv.

150 1866 329 1915 Martem
349 1870 414 1907 vel
433 1870 475 1909 in
493 1883 620 1910 arcem
642 1872 798 1912 Moret.
819 1876 1020 1923 pr.--200
1048 1875 1142 1913 Non
1168 1873 1315 1913 Ambr.
1340 1885 1405 1924 pr.
1438 1872 1538 1913 Ald.
1567 1871 1717 1912 Sched.
1735 1871 1848 1912 Gud.
1875 1875 1970 1911 oeta-

152 1919 279 1971 tisque
299 1927 387 1961 tres
406 1923 526 1963 Vatt.
547 1925 665 1964 Rott.
689 1924 823 1965 Oisel.
851 1927 1029 1966 aetatisve
1048 1926 1132 1966 duo
1150 1926 1270 1966 Med.
1292 1925 1590 1965 Buslid.—201
1624 1924 1876 1972 Nevejuvent
1893 1933 1973 1975 pro

154 1971 363 2021 Nejuvem·
381 1977 479 2015 Vat.
501 1989 566 2027 pr.
595 1979 684 2016 Neu
704 1978 785 2018 inc.
806 1978 959 2018 Heius.
990 1980 1076 2018 Nec
1096 1979 1332 2019 Pa1.-Rott.
1352 1979 1437 2018 duo
1457 1978 1574 2017 Med.
1595 1978 1694 2016 Put,
1715 1977 1798 2016 duo
1818 1978 1974 2017 Petav.

150 2025 386 2079 Ambr.-p=·.
410 2030 569 2070 Moret.
592 2042 657 2081 pr.
676 2031 839 2071 Buslid.
860 2032 965 2071 Cod.
985 2032 1132 2083 Epigr.
1154 2031 1302 2071 Ambr.
1317 2031 1488 2083 flumine
1507 2030 1606 2069 Vat.
1640 2042 1702 2081 pr.
1721 2030 1813 2069 Pal.
1835 2029 1973 2082 fiami-

147 2089 203 2119 na
220 2079 327 2120 Exe.
349 2080 535 2121 Lucens.
556 2095 621 2134 pr.
640 2082 808 2134 flamine
828 2085 1018 2124 Florent.
1042 2084 1160 2124 Med.
1190 2096 1277 2123 sec.
1311 2085 1395 2123 inc.
1415 2083 1568 2122 Heius.
1593 2084 1693 2122 Put.
1710 2083 1871 2121 Tbuan.
1890 2083 1973 2121 Bo·

151 2143 250 2173 non.
270 2133 354 2173 duo
371 2134 527 2175 Petav.
549 2135 633 2175 duo
653 2136 802 2177 Ambr.
821 2137 978 2177 Moret.
1000 2149 1064 2188 pr.
1085 2138 1225 2177 Oxou.
1244 2148 1330 2176 sec.
1349 2136 1514 2175 Buslid.
1536 2135 1640 2175 Cod.
1661 2135 1807 2196 Epigr.
1823 2133 1974 2196 Ambr-

147 2185 256 2226 Exc.
271 2186 374 2228 Pat.
392 2193 613 2229 rem-202
647 2190 928 2241 Tranquillisve
947 2191 1039 2231 Pal.
1058 2190 1143 2230 duo
1162 2190 1282 2230 Med.
1300 2188 1406 2238 feris
1428 2187 1573 2229 Ambr.
1593 2193 1692 2228 tert.
1723 2187 1798 2227 tibi
1815 2199 1973 2250 quisque

143 2237 442 2281 'ninam-4303
463 2240 665 2282 'incumbat
693 2244 794 2283 vat.
813 2240 952 2284 Livin.
982 2244 1171 2283 incumbit
1189 2242 1290 2282 Ald.
1312 2242 1480 2281 turbinis
1512 2254 1589 2294 pro
1608 2241 1788 2281 turbidus
1806 2240 1970 2280 Buslid.

149 2295 189 2332 et
206 2295 311 2332 unda
329 2293 507 2333 deerant
525 2295 618 2334 haec
640 2296 759 2334 Med.
785 2300 1006 2336 sem—204
1034 2297 1097 2335 Hi
1112 2308 1185 2347 per
1203 2308 1280 2347 pro
1299 2296 1438 2334 Pulset
1455 2295 1623 2334 Buslid.
1651 2297 1763 2333 nutet
1783 2305 1862 2344 pro
1879 2305 1976 2332 nau·

147 2348 202 2384 tae
220 2347 319 2387 Vat.
342 2351 539 2398 [nn—205
574 2348 774 2388 Contentoe
793 2349 876 2388 inc.
905 2349 1056 2388 Heius.
1087 2348 1310 2399 Contempti
1344 2347 1511 2387 Buslid.
1544 2357 1680 2386 munus
1707 2346 1807 2385 Vat.
1823 2357 1888 2397 pr.
1914 2357 1973 2385 se·

146 2411 259 2452 seque
274 2404 498 2451 patremque
514 2402 672 2439 inserto
691 2414 815 2440 versu
834 2405 1059 2453 δεξεμ-206
1083 2401 1207 2441 Unius
1224 2401 1387 2449 imperio
1405 2405 1456 2440 tr.
1471 2404 1549 2439 art.
1567 2411 1708 2451 pavore
1718 2399 1820 2438 Vat.
1838 2410 1903 2450 pr.
1923 2403 1972 2439 et

146 2458 289 2503 quart.
309 2454 462 2493 Petav.
479 2465 542 2504 pr.
572 2453 674 2493 Put.
691 2454 1034 2509 Bonon.‚Moret.
1056 2467 1119 2505 pr.
1139 2455 1237 2494 Vat.
1262 2454 1397 2493 Livin.
1418 2452 1583 2492 Buslid.
1602 2450 1743 2491 Oxou.
1759 2463 1844 2491 sec.
1860 2451 1968 2491 Exc.

146 2504 245 2546 Pat.
262 2512 421 2546 recent.
450 2519 603 2557 seseque
620 2512 773 2557 patrem
798 2507 922 2547 Unius
939 2508 1033 2558 imp.
1052 2508 1213 2548 tradunt
1229 2509 1424 2557 artemque
1437 2517 1579 2557 pavore
1613 2505 1695 2567 inc.
1722 2504 1871 2565 ῌείιιε.
1897 2503 1970 2556 qui

145 2560 306 2598 credunt
326 2571 404 2611 pro
423 2562 585 2599 tradunt
604 2560 795 2611 corrigit,
814 2566 859 2600 et
875 2564 1093 2612 ratemque,
1125 2559 1239 2613 quod
1260 2565 1382 2599 extat
1396 2559 1440 2598 in
1459 2560 1559 2599 Vat.
1581 2558 1722 2597 Livin.
1741 2568 1784 2596 ιιι
1803 2556 1968 2597 duobus

143 2617 290 2652 antem
312 2613 430 2652 Vatt.
451 2614 512 2652 uti
534 2619 577 2652 et
591 2613 684 2653 Pal.
703 2619 747 2653 et
769 2615 885 2654 Rott.
914 2620 959 2653 et
978 2614 1070 2654 aliis
1097 2613 1368 2653 desideratur
1387 2613 1460 2652 ine
1480 2623 1640 2652 versus,
1663 2622 1847 2662 pavorem
1865 2609 1966 2652 Vnt.

145 2670 288 2716 quart.
314 2678 455 2716 pavore
480 2668 596 2706 Rott.
617 2666 751 2706 Oisel.
773 2668 964 2707 Florent.
1000 2672 1088 2707 tres
1123 2666 1241 2706 Med.
1274 2667 1376 2705 Put.
1411 2665 1572 2705 Thuan.
1606 2664 1757 2726 Petnv.
1779 2675 1864 2703 sec.
1882 2661 1967 2703 duo

144 2718 297 2758 Ambr.
317 2719 422 2759 Cod.
445 2721 589 2771 Epigr.
611 2718 757 2760 Ambr.
774 2720 842 2760 ed.
874 2720 1150 2760 parm-20⁷
1185 2719 1381 2768 Confessis
1405 2719 1504 2759 Put.
1535 2716 1711 2766 Confessi
1729 2717 1812 2756 duo
1846 2717 1968 2779 Yapt.

144 2770 241 2816 Pal.
263 2773 382 2811 Rott.
408 2773 543 2812 Oisel.
568 2772 762 2822 Confessoe
780 2774 882 2813 Vat.
899 2786 963 2824 pr.
994 2779 1040 2814 et
1072 2772 1214 2826 quait.
1233 2773 1316 2812 inc.
1345 2772 1495 2812 Heius.
1526 2772 1692 2811 Bonan.
1711 2770 1811 2811 Vat.
1829 2769 1967 2811 hvm-

146 2824 289 2864 Oxon.
312 2838 395 2864 sec.
418 2827 521 2866 Exc.
541 2827 639 2866 Pat.
659 2838 747 2866 rec.
767 2827 870 2866 Var.
891 2828 977 2867 LL.
999 2826 1068 2866 ed.
1098 2826 1231 2866 Αιην.
1255 2826 1399 2865 studiis
1412 2825 1540 2878 finem
1558 2823 1861 2884 Buslid.—298
1877 2820 1968 2870 sre-

144 2877 242 2918 muit
257 2877 400 2918 Stilico
422 2880 521 2920 Vat.
546 2885 681 2931 quart.
710 2880 871 2921 tremuit
889 2881 985 2920 Pal.
1018 2880 1104 2920 duo
1134 2879 1254 2920 Med.
1283 2879 1403 2918 tercia
1422 2878 1541 2918 Med.
1563 2881 1704 2930 quart.
1731 2879 1852 2916 tertia
1869 2874 1965 2916 Pal.

971 2974 1148 3015 NOTAE

201 3056 278 3094 199
309 3055 448 3094 Totum
463 3054 692 3107 permittere
710 3054 902 3106 Martem]
941 3055 1024 3094 To·
1091 3051 1356 3094 tentionibus
1371 3049 1572 3103 regendae
1585 3047 1706 3089 navis
1720 3061 1731 3088 ε
1744 3051 1869 3089 anem
1877 3059 1965 3092 con,-

144 3105 350 3156 tius‘⁴belii
374 3129 520 3157 curam
555 3122 686 3170 atque
721 3120 876 3158 molem
906 3117 1022 3157 Stili-
1079 3116 1312 3166 fessis,'non
1322 3113 1435 3167 quod
1450 3112 1592 3154 studia
1606 3110 1965 3154 confiteantur-ar-

144 3179 269 3220 choni
281 3181 443 3232 juniori
459 3182 785 3231 committebant
805 3181 937 3222 etiam
957 3181 1020 3233 ip·
1087 3178 1282 3229 tem,sed
1297 3177 1408 3230 quod
1423 3175 1613 3217 homines
1627 3173 1802 3215 studiosi
1815 3183 1964 3224 regen-

143 3242 180 3281 si
198 3252 339 3283 senes.
1088 3242 1155 3283 dae
1168 3241 1288 3282 navis
1298 3239 1666 3281 territifateantur
1674 3243 1719 3280 et
1729 3237 1965 3287 agnoscant

196 3309 276 3345 20⁷
304 3306 475 3359 Studiis]
501 3310 602 3348 Tem
609 3313 800 3360 pestates
814 3308 942 3348 fidem
958 3307 1020 3348 fa·
1086 3306 1131 3346 in
1152 3304 1345 3357 periculo
1363 3301 1620 3343 industriam
1635 3299 1715 3341 viri
1733 3295 1962 3367 peritioris.

143 3369 265 3410 ciunt
282 3370 438 3423 studiis,
453 3371 498 3411 id
516 3377 597 3423 est,
618 3371 841 3412 desideriis
861 3376 907 3412 et
921 3383 1020 3412 con·
1139 3371 1220 3409 208
1250 3365 1421 3408 Thracia
1446 3361 1671 3416 tempestas]
1714 3359 1892 3405 Bellum*
1912 3370 1960 3400 m
