2300 3906
357 213 465 269 658
921 227 1017 266 cn.
1057 223 1413 265 anumANr
1454 223 1627 266 xxu.

357 345 666 416 Et'patrios
689 345 835 399 idem
860 345 1090 407 cinereS,
1115 343 1457 412 collectaque
1483 348 1670 413 portat
2070 343 2178 400 415

358 429 649 498 Unguibus
676 446 809 485 ossa
831 429 960 498 piiS‚
990 428 1219 496 Nilique
1246 429 1316 480 ad
1341 430 1521 483 littora
1541 428 1768 481 tendens

359 514 574 567 Unicus
598 519 844 567 extremo
872 513 1115 566 Phoenix
1139 511 1395 580 procedit
1418 513 1489 564 ab
1513 512 1696 578 Eur03
1724 550 1734 554 -

357 598 701 653 Conveniunt
725 598 951 668 aquilae,
978 602 1302 665 cunctaeque
1325 613 1398 649 ex
1423 597 1554 649 orbe
1577 597 1852 660 volucreS‚

359 683 439 736 Ut
462 684 613 737 Solis
638 686 894 737 mirentur
917 699 1107 735 avem:
1146 682 1340 750 procul
1367 682 1530 750 ignea
1550 682 1702 735 lucet

356 766 515 832 Ales,
542 769 758 821 odorati
781 767 1027 820 redolent
1052 768 1143 819 cui
1167 768 1420 819 cinnama
1443 767 1605 818 busti.
2072 761 2181 815 420

358 852 417 905 N
420 869 484 905 ec
507 854 680 905 minor
704 854 759 905 in
785 854 932 905 coelo
962 851 1162 904 chorus
1187 855 1300 904 est:
1341 851 1553 903 exultat
1575 855 1804 915 uterque

356 936 723 999 TheudosiuS,
751 937 993 1002 Divique
1014 935 1112 986 tui.
1186 934 1284 985 Sol
1309 935 1431 999 ipse
1456 931 1738 999 quadrigis

354 1019 502 1071 Vere
527 1019 803 1071 coronatis
828 1018 1050 1084 dignum
1072 1016 1174 1068 tibi
1198 1021 1485 1084 praeparat
1511 1031 1733 1068 annum.

427 1102 528 1156 Est
552 1103 740 1170 ignota
765 1102 975 1169 procul,
997 1103 1305 1169 nostraeque
1328 1101 1596 1169 impervia
1618 1100 1808 1164 menti,

353 1270 461 1310 vovit
478 1268 723 1319 ⁴iuuentutem
755 1279 872 1307 suam
893 1267 1039 1315 funere
1057 1266 1201 1317 feraci,
1231 1269 1271 1307 et
1305 1267 1387 1318 ipse
1410 1266 1498 1315 fert
1529 1265 1722 1316 unguibus
1737 1265 1821 1306 suis
1844 1264 1991 1306 cineres
2015 1264 2183 1319 patrios²

353 1327 394 1363 et
428 1335 512 1362 ossa
551 1325 804 1372 congregata,
841 1324 880 1360 et
911 1321 995 1361 iens
1029 1322 1081 1360 ad
1120 1320 1228 1371 ripas
1260 1320 1363 1370 Nili,
1398 1321 1501 1360 venit
1544 1320 1592 1358 ab
1627 1320 1789 1359 Oriente
1820 1319 1957 1358 ultimo
1969 1332 1985 1365 ;
2020 1319 2180 1370 Aquiloe

352 1374 566 1427 confluunt,
607 1379 646 1414 et
683 1387 772 1414 aves
805 1386 932 1413 omnes
977 1386 1028 1413 ex
1077 1373 1184 1413 Orbe
1228 1373 1441 1424 universo,
1471 1376 1516 1413 ut
1561 1372 1774 1424 suspiciant
1829 1372 2019 1412 volucrem
2063 1372 2184 1413 Solis.

342 1428 453 1470 -Avis
467 1428 653 1480 flammea
679 1428 863 1467 Phoenix
898 1426 1017 1467 micat
1046 1427 1173 1476 longe,
1208 1438 1288 1478 pro
1323 1439 1400 1478 qua
1427 1427 1606 1466 cinnama
1641 1426 1731 1476 rogi
1763 1425 1949 1474 odoriferi
1973 1424 2182 1475 fragrant.

353 1482 490 1533 Neque
517 1494 619 1520 vero
658 1481 851 1530 gaudium
888 1481 1015 1519 minus
1050 1483 1107 1519 est
1151 1479 1193 1518 in
1237 1480 1356 1520 Coelo.
1426 1478 1551 1519 Ambo
1593 1478 1799 1518 Theodosii
1843 1478 2098 1529 triumphant,
2142 1481 2182 1516 et

354 1535 430 1575 Dii
462 1535 652 1587 Majores
685 1534 761 1575 tui.
816 1534 905 1584 Ipse
938 1533 1008 1572 Sol
1039 1532 1150 1583 equis
1181 1532 1377 1574 redimitis
1409 1530 1515 1572 flore
1550 1544 1667 1571 verno
1702 1535 1899 1585 praeparat
1930 1531 2005 1569 tibi
2037 1542 2181 1572 annum

352 1588 547 1629 meritum.
603 1588 755 1627 Parens
783 1586 946 1626 rancida
963 1598 1150 1625 annorum
1166 1589 1225 1624 est
1245 1586 1357 1635 longe
1382 1584 1598 1637 incognita,
1617 1589 1656 1624 et
1680 1584 1872 1624 inaccessa
1890 1583 2030 1623 animis
2047 1583 2181 1640 huma·

1121 1708 1416 1725 “OOO‘OOOOOO

352 1811 474 1853 Med.
503 1811 588 1852 inc.
607 1811 760 1852 Heins.
790 1812 892 1853 Put.
911 1813 1067 1853 Petav.
1101 1825 1187 1854 sec.
1224 1814 1390 1855 Bonon.
1410 1814 1583 1855 Tholos.
1618 1814 1777 1855 Moret.
1809 1826 1895 1856 sec.
1927 1813 2010 1854 duo
2029 1811 2184 1856 Ambr.

352 1866 461 1906 Exc.
481 1866 660 1906 Gevart.
677 1867 876 1908 collectam
891 1865 1043 1906 Ambr.
1077 1879 1140 1918 pr.
1170 1880 1227 1907 m.
1260 1881 1326 1920 pr.
1345 1867 1560 1916 jocundam
1583 1869 1685 1909 Pat.
1704 1870 1808 1908 Var.
1830 1869 1917 1908 LL.
1948 1866 2018 1907 ed.
2046 1865 2181 1909 Antv.

349 1919 437 1962 vita
454 1919 658 1968 ‚iuventam
677 1919 777 1959 Pat.
811 1929 915 1959 more
934 1932 1014 1970 pro
1045 1925 1166 1960 morte
1186 1921 1330 1961 Oxon.
1369 1934 1452 1962 sec.
1485 1934 1542 1962 m.
1574 1925 1793 1963 sem—415
1821 1920 1949 1972 patris
1975 1920 2078 1961 Jun.
2111 1932 2180 1971 pr.

345 1976 510 2023 portans
529 1972 643 2011 Pric.
679 1977 839 2023 portant
857 1974 958 2011 Vat.
979 1978 1119 2024 quart.
1151 1980 1283 2015 servat
1315 1976 1415 2016 vat.
1445 1979 1546 2015 tert.
1578 1988 1635 2016 m.
1665 1978 1868 2026 pr.-416
1896 1974 2057 2014 tendens
2074 1973 2178 2014 Vat.

353 2030 452 2064 tert.
474 2025 567 2064 Pal.
585 2025 709 2064 Farn.
730 2025 846 2064 Prie.
869 2026 991 2065 Rott.
1013 2026 1096 2066 duo
1116 2027 1235 2067 Med.
1255 2029 1417 2068 Thuan.
1433 2029 1462 2073 J
1467 2041 1534 2068 un.
1556 2041 1620 2081 pr.
1642 2033 1728 2069 vet.
1742 2029 1856 2080 Gryr.
1875 2028 1983 2067 Exc.
2002 2027 2182 2070 Lucens.

354 2089 418 2128 pr.
453 2078 521 2118 ed.
540 2077 683 2118 Vicet.
717 2080 874 2119 tandem
906 2085 1089 2130 quatuor
1117 2081 1237 2120 Vatt.
1272 2081 1407 2122 Oisel.
1439 2083 1548 2122 Exc.
1579 2082 1703 2124 Laeti.
1734 2083 1890 2122 tandem
1922 2081 1988 2120 vel
2021 2081 2183 2120 tendens

352 2131 544 2172 Florent.
563 2131 706 2170 oxon.
726 2134 946 2171 sem—417
975 2134 1130 2173 tandem
1157 2135 1334 2184 procedit
1354 2134 1505 2174 Ambr.
1536 2147 1601 2185 pr.
1630 2137 1813 2186 procedat
1834 2134 1969 2176 oisel.
1994 2133 2183 2184 processit

350 2183 453 2222 Vat.
473 2184 607 2235 quint.
636 2183 869 2224 Pat.-419
898 2184 999 2223 ludit
1014 2186 1257 2235 Reg.—420
1271 2187 1427 2229 adorati
1448 2188 1611 2229 Bonon.
1622 2189 1790 2228 Tholos.
1806 2189 1969 2228 redeunt
1984 2187 2082 2227 Pat.
2095 2198 2181 2227 cum

350 2235 529 2276 cinnama
542 2237 660 2276 Med.
672 2242 808 2288 quart.
819 2241 858 2278 et
872 2237 1049 2277 cinnama
1062 2240 1159 2278 Vat.
1173 2252 1236 2290 pr.
1252 2247 1297 2280 et
1311 2240 1490 2281 tert.tibi
1507 2241 1574 2281 vel
1588 2241 1650 2282 cui
1660 2241 1800 2281 Oxon.
1817 2243 2039 2280 sea—421
2054 2239 2182 2279 minus

350 2289 502 2329 Ambr.
524 2294 747 2330 sem—422
771 2290 999 2331 Theodosius
1025 2291 1108 2330 duo
1128 2291 1277 2333 Leidd.
1297 2292 1474 2334 totidem
1496 2294 1635 2334 Oxon.
1653 2294 1681 2334 J
1687 2306 1755 2333 un.
1790 2306 1854 2345 pr.
1883 2294 2076 2332 Florent.
2096 2293 2180 2337 inc.

351 2342 505 2382 Heius.
522 2349 703 2395 quatuor
722 2343 836 2383 Med.
858 2344 959 2383 Put.
981 2344 1085 2393 Reg.
1099 2346 1259 2385 Thuan.
1276 2347 1436 2387 Mazar.
1451 2345 1602 2386 Ambr.
1615 2359 1678 2397 pr.
1696 2352 1781 2386 tres
1799 2347 1953 2386 Petav.
1969 2347 2077 2385 Exc.
2097 2345 2183 2385 Lu-

351 2406 467 2435 cens.
483 2408 546 2446 pr.
560 2396 624 2435 ed.
637 2397 778 2436 vicet.
798 2397 989 2448 Dii-isque
1005 2399 1086 2436 suis
1097 2398 1227 2437 Farn.
1244 2399 1479 2450 Dominique
1495 2400 1743 2451 velDivique
1756 2400 1896 2439 Oxou.
1913 2411 1995 2439 sec.
2011 2399 2179 2441 sollenne

384 2460 431 2487 ro
464 2450 521 2487 sol
548 2449 629 2499 ipse
665 2450 760 2489 Pat.
790 2450 1000 2499 quadrigas
1017 2452 1116 2490 Vat.
1153 2464 1237 2492 sec.
1268 2465 1322 2492 m.
1346 2456 1543 2504 pr.—-423
1571 2457 1775 2492 coronatus
1797 2454 1898 2492 Vat.
1931 2465 1997 2503 pr.
2018 2452 2176 2503 Isingr.

393 2502 674 2552 ulm.Gryph.
695 2502 831 2542 Colin.
860 2504 1052 2542 coronatis
1083 2505 1272 2544 Florent.
1303 2513 1485 2558 quatuor
1515 2506 1633 2546 Med.
1665 2507 1747 2556 inc.
1769 2506 1918 2545 Heius.
1947 2505 2047 2544 Put.
2066 2506 2177 2557 Reg.

347 2555 507 2595 Thuan.
540 2556 701 2595 Mazar.
732 2556 894 2596 Bonon.
932 2556 1029 2597 Pat.
1059 2557 1181 2598 Voss.
1224 2559 1327 2598 Lov.
1364 2559 1522 2598 Moret.
1563 2570 1650 2598 sec.
1698 2560 1788 2598 tres
1820 2557 1965 2599 Ambr.
1995 2558 2178 2600 totidem

349 2606 503 2650 Petav.
522 2607 623 2651 Ald.
642 2610 750 2654 Exc,
780 2609 944 2650 Schott.
975 2609 1152 2652 Gevart.
1182 2611 1365 2655 Lucem.
1397 2624 1460 2666 pr.
1492 2611 1562 2656 ed.
1582 2611 1722 2656 Vicet.
1746 2616 1931 2667 properat
1948 2610 2094 2653 Vicet.
2129 2618 2177 2656 et

1173 2729 1353 2774 NOTAE

400 2851 482 2888 419
508 2848 612 2890 Solis
638 2848 767 2900 avem]
804 2850 1053 2891 Phoen'icem
1092 2851 1231 2891 instar
1296 2852 1509 2893 cineribus
1529 2862 1629 2893 mox
1649 2852 1732 2892 alia
1749 2852 1939 2892 nascitur
1956 2850 2058 2890 avis.
2103 2851 2176 2891 De

346 2910 455 2962 Solis
475 2917 698 2963 aeternum,
718 2916 783 2953 vel
804 2913 902 2969 quia
928 2914 982 2954 ad
1008 2914 1148 2954 Solem
1180 2927 1226 2954 se
1296 2916 1499 2956 Phoenice
1519 2928 1691 2967 agemus
1719 2915 1852 2955 fusius
1883 2914 1926 2953 in
1946 2911 2179 2954 Claudiani

350 2976 582 3018 comburit.
1293 2980 1430 3020 nostri
1462 2981 1606 3031 Eidyl.
1634 2991 1665 3020 ι.

401 3039 546 3091 Ignea]
589 3040 695 3080 Avis
734 3054 787 3081 ex
820 3045 919 3092 igne
956 3048 1072 3095 nata,
1102 3049 1146 3084 et
1170 3056 1225 3089 ex
1344 3046 1424 3082 422
1452 3043 1623 3093 Diuique
1642 3042 1722 3093 tui]
1752 3041 1945 3093 Majores
1973 3039 2037 3081 tui
2057 3040 2173 3080 inter

345 3099 472 3143 busto
505 3105 804 3157 cineribusque
824 3107 991 3157 patriis.
1293 3106 1407 3145 Deos
1432 3106 1584 3154 relati3
1604 3106 1672 3144 vel
1701 3105 1824 3145 ambo
1843 3103 2086 3154 Theodosii,
2100 3103 2175 3160 qui

398 3168 479 3206 420
510 3166 719 3217 cinnama]
750 3168 835 3206 Pro
855 3180 938 3220 qua
970 3180 1047 3208 ave
1079 3168 1222 3210 cinna·
1292 3173 1389 3207 sunt
1406 3167 1480 3206 Dii
1501 3167 1579 3214 tui,
1597 3178 1672 3205 seu
1692 3178 1717 3204 a
1735 3171 1779 3204 te
1798 3166 1920 3205 culti.
1967 3165 2171 3217 Legimus

344 3227 416 3269 ma
433 3235 478 3268 et
497 3229 611 3280 ligna
629 3228 845 3269 odorifera
863 3229 1073 3282 fragrant,
1091 3232 1154 3271 his
1171 3231 1226 3271 si·
1292 3229 1335 3268 in
1355 3228 1611 3278 Anthologia
1637 3226 1854 3267 Θεοδόσιον.

345 3286 515 3343 quidem
537 3292 747 3341 collectis,
774 3299 818 3332 et
853 3293 894 3331 in
925 3306 1026 3333 saxo
1047 3293 1225 3344 disposi-
1346 3294 1427 3330 424
1458 3291 1615 3330 Nostroe
1650 3291 1790 3343 menti]
1817 3291 2032 3343 Impervia
2057 3303 2175 3335 men-

345 3353 421 3404 tiz,
435 3359 574 3394 rostro
591 3354 734 3406 ignem
754 3355 915 3395 excitat
937 3356 990 3395 ad
1009 3357 1168 3407 Solem,
1182 3361 1228 3396 et
1295 3353 1410 3394 tibus
1441 3354 1618 3393 aliorum
1646 3354 1877 3403 hominum,
1908 3366 1995 3395 non
2023 3353 2172 3408 poeta·

344 3415 530 3471 seipsam
559 3417 662 3471 igne
694 3429 943 3460 consumere
973 3418 1149 3473 dicitur,
1172 3431 1228 3461 ex
1295 3428 1389 3460 rum
1409 3416 1482 3472 qui
1502 3415 1705 3463 divinitus
1723 3414 1857 3459 afflati
1874 3421 1987 3459 sunt·
2166 3410 2169 3413 ”
