2300 3906
333 194 446 249 854
894 208 989 248 οι..
1028 204 1382 247 cLAumANl
1424 203 1616 243 xxix.

343 327 590 381 Stamina
612 332 890 381 nocturnae
914 325 1160 389 relegens
1184 323 1412 375 solertia
1432 324 1595 389 telae3

341 411 471 464 Non
496 420 677 464 tamen
705 410 981 462 audebunt
1006 408 1182 460 titulis
1210 411 1420 459 certare
1446 408 1689 460 Serenae.

341 495 510 560 Quod
537 497 584 545 si
613 495 872 545 nobilitas
900 492 1118 544 cunctis
1145 490 1380 542 exordia
1403 491 1594 558 pandit

342 578 667 643 Laudibus3
707 584 877 647 atque
906 593 1095 628 omues
1120 577 1349 627 redeunt
1372 575 1427 626 in
1455 577 1663 628 semina
1689 592 1899 636 causae,
2096 573 2168 628 35

343 661 490 726 Quis
511 663 868 714 venerabilior
895 663 1142 729 sanguiS‚
1171 676 1300 728 quae
1326 659 1503 728 major
1529 661 1701 726 origo,

345 746 529 810 Quam
553 748 769 813 regalis,
796 747 934 799 erit‘l
974 746 1103 798 Non
1127 747 1233 797 hoc
1259 745 1479 813 privata
1505 744 1703 797 dedere

342 830 576 894 Limina,
604 848 707 883 nec
733 836 948 883 tantum
973 834 1191 897 poterat
1215 829 1527 893 contingere
1551 844 1752 879 numen

342 913 611 981 Augustis
639 915 868 967 laribuS.
943 915 1156 966 Patruo
1181 918 1233 965 te
1259 912 1521 980 Principe
1545 913 1749 965 celsam

345 999 692 1066 Bellipotens
720 999 956 1051 illustrat
979 1014 1138 1061 avuS‚
1166 999 1260 1065 qui
1287 998 1444 1064 signa
1464 997 1733 1050 Britanno
2100 997 2173 1049 40

343 1082 535 1135 Intulit
563 1083 812 1147 OceaiiO,
841 1083 1176 1151 Gaetulaque
1200 1083 1406 1158 repulit
1430 1098 1599 1135 arma.

1254 1190 1287 1221 Q,

344 1243 515 1295 decipiat
557 1243 794 1284 insanientes
801 1257 815 1290 ,·
858 1256 933 1283 non
965 1248 1095 1284 tamen
1133 1243 1330 1284 audebunt
1361 1243 1590 1283 contendere
1619 1253 1705 1282 cum
1737 1241 1885 1282 Serena
1922 1241 1970 1280 de
1999 1240 2175 1281 omnibus

343 1297 510 1336 dotibus.
571 1298 683 1342 Quod
700 1299 734 1336 si
755 1298 936 1337 nobilitas
953 1299 1081 1349 aperit
1099 1298 1216 1337 initia
1235 1297 1370 1346 elogiis
1401 1296 1588 1346 omnibus,
1619 1300 1656 1335 et
1688 1295 1724 1334 si
1752 1307 1816 1334 res
1831 1307 1959 1334 omnes
1975 1299 2176 1334 revertun-

345 1355 412 1388 tur
442 1351 485 1389 in
516 1364 586 1390 sua
615 1351 827 1402 principia,
856 1365 940 1402 quoe
969 1364 1067 1400 gens
1100 1349 1382 1402 spectabilior?
1430 1350 1528 1394 Quis
1557 1353 1668 1389 ortus
1699 1349 1898 1387 sublimior
1931 1348 2023 1397 erit,
2059 1360 2175 1398 quam

346 1404 628 1454 Imperatoriae}
641 1403 660 1443 ’.ἶ
704 1406 853 1443 Domus
877 1405 1038 1455 privata
1058 1417 1130 1443 non
1162 1403 1286 1443 edidit
1304 1404 1402 1442 hanc
1435 1404 1563 1442 Deam
1589 1402 1786 1451 Serenam,
1816 1414 1936 1452 neque
1955 1402 2044 1441 Dea
2063 1405 2177 1441 tauta

341 1461 494 1507 poterat
515 1458 604 1507 dari
623 1459 755 1497 domui
770 1470 918 1508 parvoe.
974 1458 1084 1497 Avus
1103 1463 1200 1496 tuns
1222 1457 1422 1495 bellicosus
1440 1455 1703 1494 Theodosius
1723 1459 1889 1493 exornat
1908 1459 1946 1494 te
1963 1455 2177 1504 gloriosam

339 1514 483 1560 patruo
512 1510 751 1561 Imperatore
768 1510 1011 1550 Theodosio
1031 1511 1210 1560 Magno,
1238 1510 1304 1559 qui
1325 1520 1429 1547 avus
1449 1507 1568 1546 duxit
1594 1507 1697 1546 acies
1721 1507 1764 1544 in
1794 1507 1992 1546 Oceanum
2010 1508 2178 1547 Britan·

1116 1614 1163 1628 N
1168 1612 1407 1628 OOOOOOOOO

331 1701 426 1740 ,ριό
442 1702 577 1741 procos
595 1688 743 1730 Ambr.
775 1693 878 1730 tert.
903 1688 1179 1729 Rasum—32
1209 1687 1388 1726 Stamina
1407 1686 1596 1726 Florent.
1617 1685 1702 1726 duo
1730 1685 1852 1726 Med.
1883 1686 1987 1725 Put.
2015 1686 2180 1727 Thuan.

345 1742 432 1781 duo
463 1743 614 1782 Petav.
644 1744 807 1782 Bonon.
840 1744 944 1782 Exc.
981 1743 1079 1781 Pat.
1111 1753 1194 1781 rec.
1223 1747 1268 1780 et
1304 1741 1408 1781 Luc.
1430 1751 1496 1791 pr.
1542 1740 1718 1780 sollertia
1742 1740 1843 1780 Vat.
1874 1751 1940 1791 ρι’.
1961 1739 2061 1779 Pnt.
2080 1740 2181 1780 Vat-

346 1796 484 1835 Livin.
513 1797 729 1835 certissima
748 1798 847 1836 Vat.
882 1801 981 1836 tert.
1019 1796 1211 1835 Florent-
1249 1794 1368 1834 Med.
1405 1806 1491 1833 sec.
1529 1794 1635 1833 Exc.
1656 1794 1755 1834 Pat.
1776 1806 1865 1833 rec.
1895 1805 1951 1833 m.
1980 1805 2046 1844 pr.
2080 1792 2181 1833 Ald.

344 1849 509 1888 Laertia
527 1851 628 1890 Vat.
663 1862 749 1889 sec,
784 1850 878 1889 Pal.
902 1850 986 1888 duo
1005 1849 1125 1889 Med.
1158 1849 1241 1888 inc.
1262 1847 1416 1887 Heins.
1445 1847 1607 1887 Thnan.
1632 1846 1718 1887 duo
1739 1847 1891 1887 Petav.
1925 1847 2008 1886 duo
2027 1845 2180 1887 Ambr.

345 1903 508 1942 Moret.
541 1915 608 1953 pr.
632 1903 774 1942 Oxou.
793 1916 878 1943 sec.
913 1902 1017 1942 Cod.
1039 1902 1188 1954 Epigr.
1222 1901 1369 1941 Ambr.
1391 1906 1435 1940 et
1455 1900 1597 1940 Ursin.
1617 1901 1723 1941 Exc.
1745 1901 1924 1940 Luce-ns.
1944 1912 2008 1952 pr.
2025 1899 2181 1941 Sched.

347 1956 461 1996 Gud.
482 1957 583 1996 Var.
603 1958 687 1997 LL.
704 1958 772 1996 ed.
792 1956 927 1996 Antv.
956 1957 1137 1995 laxantia
1152 1955 1319 1995 Buslid.
1347 1955 1565 1995 certissima
1587 1956 1655 1994 vel
1675 1954 1840 1994 Laertia
1861 1955 2093 1994 Rott.—33
2113 1966 2183 1993 au·
2256 1978 2265 1991 ι

346 2018 488 2058 debant
511 2020 645 2060 Oisel.
690 2032 844 2059 servare
863 2031 943 2071 pro
962 2023 1115 2059 certare
1142 2020 1243 2058 Vat.
1264 2022 1436 2070 pr.—34
1469 2021 1507 2065 Q
1536 2032 1615 2071 pro
1639 2020 1753 2065 Quod
1771 2021 1872 2059 Vat.
1896 2023 1993 2058 tert.
2030 2017 2185 2067 junctis

344 2072 505 2111 Thuan.
601 2073 689 2112 ndis
707 2074 814 2112 Exc.
835 2074 937 2112 Pat.
959 2076 1156 2111 rem—35
1185 2073 1329 2112 semine
1348 2074 1447 2113 vat.
1469 2077 1668 2112 sem—86
1695 2073 1826 2122 imago
1848 2084 1926 2122 pro
1945 2073 2055 2120 origo
2075 2071 2184 2112 Cod.

345 2125 497 2177 Epigr.
573 2127 789 2165 mma—37
814 2119 895 2165 iton
915 2130 953 2164 te
974 2126 1074 2164 Vat.
1104 2138 1170 2176 pr.
1217 2137 1286 2164 nec
1303 2131 1342 2165 te
1364 2127 1458 2166 Pal.
1479 2126 1564 2165 duo
1583 2127 1704 2165 Med.
1744 2138 1819 2164 non
1849 2125 1931 2164 hoec
1949 2125 2048 2164 Vat.
2080 2129 2181 2164 tert.

345 2176 497 2218 Ambr.
519 2191 583 2229 pr.
616 2180 772 2218 Moret.
793 2191 858 2230 pr.
880 2179 1021 2219 Oxou.
1042 2191 1128 2218 sec.
1152 2179 1260 2217 Exc.
1279 2179 1377 2218 Pat.
1400 2191 1486 2218 rec.
1528 2191 1603 2218 nou
1619 2180 1682 2218 hic
1701 2178 1854 2218 Sched.
1876 2178 1990 2218 Gud.
2018 2190 2095 2216 non
2112 2178 2184 2218 hoc

346 2231 467 2270 Med.
488 2244 571 2271 sec.
593 2233 678 2271 inc.
700 2232 855 2272 Heins.
876 2232 978 2272 Pnt.
1006 2232 1173 2271 Thuan.
1194 2232 1279 2270 duo
1299 2233 1452 2271 Petav.
1479 2233 1643 2271 Bonon.
1665 2231 1812 2271 Ambr.
1834 2237 1936 2271 tert.
1967 2236 2052 2270 vet.
2072 2231 2181 2282 Gyr.

346 2284 511 2323 Buslid.
535 2286 640 2324 Cod.
662 2286 811 2336 Epigr.
834 2285 985 2325 Ambr.
1008 2286 1112 2325 Exc.
1135 2286 1317 2324 Lucens.
1339 2298 1404 2336 pr.
1425 2287 1529 2324 Var.
1556 2287 1641 2325 LL.
1658 2285 1724 2324 ed.
1747 2284 1986 2325 Antv.——38
2015 2285 2184 2324 Lumina

346 2337 443 2377 Pal.
465 2339 549 2377 dno
570 2340 692 2379 Med.
713 2340 877 2378 Bonon.
908 2338 1057 2377 Ambr.
1087 2350 1152 2389 pr.
1174 2350 1228 2377 m.
1260 2350 1327 2388 pr.
1356 2339 1514 2378 Moret.
1535 2350 1599 2389 pr.
1621 2338 1762 2378 Oxon.
1784 2350 1869 2378 sec.
1889 2337 2053 2377 Buslid.
2074 2337 2182 2377 Cod.

345 2390 497 2441 Epigr.
517 2390 667 2431 Ambr.
695 2404 772 2431 non
789 2395 941 2431 tantum
964 2393 1055 2431 Pal.
1094 2394 1249 2441 poterat
1269 2392 1372 2431 Exc.
1399 2393 1578 2432 Lucens.
1602 2403 1665 2443 pr.
1703 2391 1832 2443 potuit
1851 2391 1951 2432 Vat.
1969 2396 2070 2431 tert.
2090 2391 2185 2433 Pal.

347 2444 468 2484 Rott.
489 2444 623 2485 Oisel.
645 2446 833 2487 Florent.
854 2450 943 2484 tres
963 2445 1084 2485 Med.
1106 2445 1257 2484 Ambr.
1291 2457 1355 2496 ρι’.
1384 2446 1538 2485 Petav.
1568 2457 1653 2485 sec.
1685 2445 1862 2493 Buslid„
1886 2444 2043 2485 Sched.
2065 2444 2182 2485 Gud.

345 2497 579 2548 conjungere
607 2498 726 2539 Med.
747 2511 813 2550 pr.
841 2511 981 2538 numen
1000 2497 1149 2539 Ambr.
1169 2503 1269 2538 tert.
1307 2511 1445 2539 nomen
1463 2505 1553 2539 tres
1579 2500 1701 2540 Vatt.
1721 2499 1819 2538 Pal.
1841 2499 1960 2539 Rott.
1993 2498 2186 2539 Gisch—

348 2553 402 2590 89
429 2551 622 2602 Augustis
638 2552 758 2593 Med.
786 2565 851 2603 pr.
873 2553 1036 2592 Bonon.
1056 2553 1139 2592 inc.
1169 2553 1318 2592 Heins.
1356 2565 1476 2604 parvo
1496 2564 1574 2605 pro
1593 2559 1735 2605 patruo
1754 2553 1945 2592 Florent.
1963 2551 2100 2603 Med„
2116 2563 2183 2604 pr.

348 2604 513 2644 Thuan.
536 2605 684 2645 Ambr.
706 2619 770 2658 pr.
791 2606 945 2647 Petav.
963 2618 1050 2646 sec.
1073 2607 1177 2647 Exc.
1196 2607 1379 2646 Lucens.
1397 2619 1461 2657 pr.
1485 2619 1611 2657 parva
1630 2613 1718 2647 vet.
1740 2606 1847 2658 Gyr.
1871 2607 2004 2657 patrio
2022 2605 2182 2645 Moret.

347 2669 415 2709 pr.
464 2659 601 2710 stipite
621 2671 699 2711 pro
719 2660 908 2711 Principe
932 2661 1038 2699 Exc.
1062 2661 1161 2700 Pat.
1184 2672 1271 2699 rec.
1319 2672 1455 2699 nomen
1476 2672 1553 2712 pro
1587 2662 1727 2699 celsam
1758 2661 1945 2701 Florent.
1977 2658 2098 2699 Med.
2121 2670 2186 2711 pr.

346 2711 515 2751 Thuan.
534 2713 686 2753 Petav.
713 2725 799 2752 sec.
822 2713 974 2753 Ambr.
996 2726 1062 2766 pr.
1088 2714 1193 2754 Cod.
1214 2714 1362 2765 Epigr.
1395 2712 1543 2753 Ambr.
1577 2715 1683 2754 Exc.
1715 2715 1898 2753 Lucens.
1930 2724 1997 2765 pr.
2030 2710 2184 2753 Sched.

350 2763 466 2806 Gud.
496 2779 638 2807 numen
658 2779 736 2818 pro
754 2769 892 2807 celsam
911 2767 1014 2807 Vat.
1032 2773 1132 2807 tert.
1172 2767 1296 2806 deest
1315 2767 1382 2807 hic
1409 2779 1555 2806 versus
1582 2769 1683 2807 Vat.
1720 2779 1807 2807 sec.
1839 2766 2004 2806 anlid.
2034 2765 2184 2806 Ambr.

350 2822 455 2858 tert.
484 2819 586 2860 item
606 2821 727 2861 Med.
747 2826 850 2861 tert.
877 2827 923 2861 et
951 2824 1202 2873 quam—40
1229 2825 1373 2871 stagna
1395 2832 1472 2872 pro
1490 2822 1606 2872 signa
1625 2821 1897 2861 Buslid.—4l
1931 2819 2082 2860 Goetuli
2100 2817 2184 2858 dno

349 2870 472 2914 Vatt.
493 2873 620 2915 Rott.
639 2874 778 2915 Oisel.
797 2875 990 2916 Florent.
1019 2874 1139 2916 Med.
1157 2887 1222 2926 pr.
1241 2874 1412 2915 Timan.
1433 2874 1587 2915 Petav.
1607 2887 1694 2916 sec.
1723 2874 1874 2934 Ambr.
1893 2878 1992 2915 tert.
2015 2871 2182 2912 Buslid.

352 3091 491 3145 iopes,
524 3093 742 3147 ipsiusque
775 3095 999 3148 pudicitiae
1029 3096 1236 3136 honorem
1305 3107 1423 3135 snam
1444 3093 1651 3145 originem
1682 3092 1942 3142 redundant,
1971 3092 2015 3131 in
2044 3092 2183 3143 ipsam

354 3155 601 3196 conciliant.
1300 3158 1471 3205 scilicet
1491 3156 1775 3207 nobilitatem,
1805 3169 1900 3209 quae
1920 3157 1994 3196 dat
2014 3156 2183 3199 initium

410 3221 462 3258 ³3
488 3218 651 3271 Tituli-s]
671 3219 937 3273 Nobilitatis‚
955 3220 1141 3274 lionoris,
1157 3221 1236 3261 vir·
1302 3220 1510 3261 laudibus.

357 3280 478 3322 tutis.
1355 3287 1409 3323 40
1438 3283 1567 3334 Signa
1582 3283 1798 3334 Britanno]
1825 3283 1963 3335 Supra
1980 3283 2060 3324 hoc
2080 3281 2183 3324 vidi-

411 3348 462 3384 35
511 3345 666 3398 Causoe]
721 3346 944 3387 Virtutum
975 3347 1234 3399 laudumque
1303 3358 1398 3387 mus
1418 3345 1473 3386 de
1492 3345 1735 3387 Theodosio
1748 3345 1933 3387 seniore.

358 3418 499 3449 causoe
529 3408 712 3450 redeunt
744 3410 789 3450 iu
822 3421 899 3451 sua
930 3410 1156 3464 principia,
1190 3410 1234 3450 in
