2300 3906
602 223 844 267 RAPTUS
883 229 1175 274 Pnosssm’.
1215 233 1336 274 mn.
1376 236 1440 276 11.
1822 229 1932 282 947

115 334 362 401 Fecerat,
388 341 445 391 et
468 340 688 406 pariter,
714 343 888 399 forma
913 349 1008 400 sed
1033 349 1272 418 dispare,
1299 353 1530 418 Lunam,

113 417 347 473 Aurorae
369 423 659 490 noctisque
683 424 884 482 duces:
924 434 1199 487 cunabula
1222 435 1437 505 Tethys

113 501 354 566 Praebet,
381 510 435 557 et
454 505 694 559 infantes
719 513 922 576 gremio
949 515 1154 568 solatur
1173 519 1415 582 anhelos,

113 583 511 656 Coeruleusque
538 592 688 643 sinus
712 597 888 648 roseis
918 598 1162 651 radiatur
1182 601 1436 654 alumnis.

112 666 426 723 Invalidum
455 672 643 727 dextro
668 684 854 744 portat
877 677 1078 734 Titana
1101 684 1327 748 lacert0‚

111 750 381 804 Nondum
404 756 526 808 luce
550 774 784 824 gravem,
810 779 914 815 nec
939 766 1361 832 pubescentibus
1387 769 1499 822 alte

111 834 407 889 Cristatum
434 840 636 894 radiis:
674 846 849 912 primo
877 847 1196 902 clementior
1220 867 1344 902 aevo

109 917 379 986 Fingitur,
407 926 461 974 et
485 927 720 978 tenerum
739 930 927 995 vagitu
953 931 1171 1001 despuit
1196 934 1399 1001 ignem.

108 1001 284 1055 Laeva
305 1009 464 1072 parte
492 1023 645 1060 soror
670 1012 831 1064 vitrei
853 1013 1118 1067 libamina
1141 1023 1302 1085 potat

107 1084 328 1150 UberiS,
355 1094 408 1141 et
433 1105 607 1156 parvo
633 1094 874 1160 signatur
899 1100 1148 1166 tempora
1174 1116 1359 1154 cornu.

102 1234 398 1292 nascentem-ex
425 1233 570 1273 semine
590 1235 842 1287 Hyperionis,
873 1243 913 1278 et
931 1239 1083 1279 Lunum
1100 1241 1297 1293 similiter,
1324 1243 1390 1281 sed
1408 1242 1550 1295 figura
1576 1244 1754 1285 dissimili
1767 1259 1782 1292 ‚⁰
1807 1250 1925 1287 astra

100 1284 396 1346 ducentmflzem
411 1290 449 1345 et
469 1292 637 1326 noctem.-
655 1301 762 1328 mare
779 1292 848 1330 dat
858 1303 975 1331 cunas
991 1297 1030 1332 et
1047 1299 1197 1333 recreat
1211 1294 1254 1333 in
1266 1295 1415 1343 gremio
1425 1307 1512 1345 εοε,
1525 1297 1667 1336 Solem
1685 1303 1731 1338 et
1749 1299 1926 1351 Lunam,

98 1347 238 1384 pueros
257 1348 327 1376 vix
345 1342 604 1388 respzrantes:
632 1353 677 1378 uc
690 1342 799 1380 sinus
814 1343 896 1391 ejus
913 1345 1101 1384 coeruleus
1117 1346 1343 1385 illustratur
1357 1348 1522 1386 alumnis
1535 1349 1720 1398 pulchris.
1758 1351 1920 1402 Tethys

91 1387 181 1435 fert
210 1387 338 1429 Solem
362 1389 518 1431 brachio
559 1393 698 1431 dextro
726 1395 894 1434 nondum
935 1397 1140 1444 valentem,
1170 1399 1336 1436 nondum
1366 1399 1642 1439 incommodum
1683 1402 1820 1451 calore,
1856 1415 1926 1442 nee

46 1482 50 1486 ,
100 1445 291 1481 comatum
308 1442 433 1482 radiis
441 1443 692 1492 fulgentibus
707 1445 831 1495 longe.
858 1447 939 1487 Ille
956 1449 1030 1487 Sol
1050 1449 1275 1499 depingitur
1293 1450 1415 1490 leuior
1428 1453 1556 1501 primu
1571 1456 1703 1501 mate,
1717 1458 1756 1492 et
1774 1456 1928 1505 despuit

101 1494 240 1546 vagitu
256 1494 614 1557 purvusflummus:
630 1509 741 1536 soror
768 1499 862 1549 ejus
880 1499 991 1540 Solis
1005 1503 1046 1539 in
1059 1501 1215 1540 brachio
1227 1503 1386 1541 sinistro
1398 1504 1583 1555 Tethyos
1596 1507 1706 1555 sugit
1734 1506 1929 1547 humorem

100 1559 277 1589 mama
292 1551 444 1599 vitrea,
460 1552 500 1589 et
517 1552 691 1601 tempora
706 1551 961 1602 designantur
977 1565 1094 1593 cornu
1108 1566 1243 1604 parvo.
1284 1555 1544 1607 Proserpina
1558 1561 1719 1596 ornatur
1735 1564 1928 1609 apparatu

865 1643 889 1659 O
893 1644 1036 1660 “CO“
1040 1644 1085 1660 00
1089 1645 1161 1660 ‘O‘

97 1701 200 1746 lun.
219 1706 391 1753 pr.—.⁴5
421 1707 460 1743 et
485 1704 638 1755 pariter
657 1704 798 1748 Oxon.
813 1717 880 1756 pr.
923 1708 1039 1756 atque
1055 1718 1190 1756 parem
1208 1705 1303 1747 Pal.
1324 1706 1406 1746 duo
1423 1705 1542 1747 Med.
1580 1707 1713 1755 forma
1731 1710 1800 1749 sed
1817 1710 1918 1751 Vat.

100 1761 202 1796 tert.
220 1761 265 1796 et
280 1755 323 1796 d.
343 1756 438 1797 Pal.
465 1758 656 1798 Florent.
690 1758 777 1798 duo
809 1756 929 1799 Med.
961 1757 1111 1798 Heius.
1135 1759 1194 1799 H.
1215 1759 1317 1798 Put.
1340 1760 1447 1810 Reg.
1466 1761 1629 1799 Bonon.
1648 1761 1814 1802 Tholos.
1836 1768 1922 1803 tres

98 1809 250 1850 Petav.
271 1809 375 1850 Exc.
393 1810 544 1850 PetaV.
564 1815 702 1863 quart.
746 1812 814 1851 sed
830 1811 963 1859 forma
994 1822 1069 1850 sex
1101 1812 1183 1851 aiii,
1231 1812 1381 1851 Lunam
1407 1814 1474 1852 sed
1506 1814 1661 1864 dispare
1679 1814 1812 1862 forma
1833 1821 1919 1855 tres

98 1863 220 1905 Vatt.
241 1862 347 1904 Cod.
369 1863 606 1904 Bartholin.
637 1863 774 1912 forma
802 1866 870 1904 sed
900 1865 1055 1915 dispare
1086 1865 1155 1904 vel
1185 1866 1253 1904 sed
1275 1864 1410 1912 forma
1441 1865 1595 1916 dispare
1623 1867 1762 1906 Oxon.
1795 1879 1920 1918 pr.—

40 1950 45 1952 .
97 1918 153 1956 46
178 1916 284 1957 vices
298 1928 376 1968 pro
393 1918 508 1956 duces
525 1918 624 1957 Vat.
659 1929 723 1969 pr.
756 1917 861 1957 Cod.
893 1917 1131 1958 Bartholin.
1159 1915 1310 1957 Ambr.
1341 1922 1440 1958 tert.
1460 1919 1645 1959 chartac.
1665 1920 1815 1960 Heius.
1834 1921 1919 1962 vid.

68 2004 72 2007 .
99 1968 248 2014 Ouzel.
266 1970 309 2009 in
329 1970 495 2011 Minue.

528 1983 571 2022 p.
598 1973 664 2011 71.
707 1969 867 2010 Auson.
887 1969 1014 2021 Idyll.
1031 1982 1073 2009 v,
1092 1970 1322 2011 Scholiast.
1340 1971 1447 2011 Stat.
1465 1983 1508 2021 p.
1527 1974 1728 2011 621.—47
1748 1973 1922 2013 alumnos

95 2029 179 2072 pro,
193 2022 350 2062 anhelos
365 2023 523 2063 Petav.
547 2035 636 2063 sec.
682 2023 779 2063 anili
798 2023 991 2064 chartac.
1011 2023 1271 2063 Heins.—48
1302 2024 1558 2075 Coeruleisque
1576 2024 1792 2075 Reg.—50
1821 2026 1922 2065 Nec-

95 2075 189 2116 dum
207 2075 398 2116 Florent.
425 2088 502 2115 mm
515 2076 810 2127 pubescentibus
829 2076 970 2116 Oxon.
989 2087 1055 2126 pr.
1101 2088 1179 2115 aere
1197 2088 1272 2126 pro
1291 2077 1370 2115 alte
1387 2078 1488 2116 Vat.
1504 2076 1641 2127 quint.
1683 2078 1795 2116 annis
1812 2078 1838 2118 J
1845 2090 1916 2118 un.

49 2155 51 2158 -
95 2131 290 2170 sem-51
323 2129 542 2168 Cristurum
562 2129 717 2170 Petav.
732 2141 818 2168 sec.
845 2129 923 2168 imo
939 2128 1160 2168 clementior
1179 2128 1280 2168 Vat.
1302 2132 1475 2179 plu—52
1504 2129 1693 2177 Pingitur
1709 2130 1832 2168 Voss.
1855 2141 1919 2180 pr.

38 2214 43 2220 .
96 2179 196 2221 Juu.
215 2192 302 2221 sec.
350 2181 542 2231 Pingitur
567 2183 637 2221 vel
663 2182 856 2231 Pingitur
889 2182 1031 2221 Oxon.
1061 2192 1145 2221 sec.
1186 2184 1315 2220 tenero
1336 2180 1419 2220 duo
1438 2182 1558 2221 Vatt.
1603 2182 1651 2220 de
1665 2185 1819 2231 pectore
1840 2193 1916 2231 pro

94 2233 234 2287 uagitu
251 2233 405 2274 Petav.
424 2245 511 2274 sec.
552 2235 700 2285 dispuit
722 2235 866 2274 Oxou.
890 2247 978 2274 sec.
997 2247 1051 2274 m.
1071 2246 1134 2285 pr.
1156 2233 1264 2272 Exc.
1285 2235 1434 2286 Petav.
1455 2238 1594 2284 quart.
1640 2236 1804 2273 destruit
1824 2234 1917 2275 Pul.

97 2285 182 2326 duo
210 2285 330 2326 Med.
359 2286 511 2326 Heius.
532 2286 696 2326 H.—53
722 2290 856 2337 portat
889 2287 995 2325 Vat.
1020 2286 1156 2337 quint.
1193 2285 1289 2325 Pal.
1317 2285 1402 2324 duo
1436 2285 1553 2323 Med.
1594 2285 1741 2325 Petav.
1778 2298 1918 2325 sec.—

97 2343 150 2381 54
175 2339 358 2390 signatur
372 2339 470 2379 Vat.
487 2343 589 2379 tert.
610 2339 801 2378 Florent.
818 2338 975 2379 Petav.
990 2350 1055 2390 pr.
1075 2337 1215 2378 oxon.
1234 2349 1319 2377 sec.
1365 2337 1575 2387 signantur
1594 2341 1776 2388 quatuor
1796 2339 1915 2380 Vatt.

921 2441 1096 2483 NOTAE

1044 2533 1219 2561 numero
1237 2520 1457 2562 mensium.

149 2526 203 2564 46
231 2522 380 2575 Duces]
406 2522 459 2562 In
488 2521 666 2574 Genesi,
695 2523 707 2545 ‘
734 2521 978 2562 Luminaria

94 2598 276 2638 magna:
307 2585 458 2636 majus,
489 2585 603 2638 quod
634 2589 839 2636 praeesset
864 2584 975 2630 dien

93 2641 249 2700 minus,
267 2647 381 2701 quod
401 2652 607 2699 praeesset
627 2648 774 2689 nocti?

151 2710 316 2763 Tethys]
345 2710 426 2750 Est
455 2709 622 2751 Oceani
650 2709 825 2762 conjux,
855 2721 974 2749 soror

95 2771 375 2824 Hyperionis,
391 2775 622 2812 matertera
634 2772 745 2812 Solis
759 2776 804 2812 et
819 2772 972 2812 Lunae:

93 2834 172 2875 alit
195 2834 336 2875 Solem
369 2839 415 2873 et
443 2835 620 2884 Lunam,
640 2839 688 2874 ut
707 2833 852 2874 nutrix
865 2833 977 2885 opti-

94 2892 192 2937 ma:
221 2896 384 2947 Tethys
404 2896 585 2936 sumitur
600 2908 678 2947 pro
697 2895 818 2936 mari.

113 2952 117 2954 ’
146 2961 202 3000 48
241 2958 440 2998 Rudiutur
465 2956 650 3008 alumnis]
689 2958 847 3009 Fulget
875 2957 975 2997 vivo

93 3020 255 3062 lumine
292 3020 556 3062 alumnorum
594 3020 701 3060 Solis
742 3027 789 3060 et
829 3019 977 3072 Lunae,

95 3085 200 3139 quos
219 3081 435 3123 educavit.

145 3148 202 3186 49
232 3144 396 3197 Titana]
425 3145 569 3186 Solem
599 3143 734 3184 filium
763 3143 976 3196 Hyperio-

92 3206 172 3260 nis,
190 3208 263 3262 qui
278 3207 362 3249 fuit
381 3220 488 3249 unus
505 3220 561 3248 ex
577 3207 813 3248 Titanibus.

115 3316 122 3322 ἢ
147 3274 198 3312 51
245 3270 482 3323 cristatum]
521 3270 576 3312 Id
605 3275 686 3321 est,
706 3270 973 3310 emittentem

93 3333 251 3388 rhdios,
268 3334 411 3375 cristis
440 3333 615 3374 similes.
666 3333 741 3374 Sol
772 3333 974 3385 depinge-

87 3395 220 3438 'bstur
239 3409 341 3439 eum
366 3396 493 3438 radiis
521 3395 763 3447 duodecim,
783 3407 861 3447 pro
881 3394 974 3451 pari

1096 2586 1149 2623 ⁵2
1184 2583 1348 2634 Vagitu]
1378 2583 1579 2635 Pingitur
1603 2583 1675 2625 Sol
1701 2582 1933 2636 utinfans,

1043 2646 1118 2699 qui
1136 2645 1343 2697 vagiendo
1360 2646 1520 2686 emittit
1535 2645 1739 2687 flammas.
1921 2675 1923 2677 -

1095 2712 1147 2749 53
1176 2709 1316 2761 Soror]
1352 2710 1471 2749 Luna
1499 2722 1551 2749 ex
1579 2709 1768 2750 Homero
1798 2721 1918 2750 soror

1042 2779 1111 2812 est
1136 2772 1260 2823 Solis,
1289 2771 1364 2812 sed
1383 2772 1600 2823 AEschylns
1617 2773 1779 2813 Lunam
1811 2771 1918 2812 facit

1043 2836 1151 2876 Solis
1180 2835 1327 2885 filiam,
1357 2834 1472 2886 quod
1500 2834 1553 2874 ab
1585 2845 1635 2873 eo
1666 2834 1807 2874 lumen
1827 2846 1925 2874 mu·

1043 2901 1165 2938 tuata
1182 2895 1487 2949 quodammodo
1508 2897 1722 2948 gignatur.

1102 2959 1250 3011 Vitreu]
1278 2958 1465 2998 Numina
1484 2970 1681 3010 aequorea
1700 2957 1928 3009 appellari-

1042 3026 1113 3061 tur
1133 3021 1285 3071 vitrea,
1298 3019 1352 3059 ab
1374 3032 1496 3071 aquae
1515 3020 1657 3060 colore
1672 3019 1771 3058 vitri
1790 3031 1917 3059 aemu·

1040 3084 1097 3123 lo.
1152 3082 1225 3123 Sol
1245 3094 1371 3135 porro
1392 3087 1437 3122 et
1463 3083 1584 3121 Luna
1601 3081 1750 3121 nutriri
1771 3080 1916 3121 dicun-

1042 3151 1112 3185 tur
1140 3157 1165 3184 a
1192 3145 1315 3194 mari,
1335 3144 1447 3196 quod
1466 3143 1615 3183 Poetae
1642 3147 1715 3182 aut
1742 3154 1925 3184 censue·-

1040 3208 1127 3248 rint
1146 3212 1218 3247 aut
1234 3206 1436 3246 finxerint
1464 3210 1579 3246 astra
1597 3205 1653 3247 au
1680 3203 1840 3244 emissis
1857 3214 1923 3242 ex.

1040 3269 1145 3309 mari
1179 3268 1437 3320 vaporibus3
1466 3272 1509 3307 et
1541 3279 1593 3307 ex
1623 3264 1771 3305 eodem
1803 3263 1923 3309 mari,

1041 3337 1139 3384 post
1156 3332 1268 3371 vires
1287 3335 1507 3383 reparatas
1526 3336 1766 3377 exsurgere.

1093 3397 1145 3434 54
1177 3392 1328 3444 Cornu]
1355 3393 1474 3433 Luna
1493 3393 1669 3431 cornuta
1689 3386 1881 3440 pingitur
1896 3399 1919 3437 ᾗ
