2300 3906
757 193 833 230 DE
875 193 960 232 vi.
1001 193 1176 234 cons.
1216 195 1450 234 nonen.
1902 187 2009 239 8239

188 302 519 371 Depositum
545 321 799 357 servasse
827 306 1013 372 Fides,
1043 310 1373 365 Constantia
1397 329 1629 380 parvum

184 384 516 439 Praefecisse
538 388 678 450 orbi,
720 389 909 442 Pietas
929 394 1138 447 fovisse
1165 396 1555 464 propinquum.

186 468 300 520 Hic
325 474 407 521 est
426 470 517 520 ille
542 486 694 537 puer,
718 474 812 539 qui
832 492 974 529 nunc
1000 479 1072 530 ad
1094 479 1302 532 Rostra
1328 479 1574 544 Quirites

183 551 413 614 Evocat,
440 558 492 604 et
523 554 664 605 solio
689 555 858 610 fultus
884 562 1145 626 genitoris
1171 564 1377 615 eburno

182 633 473 686 Gestarum
502 636 762 691 Patribus
787 658 991 696 causas
1017 661 1090 696 ex
1115 646 1305 697 ordine
1332 662 1528 708 rerum,

180 717 531 786 Eventusque
554 721 716 774 refert
738 742 749 776 :
789 731 1139 795 veterumque
1165 729 1423 796 exempla
1447 734 1670 782 secutus

182 802 399 868 Digerit
422 804 635 870 imperii
661 808 761 858 sub
792 810 986 877 judice
1009 810 1126 863 fata
1148 811 1368 864 Senatu.

180 885 283 938 Nil
309 887 569 949 cumulat,
596 891 884 960 verbisque
907 894 1041 946 nihil
1065 894 1267 947 fiducia
1288 896 1448 948 celat.

179 968 376 1021 Fucati
401 972 665 1023 sermonis
691 990 855 1042 opem
882 994 1040 1031 mens
1064 979 1286 1032 conscia
1308 979 1488 1031 laudis

176 1053 405 1105 Abnuit.
482 1052 803 1120 Agnoscunt
826 1077 1098 1127 proceres,
1124 1062 1424 1130 habituque
1448 1061 1672 1115 Gabino

177 1136 476 1205 PrincipiS,
505 1144 560 1191 et
587 1139 822 1194 ducibus
848 1145 1266 1213 circumstipata
1290 1147 1494 1213 togatis

173 1219 213 1272 J
217 1236 308 1271 ure
333 1221 616 1288 paludatae
647 1222 765 1291 jam
791 1227 940 1278 curia
963 1228 1163 1280 militat
1189 1229 1351 1281 aulae.

1895 733 2004 784 590

1888 1146 1999 1199 595

171 1347 337 1388 diversa·
355 1351 614 1401 experiuntur
631 1354 842 1392 mercedem
859 1355 1055 1394 redditam
1075 1355 1184 1396 sibi:
1204 1356 1308 1409 fidei
1327 1362 1396 1397 est
1413 1369 1651 1397 conservasse
1667 1359 1894 1409 depositum,
1911 1372 1999 1399 con-

170 1402 331 1440 stantiae
355 1405 614 1454 proeposuisse
637 1418 800 1457 puerum
831 1409 990 1457 mundo,
1021 1409 1182 1459 pietatis
1208 1411 1386 1450 educasse
1412 1412 1577 1463 affinem.
1633 1411 1716 1450 Hic
1742 1416 1800 1450 est
1814 1424 1912 1462 puer
1929 1413 1995 1451 ille

172 1454 405 1506 Honorius,
430 1458 496 1507 qui
514 1470 614 1497 nunc
631 1463 743 1497 vocat
771 1461 953 1511 populum
976 1462 1207 1502 Romanum
1236 1465 1287 1502 ad
1304 1462 1458 1515 forum,
1487 1467 1527 1502 et
1546 1463 1706 1503 innixus
1723 1465 1817 1503 solio
1835 1464 1998 1504 eburneo

165 1508 296 1558 patris
311 1509 555 1560 Theodosii,
575 1516 759 1550 memorat
777 1512 1030 1553 Senator-ibus
1057 1517 1266 1555 secundum
1298 1516 1436 1556 seriem
1472 1529 1608 1556 causas
1624 1529 1753 1556 rerum
1777 1517 1998 1567 factarum,

169 1564 209 1599 et
228 1560 358 1600 exitus
377 1563 511 1601 varios
527 1576 537 1602 ι
569 1569 608 1602 et
626 1564 787 1603 imitans
802 1567 978 1617 exempla
1008 1568 1269 1619 antiquorum,
1285 1569 1457 1619 disponit
1471 1569 1567 1617 sata
1588 1569 1825 1620 Reipublicoe
1843 1571 1997 1619 judicio

170 1613 352 1654 Senatus.
412 1615 656 1668 Confidentia
674 1618 774 1656 nihil
791 1624 1024 1669 exaggerat,
1043 1625 1082 1660 et
1099 1621 1198 1660 nihil
1213 1623 1378 1660 occultat
1399 1622 1528 1661 dictis.
1586 1621 1749 1662 Animus
1765 1623 1853 1673 ejus
1871 1623 1997 1662 sciens

167 1677 212 1705 se
233 1667 386 1706 mereri
403 1669 585 1719 gloriam,
602 1671 750 1720 respuit
768 1672 958 1711 auxilium
978 1674 1202 1724 eloquentice
1210 1673 1375 1722 fucatae.
1408 1675 1605 1713 Primores
1626 1687 1721 1714 eum
1740 1679 1988 1725 cognoscunt,

165 1722 205 1758 et
220 1718 387 1760 Senatus
405 1722 705 1762 cohonestatus
725 1728 828 1764 veste
851 1725 1007 1765 Gabina
1027 1727 1291 1778 Imperatoris,
1316 1731 1355 1766 et
1373 1727 1517 1767 circum
1526 1727 1804 1779 frequentatus
1821 1728 1995 1767 ductori-

936 1828 1226 1845 OOOOOOOOOOO

168 1885 400 1936 Depositum
430 1889 556 1927 Voss.
588 1890 708 1930 Leid.
739 1904 824 1932 sec.
859 1904 915 1932 m.
950 1897 1150 1942 pr.—-586
1178 1893 1396 1942 Persecisse
1415 1905 1492 1944 pro
1512 1892 1739 1939 Praefecisse
1759 1893 1861 1933 Put.
1883 1894 1993 1943 Reg.

167 1938 385 1986 Profecisse
405 1942 508 1980 Var.
528 1943 615 1983 LL.
634 1944 702 1982 ed.
725 1943 857 1984 Antv.
875 1945 1020 1992 fecisse
1040 1958 1119 1996 pro
1134 1945 1283 1994 fovisse
1315 1947 1460 1985 Ambr.
1483 1958 1548 1997 pr.
1567 1958 1738 1984 servasse
1755 1947 1822 1984 vel
1842 1945 1996 1991 fovisse

167 1992 269 2032 Vat.
292 2005 377 2032 sec.
408 1995 567 2034 Moret.
589 2000 789 2047 pr.-590
823 1998 1066 2049 Eventusque
1103 2001 1212 2038 docet
1245 1999 1392 2038 Ambr.
1428 2002 1648 2038 sem—591
1680 1997 1841 2046 Dirigit
1875 1998 1994 2038 Med.

167 2051 305 2096 quart.
323 2046 496 2086 Tholas.
520 2049 626 2089 Exc.
645 2051 811 2089 Schott.
834 2051 999 2090 Dixerit
1030 2052 1134 2091 Put.
1167 2052 1321 2091 vindice
1341 2051 1459 2091 Med.
1485 2063 1568 2090 sec.
1591 2050 1686 2098 fata
1721 2051 1874 2089 Petav.
1908 2062 1995 2090 sec.

156 2097 274 2146 sacta
307 2112 451 2139 omnes
479 2102 603 2141 Vatt.
635 2103 732 2142 Pal.
760 2104 880 2143 Rott.
913 2103 1185 2144 Oisel.—592
1213 2105 1412 2155 verbisque
1443 2104 1563 2143 Med.
1598 2116 1685 2143 sec.
1717 2103 1895 2154 verbiqtte
1925 2104 1994 2143 ed.

166 2151 309 2192 Vicet.
328 2154 436 2193 verbi
455 2167 540 2205 quae
554 2156 610 2194 nil
626 2156 733 2196 Exc.
752 2156 876 2195 Laeti.
894 2157 1010 2196 simul
1029 2168 1106 2207 pro
1121 2156 1222 2197 nihil
1240 2158 1340 2197 Vat.
1360 2157 1497 2209 quint.
1518 2157 1618 2195 celat
1637 2156 1703 2194 vel
1724 2157 1871 2195 ontittit
1892 2157 1995 2196 Lov.

164 2209 297 2245 —593
330 2206 533 2247 Frustrati
550 2208 578 2249 J
584 2221 652 2248 un.
673 2222 737 2261 pr.
759 2209 924 2249 Fuscati
944 2209 1065 2249 Leid.
1099 2222 1185 2249 sec.
1220 2222 1316 2250 cum
1348 2209 1575 2250 duodecim
1605 2209 1697 2248 aliis
1713 2215 1758 2248 et
1779 2209 1884 2248 Exc.
1906 2209 1994 2249 Ge-

165 2263 275 2298 vart.
294 2260 424 2299 nescia
432 2259 597 2309 fraudis
619 2275 695 2313 pro
711 2263 864 2302 conscia
882 2263 1014 2302 laudis
1033 2263 1281 2314 conjecerat
1304 2263 1523 2313 Heinsius,
1548 2262 1623 2302 sed
1641 2268 1789 2312 postea
1808 2262 1986 2301 delevit.

163 2315 299 2352 —594
325 2313 478 2352 Annuit
495 2315 523 2355 J
528 2326 596 2355 un.
617 2327 683 2366 pr.
713 2316 831 2355 Med.
852 2319 1072 2356 sec.-595
1105 2316 1356 2365 Principibus
1374 2328 1451 2367 pro
1474 2315 1672 2366 Principis
1688 2319 1727 2354 et
1746 2315 1903 2354 Moret.
1923 2327 1989 2365 pr.

163 2368 299 2405 ——596
326 2367 391 2417 pio
410 2369 529 2406 eautoe
548 2380 625 2418 pro
642 2369 839 2419 paludatae
857 2369 957 2408 Vat.
978 2373 1078 2407 tert.
1098 2369 1216 2408 Rott.
1242 2368 1357 2408 Prie.
1390 2381 1444 2409 m.
1465 2380 1530 2419 pr.
1553 2368 1713 2406 Mazar.
1732 2367 1886 2406 PetaV.
1902 2379 1990 2407 sec.

164 2417 264 2457 Pat.
282 2419 448 2459 Tholos.
470 2421 590 2460 Voss.
609 2422 733 2460 ambo
754 2422 912 2460 Moret.
930 2421 996 2461 ed.
1012 2421 1153 2460 Vicet.
1169 2421 1238 2472 pio
1251 2422 1421 2460 laudatoe
1434 2421 1538 2459 Var.
1557 2421 1640 2459 LL.
1657 2432 1682 2458 e
1700 2431 1831 2470 marg;
1845 2420 1990 2459 Parm.

159 2471 226 2521 pio
244 2472 363 2511 lautoe
381 2473 446 2511 vel
462 2474 662 2523 paludatoe
682 2474 872 2514 Florent.
901 2474 1067 2514 Thuan.
1087 2474 1242 2514 Petav.
1276 2476 1476 2526 pru-59⁷
1503 2474 1584 2512 ales
1602 2474 1703 2514 Vat.
1737 2485 1803 2524 pr.
1824 2477 1870 2512 et
1889 2477 1991 2512 tert.

992 2580 1167 2622 NOTAE
1871 2575 1890 2597 '

1163 2658 1245 2694 596
1269 2655 1372 2694 Jure
1386 2651 1604 2705 paludatae]
1636 2650 1988 2691 Paludament-um

1111 2722 1179 2757 est
1192 2717 1323 2757 vestis
1339 2716 1517 2764 Martia,
1531 2727 1604 2755 seu
1622 2714 1874 2753 bellatorum
1892 2724 1990 2765 pro·

216 2656 295 2693 588
324 2655 492 2706 Evocat]
518 2655 642 2694 More
662 2655 907 2694 Consulum.

215 2720 296 2756 592
325 2717 399 2756 Nil
417 2719 601 2767 cumulat,
633 2718 734 2757 nihil
751 2717 868 2768 celat]
901 2717 1044 2757 Hono-

163 2777 251 2817 rius
288 2779 394 2818 nihil
426 2786 676 2831 exaggerat,
720 2780 824 2820 nihil
858 2782 1041 2821 reticet:

159 2839 235 2887 sed
253 2841 393 2880 omnia
408 2841 514 2882 dicit
532 2843 711 2882 honesta
731 2843 913 2895 quadam
938 2843 1043 2883 fidu-

162 2903 244 2951 cia,
265 2909 309 2942 et
328 2903 419 2943 sine
440 2905 687 2955 eloquentia
707 2904 922 2947 affectata.

215 2968 294 3005 594
321 2966 571 3017 Agnoscunt]
602 2968 811 3008 Proceres
844 2982 937 3008 eum
971 2981 1041 3020 ag-

160 3032 343 3069 noscunt
373 3029 491 3068 velut
510 3042 638 3069 unum
668 3043 721 3069 ex
748 3031 1044 3081 Senatoribus,

161 3090 270 3131 adeo
300 3090 543 3139 moderatus
565 3098 632 3132 est
651 3090 778 3132 factis
808 3093 1043 3146 dictisque!

162 3160 413 3206 agnoscunt,
432 3156 552 3208 quasi
572 3156 653 3207 ipsi
671 3156 894 3208 imperium
921 3157 1043 3197 detu-

160 3216 304 3267 lerint,
323 3218 436 3270 quod
457 3231 482 3257 a
500 3219 634 3259 Patre
649 3219 830 3271 accepit.

216 3280 374 3322 Habitu
389 3282 563 3334 Gabino]
583 3284 716 3324 Veste
732 3283 973 3337 consulari,
987 3283 1043 3324 de

162 3353 248 3397 qua
265 3353 410 3396 supra.

1111 2780 1219 2831 pria.
1275 2778 1386 2818 Aula
1420 2776 1647 2826 Paludata,
1677 2776 1773 2827 quia
1808 2773 1994 2815 Paluda·

1113 2849 1202 2883 tum
1239 2842 1368 2881 habet
1411 2841 1741 2892 Imperatorem,
1794 2849 1868 2876 seu
1917 2837 1994 2876 tali

1111 2911 1232 2945 veste
1251 2904 1458 2944 indutum.
1499 2902 1552 2941 ld
1585 2901 1727 2952 arguit
1748 2900 1890 2940 „etiam
1915 2899 1992 2939 mi·

1111 2980 1200 3008 ram
1239 2968 1352 3007 inter
1390 2971 1532 3016 togam
1570 2972 1617 3004 et
1663 2976 1781 3003 arma
1812 2975 1991 3004 concor-

1111 3031 1238 3080 diam,
1268 3042 1366 3069 nam
1403 3029 1631 3080 Princeps,
1663 3027 1735 3079 qui
1765 3027 1877 3066 solet
1894 3037 1989 3066 esse

1111 3093 1361 3144 Paludatus,
1388 3104 1501 3132 nunc
1536 3098 1657 3131 veste
1676 3090 1897 3131 Consulari
1930 3090 1990 3129 in-

1112 3156 1240 3195 dutus
1260 3160 1340 3206 est,
1360 3159 1405 3194 et
1425 3153 1557 3194 duces
1581 3153 1709 3193 etiam
1737 3151 1872 3203 togati
1891 3162 1989 3191 cum

1111 3218 1390 3259 Senatoribus
1411 3216 1586 3257 sedent..
1620 3221 1622 3223 ’
1656 3254 1658 3256 .

1165 3280 1345 3331 Militat]
1374 3279 1506 3320 Curia
1527 3291 1601 3319 seu
1625 3278 1806 3317 Senatus
1824 3273 1988 3326 militat,

1111 3349 1288 3386 exercet
1316 3343 1514 3385 militiam
1532 3345 1751 3394 togatam,
1770 3337 1876 3390 jure,
1910 3348 1986 3378 seu
