2300 3906
667 186 732 224 ιΝ
777 180 1144 225 nnrRomUM
1187 186 1310 226 Lm.
1344 186 1408 226 ιι.
1840 179 1949 231 536

134 307 250 360 Hic
274 302 417 372 erat)
440 303 763 371 aggreditur.
839 304 984 357 Viso
1009 309 1123 357 tum
1147 305 1284 357 forte
1306 306 1515 357 redibat

133 390 400 457 Eutropio
423 404 634 440 vacuus
659 388 839 452 doniS,
865 389 1164 457 feritasque
1194 389 1380 442 dolore

131 473 407 536 Creverat,
435 478 508 536 et,
533 472 733 524 teneris
760 473 927 524 etiam
952 488 1077 539 quae
1101 473 1331 525 crimina
1354 472 1553 525 suadet

127 556 385 624 IngeniiS,
411 557 734 625 Scythicum
757 562 954 624 pectus
982 556 1304 609 flammabat
1329 562 1570 623 egestas,
1845 554 1950 609 180

130 641 283 693 Huic
310 657 433 692 sese
459 641 614 693 vultu
641 641 913 692 simulatae
935 640 1186 710 conjugis
1210 638 1384 703 offert,

130 725 476 792 Mentitoque
495 724 649 776 ferox
668 724 868 776 incedit
885 725 1117 776 barbara
1128 716 1130 718 ¹
1141 739 1347 790 gressu,

130 807 446 860 Cat-baseos
469 807 658 859 induta
681 808 837 859 sinus
859 825 872 860 :
911 813 1044 875 post
1067 811 1222 874 terga
1245 808 1500 862 reductas

129 891 405 944 Uberibus
424 892 649 960 propior
669 891 953 944 mordebat
967 893 1140 944 fibula
1164 897 1373 945 vestes:

129 966 310 1042 Inque
334 976 519 1027 orbem
538 977 696 1026 tereti
718 976 879 1026 mitra
903 976 1161 1027 redeunte
1187 977 1451 1044 capillum
1847 978 1954 1031 185

128 1058 454 1122 Strinxerat,
479 1063 532 1111 et
553 1059 758 1111 virides
777 1057 1074 1111 flavescere
1089 1060 1327 1127 jusserat
1352 1076 1574 1128 angues,

127 1198 258 1250 bilus,
279 1200 471 1251 Eutropio
486 1202 671 1252 salutato,
689 1202 954 1242 revertebatur
970 1202 1113 1254 absque
1143 1204 1377 1254 muneribus,
1403 1208 1443 1244 et
1461 1204 1617 1253 ferocia
1645 1209 1760 1244 aucta
1777 1210 1861 1245 erat
1878 1206 1956 1256 ira,

124 1256 167 1292 et
178 1258 400 1304 paupertas,
429 1266 513 1305 quae
540 1256 747 1305 persuadet
766 1256 911 1295 scelera
930 1256 1079 1296 lenibus
1097 1270 1240 1309 quoque
1255 1257 1416 1307 animis,
1440 1270 1505 1297 cor
1534 1256 1762 1309 Scythicum
1779 1258 1956 1298 incende-

127 1304 209 1352 bat.
264 1306 376 1345 Huic
395 1308 619 1358 Tan-gibilo
638 1308 821 1348 Bellona
852 1309 1020 1350 occurrit
1040 1310 1120 1350 sub
1148 1312 1271 1362 specie
1288 1311 1424 1350 uxoris
1437 1311 1569 1364 fictae,
1600 1316 1639 1351 et
1665 1313 1760 1351 haec
1793 1311 1958 1351 barbara

127 1362 247 1398 atrox
273 1360 460 1409 graditur
484 1373 601 1412 passu
623 1361 821 1412 simulato,
848 1367 983 1414 operta
1013 1364 1183 1403 vestibus
1207 1364 1332 1404 lineis.
1399 1365 1540 1404 Fibula
1568 1367 1752 1415 proxima
1780 1366 1957 1405 mammis

127 1412 306 1452 nectebat
323 1414 552 1453 vestimenta
579 1419 756 1454 revocata
770 1419 859 1466 post
877 1417 1047 1467 dorsum,
1080 1422 1119 1456 et
1136 1418 1258 1457 mitra
1274 1418 1440 1457 rotunda
1465 1418 1791 1469 circumcingente
1809 1420 1956 1459 extule-

127 1468 195 1505 rat
211 1465 339 1506 crines
369 1466 412 1505 in
440 1467 584 1518 orbem,
611 1472 729 1520 atque
756 1469 1015 1521 imperaverat
1032 1470 1207 1510 colubros
1238 1483 1335 1511 suos
1367 1471 1583 1511 viridantes
1601 1471 1827 1524 flavescere.
1883 1472 1954 1512 Sic

891 1586 1187 1602 θθθθθθθθθθθθ

129 1670 227 1700 cum
247 1659 428 1699 Alberto
442 1659 785 1701 Rubeni0.-177
813 1662 1047 1712 aggreditur
1068 1663 1134 1701 vel
1148 1664 1361 1713 alloquitur
1378 1665 1477 1704 Vat.
1498 1677 1560 1716 pr.
1580 1669 1672 1707 tuuc
1691 1666 1816 1705 Farn.
1834 1667 1954 1706 Med.

127 1725 216 1754 sec.
233 1714 397 1753 Mazar.
414 1714 581 1753 Tholos.
604 1715 754 1754 Petav.
787 1720 887 1754 tert.
906 1728 993 1753 cum
1011 1715 1130 1755 Prie.
1158 1716 1260 1755 Put.
1291 1717 1391 1756 Pat.
1409 1718 1575 1757 Bonon.
1604 1719 1782 1758 redibant
1800 1720 1957 1759 Fut.—

131 1770 209 1806 178
250 1767 382 1805 vacuis
406 1767 516 1805 donis
549 1767 697 1806 Ambr.
723 1779 809 1806 sec.
846 1767 945 1819 Pqt.
974 1769 1142 1808 dolorem
1174 1770 1280 1808 Exc.
1316 1770 1420 1810 Cod.
1454 1772 1743 1810 Rhem.--l79
1776 1773 1960 1812 Moverat

128 1818 244 1858 idem
264 1819 368 1858 Cod.
384 1821 521 1858 suadet
539 1819 642 1858 Put.
662 1820 771 1870 Reg.
792 1819 957 1859 Thuan.
978 1822 1142 1860 Mazar.
1164 1827 1252 1860 tres
1270 1823 1422 1862 Petav.
1443 1824 1543 1862 vat.
1567 1824 1702 1864 Livin.
1721 1827 1833 1864 sudet
1851 1826 1958 1866 Jun.

128 1884 197 1923 pr.-
214 1874 377 1911 suadent
410 1873 513 1911 Lov.
547 1884 603 1912 m.
633 1883 698 1921 pr.
728 1873 831 1911 item
862 1872 960 1911 edd.
978 1873 1122 1912 Vicet.
1159 1876 1300 1913 Parm.
1318 1875 1441 1914 Junt.
1462 1875 1562 1914 Ald.
1597 1877 1751 1927 Isingr.
1788 1878 1955 1929 Gryph.

131 1925 404 1964 Golia—180
428 1929 563 1975 pectus
580 1924 806 1976 Schyticum
826 1925 947 1964 Med.
967 1930 1241 1976 quam—181
1274 1928 1456 1966 simulato
1476 1928 1617 1967 Oxon.
1642 1942 1705 1979 pr.
1729 1930 1848 1969 Leid.
1869 1944 1955 1971 sec.

129 1978 249 2019 Med.
271 1984 410 2029 quart.
430 1979 535 2016 Exc.
558 1977 737 2017 Gevart.
756 1979 950 2017 simulatae
969 1979 1035 2017 vel
1051 1980 1228 2018 mentitae
1248 1980 1349 2018 Vat.
1367 1984 1570 2030 ρι·.-182
1597 1981 1776 2020 incendia
1796 1983 1961 2023 barbara

131 2031 272 2070 Oxou.
293 2043 380 2071 sec.
398 2031 521 2070 Leid.
543 2041 629 2070 sec.
649 2031 827 2070 incedens
845 2036 933 2071 vet.
957 2031 1063 2083 Gyr.
1088 2033 1193 2072 Exc.
1212 2033 1393 2072 Lucens.
1415 2046 1500 2073 sec.
1521 2034 1626 2073 Lov.
1645 2035 1789 2074 incedit
1813 2048 1959 2076 omnes

128 2083 253 2124 Vatt.
271 2084 365 2124 Pal.
385 2084 490 2124 Exc.
510 2084 637 2123 Laeti.
655 2084 834 2123 incendia
854 2085 1018 2124 Bonon.
1035 2086 1189 2125 Petav.
1211 2098 1298 2125 sec.
1319 2086 1438 2126 Med.
1465 2092 1563 2127 tert.
1583 2087 1729 2127 incedit
1751 2090 1816 2127 vel
1833 2089 1961 2129 incen-

130 2138 191 2178 dit
210 2137 351 2178 Oxou.
372 2149 439 2188 pr.
456 2137 603 2176 incedit
623 2138 690 2176 vel
707 2138 886 2178 incendia
915 2139 1021 2178 Lov.
1043 2140 1148 2190 Reg.
1165 2139 1269 2178 Var.
1301 2140 1386 2179 LL.
1406 2140 1470 2179 ed.
1491 2139 1625 2181 AntV.
1645 2145 1750 2180 motu
1768 2141 1796 2182 J
1803 2154 1870 2181 un.
1892 2155 1958 2194 pr.

130 2193 263 2231 —183
295 2190 432 2231 induta
452 2189 603 2230 Ambr.
637 2204 722 2230 sec.
740 2193 901 2230 inducta
919 2192 1040 2231 Leid.
1072 2205 1157 2233 sec.
1177 2193 1279 2233 Jun.
1301 2205 1367 2244 pr.
1388 2193 1470 2233 duo
1500 2194 1640 2235 Oxon.
1674 2196 1800 2234 Fam.
1837 2196 1959 2237 Rott.

131 2243 320 2284 Florent.
338 2244 438 2284 Put.
456 2245 621 2284 Thuan.
644 2246 796 2285 Petav.
817 2258 905 2284 sec.
936 2247 1103 2286 Bonon.
1138 2247 1237 2286 Pat.
1269 2247 1434 2286 Tholos.
1453 2248 1557 2287 Lov.
1590 2249 1750 2287 Moret.
1770 2261 1853 2288 sec.
1875 2250 1957 2289 dno

45 2298 50 2302 “
129 2295 280 2338 Ambr.
310 2298 377 2338 ed.
397 2297 539 2337 Parm.
560 2299 668 2337 Exc.
689 2298 869 2338 Gevart.
888 2299 1026 2338 induta
1045 2300 1113 2338 vel
1133 2300 1292 2340 inducta
1319 2301 1428 2351 Reg.
1461 2302 1628 2340 reductis
1645 2303 1745 2342 Vat.
1773 2307 1874 2342 tert.
1904 2316 1959 2341 m.

129 2362 196 2401 pr.
213 2356 300 2390 tres
319 2351 437 2390 Med.
466 2353 645 2391 reductos
663 2352 764 2391 Lov.
786 2365 838 2392 m.
867 2364 954 2391 sec.
975 2353 1078 2393 Jun.
1106 2365 1171 2404 pr.
1206 2353 1329 2393 Leid.
1350 2366 1415 2404 pr.
1446 2367 1502 2393 m.
1538 2358 1761 2393 sem—184
1796 2356 1961 2395 Uberius

129 2404 231 2443 Vat.
252 2416 339 2444 sec.
360 2404 479 2444 Med.
500 2417 567 2456 pr.
606 2405 772 2444 Uberior
799 2406 979 2457 proprios
1010 2408 1079 2446 vel
1117 2406 1307 2446 Uberibus
1334 2406 1496 2458 propior
1527 2408 1636 2457 Reg.
1667 2407 1866 2447 mordebat
1893 2409 1960 2447 vel

131 2457 350 2506 stringebat
367 2459 469 2497 Vat.
502 2462 777 2509 quart.-—185
808 2461 929 2497 mitra
961 2460 1077 2498 tereti
1112 2459 1232 2498 Med.
1255 2471 1339 2499 sec.
1369 2464 1478 2498 terea
1498 2460 1652 2498 Petav.
1672 2472 1759 2499 sec.
1779 2461 1964 2501 redeunte

133 2508 280 2547 omnes
299 2511 420 2549 Vatt.
439 2510 532 2550 Pal.
552 2512 675 2550 Farn.
698 2511 815 2550 Prie.
838 2512 959 2552 Rott.
988 2512 1125 2551 Oisel.
1146 2514 1252 2551 Exc.
1272 2512 1382 2551 Laeti
1400 2519 1445 2551 et
1461 2513 1642 2552 Lucens.
1663 2525 1728 2562 pr.
1748 2514 1962 2554 redimente

132 2567 219 2601 vet.
236 2562 341 2613 Gyr.
361 2562 471 2603 Gen.
492 2570 537 2601 et
556 2563 625 2601 ed.
645 2564 819 2613 Bipont.
843 2565 1025 2603 radiante
1043 2565 1108 2603 ed.
1124 2565 1272 2606 Vicet.
1290 2566 1447 2615 capillos
1466 2567 1703 2606 Pat.—186
1731 2565 1962 2606 Strinxerat

131 2625 275 2653 omnes
298 2616 416 2654 Vatt.
437 2616 530 2654 Pal.
551 2616 665 2655 Prie.
685 2616 819 2655 Oisel.
849 2617 1008 2655 Moret.
1045 2630 1109 2668 pr.
1142 2618 1250 2656 Exc.
1271 2617 1399 2657 Laeti.
1429 2620 1624 2657 Traxerat
1641 2619 1799 2658 Thuan.
1819 2619 1963 2659 Strux·

132 2671 218 2708 erat
234 2668 361 2708 Farn.
382 2669 489 2720 Reg.
509 2681 564 2707 m.
587 2681 652 2720 pr.
671 2668 819 2708 Ambr.
837 2681 902 2719 pr.
937 2670 1039 2709 Lov.
1064 2669 1167 2711 Jun.
1196 2670 1336 2710 Oxon.
1370 2683 1436 2722 pr.
1469 2671 1602 2712 Gesn.
1624 2678 1670 2712 et
1698 2673 1767 2712 ed.
1784 2673 1960 2724 Bipont.

908 2814 923 2823 ”
966 2818 1143 2858 NOTAE

188 2923 265 2977 Εἴ
301 2921 407 2972 Viso]
437 2921 623 2962 Honoris
657 2935 787 2962 causa
817 2922 1013 2976 Targibi-
1080 2925 1236 2977 crines,
1266 2927 1575 2967 sencaesariem
1602 2928 1786 2978 amplam
1817 2930 1963 2969 altam-

132 2983 474 3037 lus-Eutropium
497 2987 717 3027 inviserat.
1081 3000 1164 3040 que
1195 2989 1239 3028 in
1270 2989 1459 3041 speciem
1491 2990 1635 3030 turris.
1682 2991 1727 3030 S.
1747 2992 1962 3045 Hierony-

136 3098 139 3101 ·
181 3047 268 3087 18⁰
296 3049 541 3102 Scythicum]
568 3051 753 3102 Saevum,
773 3051 1014 3093 barbarum·
1080 3064 1194 3092 mus:
1223 3054 1236 3075 ‘
1258 3048 1423 3092 Alienis
1454 3053 1620 3105 capillis
1649 3054 1848 3095 turritum
1867 3069 1961 3097 vers

134 3120 220 3162 que
239 3119 405 3162 pectus.
1080 3116 1209 3155 ticem
1229 3117 1427 3156 struere!

191 3176 268 3213 183
301 3175 529 3229 Car-baseos]
570 3177 740 3228 Operta
759 3178 950 3219 vestibus
968 3180 1014 3219 li·
1134 3178 1314 3230 Angues]
1337 3181 1515 3221 Bellona
1526 3182 1658 3222 habet
1671 3194 1768 3222 suos
1789 3194 1964 3233 angues,

135 3236 244 3284 aeis,
260 3238 396 3290 iisque
415 3240 686 3280 tenuissimis.
816 3247 818 3249 ’
1082 3241 1135 3281 ob
1154 3240 1330 3303 affectus
1351 3243 1442 3295 irae,
1474 3250 1520 3284 et
1551 3246 1653 3296 odii,
1670 3258 1774 3298 quos
1802 3255 1962 3295 angues

193 3301 272 3340 186
304 3301 671 3356 struxeram->Alii
702 3305 854 3357 legunt
884 3310 1017 3346 strux-
1081 3312 1411 3358 repraesentant,
1440 3313 1488 3347 ut
1515 3308 1631 3360 apud
1650 3308 1847 3348 Amatam
1865 3305 1965 3345 Vir·

135 3365 240 3414 erat,
257 3362 288 3403 i.
312 3375 351 3405 e.
378 3365 651 3420 disposuerat
667 3371 797 3422 atque
819 3373 1018 3411 erexerat
1083 3368 1283 3422 glumam
1298 3368 1480 3412 Alectus
1493 3383 1633 3424 angue
1645 3369 1966 3422 inflammatam,
