2300 3906
860 195 956 234 GL.
995 187 1349 230 CLAUDIAM
1391 186 1637 226 xxxul.

1075 413 1424 475 XXXIII.

392 570 529 630 CL.
573 564 1068 628 CLAUDIANI
1114 560 1459 625 RAPTUS
1499 556 2115 650 PROSERPINAE

1109 701 1289 761 LlB.
1329 701 1386 761 Ι.

999 844 1520 888 ARGUMENTUM.

398 974 692 1014 CnAumAan
713 967 919 1021 proponit
939 979 1155 1019 egressum
1175 966 1372 1008 Plutonis
1401 978 1454 1005 ex
1473 964 1630 1005 Inferis
1650 978 1661 1006 ι
1690 963 1744 1005 ad
1767 964 1811 1005 id
1831 962 2175 1016 cognoscendum

345 1041 517 1080 invocat
535 1040 656 1078 Deos
682 1034 869 1076 Inferos.
927 1034 1037 1074 Rem
1059 1034 1120 1074 sic
1151 1040 1310 1074 narrat.
1370 1034 1501 1073 Pluto
1536 1033 1696 1072 bellum
1723 1036 1899 1083 pararet
1925 1030 2090 1082 superis
2119 1031 2176 1070 ob

344 1118 519 1147 uxorem
541 1118 552 1154 ;
593 1107 781 1143 armaret
812 1102 1008 1153 gigantes
1029 1115 1040 1140 z
1082 1105 1126 1140 at
1157 1100 1310 1140 Parcae.
1332 1105 1496 1139 vetant.
1554 1098 1734 1138 Lachesi
1754 1097 1962 1137 suadente
1981 1096 2176 1148 placatus

342 1173 419 1213 dat
448 1171 646 1211 mandata
678 1169 916 1218 Mercurio,
953 1168 1082 1207 silent
1119 1165 1280 1205 Inferi:
1313 1166 1509 1218 queritur
1544 1165 1660 1217 apud
1693 1164 1843 1205 Jovem
1875 1163 1929 1202 de
1960 1162 2179 1212 coelibatu,

344 1239 612 1290 minaturque
631 1250 641 1276 ε
664 1236 840 1287 Jupiter
859 1240 1093 1274 commotus
1111 1234 1272 1284 cogitat
1293 1233 1346 1272 de
1362 1232 1638 1284 Proserpina,
1654 1243 1746 1284 quae
1761 1228 1909 1270 Cereri
1931 1228 2179 1277 carissima;

345 1318 439 1359 quae
462 1318 487 1345 a
506 1304 652 1344 multis
680 1303 777 1342 Diis
799 1301 987 1341 ambita:
1020 1314 1114 1353 quae
1136 1301 1235 1339 dum
1258 1301 1299 1339 in
1319 1300 1465 1340 Sicilia
1487 1311 1621 1351 prope
1641 1298 1810 1338 AEtnam
1832 1293 2083 1335 abscondita
2102 1299 2181 1344 est,

345 1374 478 1413 Ceres
509 1371 622 1422 petit
655 1369 780 1409 Idam
817 1374 862 1407 et
891 1369 1117 1420 Templum
1143 1367 1329 1420 Cybeles
1351 1366 1515 1406 matris.
1573 1364 1635 1405 At
1655 1364 1801 1403 Venus
1822 1374 1847 1402 a
1864 1362 1974 1403 Jove
2000 1361 2182 1412 impulsa

343 1439 386 1479 in
407 1437 594 1477 Siciliam
617 1436 737 1476 venit
755 1449 764 1474 :
794 1440 887 1474 tum
906 1434 1169 1485 Proserpina
1205 1432 1384 1473 texebat
1404 1437 1561 1483 vestes,
1590 1435 1636 1470 et
1660 1431 1703 1469 in
1722 1430 1787 1468 his
1807 1428 2015 1480 pingebat
2034 1424 2182 1466 mundi

345 1504 626 1552 creationem,
655 1502 810 1550 Zonas,
829 1501 1010 1548 CoeIum,
1039 1499 1248 1550 palatium
1270 1498 1471 1537 Plutonis
1491 1511 1502 1536 ε
1533 1502 1579 1536 at
1596 1495 1738 1535 statim
1758 1506 1837 1547 per
1857 1499 2030 1534 noctem
2049 1493 2182 1535 Pluto

341 1568 525 1609 horridis
549 1566 665 1618 equis
686 1566 880 1605 invectus
899 1565 1090 1615 erumpit
1110 1575 1165 1602 ex
1184 1562 1360 1602 Inferis.

348 1752 628 1821 INFERNJ
657 1767 891 1834 raptoris
918 1781 1114 1834 eqUOS,
1142 1756 1441 1832 afflataque
1468 1782 1632 1819 curru

350 1852 540 1905 Sidera
557 1851 841 1914 Taenari0‚
868 1851 1277 1918 caligantesque
1297 1849 1587 1919 profundae

403 1989 570 2029 Animus
589 2000 708 2030 meus
730 1989 772 2028 in
792 2001 837 2029 se
858 1990 1081 2029 recollectus
1099 1988 1264 2040 impellit
1297 2000 1365 2030 me
1397 2000 1534 2028 canere
1562 1999 1674 2028 versu
1703 1987 1844 2028 audaci
1875 2000 1990 2040 equos
2017 1985 2189 2039 raptoris

356 2043 534 2085 Tartarei
553 2043 766 2094 Plutonis,
798 2046 838 2082 et
871 2055 1026 2083 canere
1058 2048 1167 2082 astra
1199 2042 1430 2081 obscurata
1461 2043 1599 2094 affiatu
1627 2054 1762 2081 currus
1793 2041 1948 2094 Stygii,
1973 2045 2011 2080 et
2031 2041 2189 2091 nigrum

1119 2158 1415 2173 OOOOOOOOOOO

405 2244 432 2282 2
461 2242 598 2282 Litora
629 2245 803 2282 tartareo
839 2241 924 2282 inc.
966 2241 1118 2282 Heius.
1186 2242 1389 2282 Trinacrio
1425 2241 1527 2281 Vat.
1565 2251 1629 2291 pr.
1691 2243 1863 2279 tartareo
1897 2238 1997 2280 Jun.
2035 2248 2191 2279 sec.--

1184 2340 1366 2381 NOTAE

409 2426 431 2463 1
456 2423 662 2475 Raptoris]
680 2424 845 2475 Raptor
861 2423 1009 2476 estqui
1027 2423 1142 2475 rapit
1161 2423 1242 2463 vir-

358 2485 492 2539 gineS‚
511 2497 683 2538 pueros,
697 2491 742 2526 et
763 2497 854 2525 rem
869 2498 1034 2525 omnem
1048 2486 1242 2527 alienam.

1311 2421 1526 2472 incendio,
1564 2420 1756 2472 fulmine,
1792 2421 1896 2471 sole,
1935 2426 2075 2473 peste,
2109 2422 2192 2462 &c-

1309 2485 1395 2531 Sed
1416 2489 1460 2523 et
1482 2496 1660 2524 acumen
1688 2484 1758 2523 hic
1777 2483 1947 2524 subest:
1977 2495 2074 2523 nam
2094 2493 2192 2522 cum

358 2546 443 2605 Sed
458 2552 503 2587 et
518 2546 630 2598 apud
652 2549 866 2598 Plautum,
883 2548 917 2587 is
942 2548 1012 2600 qui
1033 2548 1074 2587 vi
1092 2551 1244 2599 aperta

359 2609 535 2661 subigit,
549 2610 709 2649 dicitur
738 2611 750 2633 ‘
773 2616 921 2662 raptor
941 2610 1157 2651 hostium.'

418 2672 562 2725 Equos]
592 2674 651 2713 Hi
672 2679 768 2714 sunt
789 2674 1051 2725 Orphnaeus,
1071 2672 1244 2724 AEthon‚

358 2735 569 2788 Nycteus,
586 2742 632 2775 et
650 2735 837 2784 Alastor,
857 2735 912 2776 de
930 2735 1081 2788 quibus
1097 2735 1138 2774 in
1158 2735 1244 2775 fine

359 2799 486 2851 hujus
506 2800 618 2839 libri.

411 2862 639 2915 Affiataque
683 2874 802 2901 curru
848 2860 999 2912 sidera]
1039 2860 1244 2912 Intellige

361 2922 523 2963 Coelum
545 2924 818 2963 obscuratum
849 2929 895 2964 et
927 2923 1117 2964 afflatum
1143 2936 1244 2964 esse

360 2984 566 3036 pestifero
586 2987 720 3026 halitu
737 2998 960 3038 equorum,
990 2987 1064 3039 qui
1083 2992 1181 3027 sunt
1201 2986 1245 3025 in

360 3058 502 3087 curru.
529 3047 761 3098 Virgilius:
790 3050 803 3071 ‘
826 3049 979 3088 Fertur
998 3041 1246 3101 equis'auri-

361 3116 431 3160 ga,
470 3120 609 3161 neque
652 3109 774 3149 audit
822 3122 971 3150 currus
1021 3111 1244 3151 habenas.'

366 3172 455 3212 Non
474 3171 583 3211 audit
603 3172 840 3221 currus,hoc
859 3179 941 3224 est,
962 3186 1043 3213 non
1065 3175 1246 3215 audiunt

363 3234 461 3287 equi
475 3234 546 3287 qni
561 3241 661 3274 sunt
677 3235 719 3273 in
738 3246 882 3275 curru.
914 3237 1149 3276 Continens
1165 3248 1245 3289 pro

364 3302 592 3338 contento:
606 3298 941 3349 Metonymicos.
968 3300 1164 3340 Dicimus
1177 3311 1249 3339 au-

366 3365 454 3401 tem
473 3359 691 3414 quidpiam
719 3358 911 3426 afflatum
945 3361 1104 3415 sidere,
1130 3361 1247 3414 igne,

1311 2548 1453 2588 sidera
1467 2548 1666 2587 dicantur
1682 2545 1843 2598 afflare,
1859 2546 2058 2587 arborem
2072 2551 2193 2599 puta,

1311 2624 1407 2664 quae
1427 2610 1556 2650 noxia
1575 2609 1800 2650 Astrorum
1826 2609 2095 2662 malignitate
2123 2621 2195 2649 ex-

1310 2674 1496 2723 arescit3
1517 2674 1610 2725 ipsa
1633 2679 1776 2714 tamen
1797 2673 1939 2713 sidera
1958 2673 2026 2714 hic
2047 2670 2194 2712 afflata

1310 2742 1411 2777 sunt
1430 2745 1476 2776 et
1507 2737 1728 2789 inquinata
1758 2748 1863 2776 aura
1896 2734 2193 2787 pestilentiore

1311 2810 1458 2839 currus
1479 2798 1740 2838 Plutoniani.

1365 2865 1391 2901 2
1425 2861 1623 2912 Toenario]
1662 2862 1882 2912 Tamarus,
1918 2867 1964 2901 et
2001 2861 2195 2910 Taenara,

1310 2926 1607 2975 Taenarorm,
1623 2924 1736 2964 unde
1749 2923 1983 2974 Taenarius,
1996 2933 2194 2974 promon-

1313 2989 1467 3029 ton-inm
1499 2979 1566 3028 est
1597 2988 1640 3027 in
1673 2993 1866 3026 extrema
1884 2985 2087 3036 Laconia,
2114 2997 2193 3037 per

1312 3051 1442 3103 quod,
1461 3049 1693 3090 secundum
1716 3048 1888 3097 Poetas,
1908 3049 2086 3099 patebat
2107 3047 2196 3088 adi·

1312 3118 1381 3153 tus
1415 3113 1469 3152 ad
1500 3111 1672 3151 inferos.
1728 3111 1825 3150 Hac
1852 3110 2078 3151 descendit
2110 3111 2193 3152 Or-

1311 3175 1445 3226 pheus
1466 3175 1520 3214 ad
1540 3184 1681 3212 caram
1702 3172 1960 3224 Eurydicen.

1369 3235 1585 3285 Prosundoe
1602 3234 1788 3286 Junom's]
1827 3234 2054 3276 Profunda
2077 3236 2194 3279 June

1314 3303 1380 3338 est
1399 3298 1676 3350 Proserpina,
1694 3310 1790 3351 quae
1812 3298 1970 3339 dicitur
1987 3298 2104 3340 Juno
2124 3298 2194 3339 In·

1313 3360 1434 3403 ferna
1449 3356 1648 3414 Virgilio.
