2300 3906
576 189 867 229 mwrnAL.
909 190 1179 230 PALLAD.
1221 193 1298 230 m·
1337 193 1557 234 canna.
1859 183 1969 237 801

158 305 372 361 Oscula
395 307 544 358 mille
570 312 780 359 sonent.
856 310 1157 363 Livescant
1178 313 1409 365 brachia
1433 324 1597 378 nexu,

156 391 340 443 Labra
362 391 534 456 ligent
559 390 789 443 animas.
866 394 995 445 Neu
1018 399 1073 445 tu
1099 397 1298 447 virtute
1319 403 1550 465 paterna

156 473 439 536 ConfidaS,
462 474 697 540 juvenis,
776 476 904 527 Non
930 482 1017 529 est
1040 483 1238 530 terrore
1263 479 1556 545 domanda,

155 558 271 609 Sed
296 559 550 625 precibus
577 560 832 624 pacanda
856 562 975 612 tibi.
1051 559 1307 614 Concede
1330 565 1525 616 marito

151 635 242 692 Tu
270 657 513 709 quoque,
540 658 642 693 neu
671 644 961 712 Scythicas
987 645 1217 697 infensis
1240 649 1515 713 unguibus
1541 649 1649 702 iras
1866 645 1971 704 135

154 725 429 776 Exercerc
456 726 629 778 velis:
670 728 814 779 vinci
841 730 1052 796 patiare
1078 746 1363 796 rogamus:

153 808 247 860 Sic
269 824 425 871 uxor,
455 809 536 860 sic
562 817 739 862 mater
766 813 892 864 cris.
969 813 1123 878 Quid
1148 815 1353 866 lumina
1374 816 1559 882 tingiS‚

151 889 357 959 Virgo?
397 892 554 944 crede
573 895 725 958 mihi,
753 913 916 964 quem
939 915 1085 950 nunc
1110 899 1402 962 horresciS,
1442 900 1672 953 amabis.

152 976 346 1029 Dixit:
385 981 440 1028 et
466 978 670 1044 aligera
695 983 935 1046 geminos
962 998 1202 1050 arcuque
1230 999 1508 1051 manuque

150 1059 488 1113 Praestantes
515 1078 545 1112 e
570 1063 726 1129 plebe
751 1070 934 1117 vocat.
1011 1066 1154 1118 Puer
1173 1067 1320 1118 ssicet
1345 1068 1572 1132 AEthon,
1858 1070 1966 1123 140

149 1227 266 1263 nent.-
294 1223 453 1263 brachia
472 1225 617 1264 liveaut
636 1226 767 1265 castis
787 1228 1030 1279 amplexibus
1038 1241 1053 1275 ;
1084 1229 1188 1268 labia
1208 1229 1361 1280 pudica
1379 1229 1555 1279 jungant
1574 1229 1736 1269 animas.
1791 1230 1893 1283 Sed,
1919 1244 1970 1272 ne

146 1280 208 1327 tu,
239 1276 447 1327 ojuvenis‚
457 1276 591 1326 fretus
609 1279 663 1317 sis
681 1281 826 1319 virtute
854 1281 982 1330 patris
1001 1283 1076 1321 tui.
1134 1283 1333 1322 Celerina
1349 1295 1423 1321 uon
1442 1284 1658 1333 superanda
1676 1287 1732 1322 est
1750 1287 1872 1334 metu,
1901 1287 1969 1324 ned

144 1331 413 1380 pen-mulcenda
431 1331 507 1370 tibi
518 1332 724 1383 precibus:
754 1339 798 1372 at
817 1337 874 1382 tu,
904 1347 928 1373 o
960 1335 1116 1384 puella,
1143 1336 1233 1374 cede
1263 1347 1396 1386 sponso
1426 1339 1509 1384 tuo,
1534 1348 1626 1375 neve
1642 1337 1831 1375 sustineas
1861 1349 1970 1384 eaper-

144 1394 233 1423 cere
263 1384 455 1434 unguibus
486 1385 603 1425 iratis
620 1385 816 1437 furorem,
844 1398 961 1426 more
980 1385 1228 1438 Scytharum.
1289 1387 1456 1426 Oramus
1485 1393 1529 1426 te
1563 1395 1611 1426 nt
1641 1389 1746 1427 sinas
1775 1394 1818 1428 te
1837 1401 1969 1440 super-

144 1436 221 1476 ari.
277 1437 346 1476 Sic
362 1437 443 1490 fies
462 1439 616 1489 conjux,
647 1439 705 1478 sic
726 1444 863 1479 mater.
922 1440 1067 1490 Quare,
1100 1452 1124 1479 o
1155 1440 1295 1491 puella,
1322 1441 1517 1480 hicmectas
1545 1442 1669 1479 oculos
1702 1442 1823 1480 tuos?
1861 1443 1970 1482 crede

143 1489 258 1540 mihi,
290 1492 447 1540 diliges,
476 1504 588 1542 quem
618 1504 719 1531 nuuc
751 1493 877 1532 times.
931 1493 1078 1532 Venus
1106 1493 1199 1533 haec
1231 1495 1358 1532 locuta
1389 1499 1461 1545 est,
1489 1498 1528 1533 et
1557 1494 1698 1533 statim
1734 1494 1900 1534 accersit
1918 1507 1971 1534 ex

144 1547 262 1592 gente
290 1548 462 1596 pennata
489 1544 676 1584 Amorum
697 1547 794 1585 duos
826 1547 1055 1585 excellentes
1084 1558 1177 1585 arcu
1205 1550 1244 1585 et
1273 1558 1402 1587 manu.
1456 1547 1650 1587 Protinus
1677 1548 1826 1587 AEthon
1855 1560 1968 1600 puer,

909 1660 1202 1678 aeaeaeaeaeaeaeaeaeaeaeae

145 1745 300 1783 Saecula
319 1744 397 1796 ¹pro
420 1746 561 1785 Oscula
581 1746 747 1786 Buslid.
776 1751 913 1786 sonant
932 1746 1028 1785 Pal.
1049 1758 1189 1785 sonans
1209 1745 1292 1785 dno
1313 1745 1570 1786 Med.-—132
1600 1746 1721 1785 Libra
1740 1757 1815 1796 pro
1835 1746 1966 1786 Labra

145 1798 310 1840 Bonon.
357 1799 507 1838 animos
535 1806 623 1839 tres
643 1800 765 1839 Vatt.
800 1802 893 1839 Pal.
927 1800 1047 1838 Rott.
1070 1799 1204 1838 Oisel.
1246 1812 1314 1838 uec
1334 1800 1427 1838 Pal.
1450 1800 1571 1839 Rott.
1613 1812 1684 1839 neu
1703 1800 1803 1839 Vat.
1823 1800 1964 1840 Livin.

143 1852 283 1892 Ursin.
318 1852 400 1893 inc.
423 1853 573 1893 Heius.
607 1853 711 1892 Put.
746 1855 907 1892 Bonon.
943 1853 1027 1891 duo
1049 1854 1200 1892 Petav.
1235 1852 1319 1891 duo
1338 1851 1488 1891 Ambr.
1509 1851 1615 1892 Cod.
1649 1853 1797 1903 Epigr.
1817 1851 1965 1893 Ambr.

142 1905 250 1944 Exc.
271 1906 454 1945 Lucens.
478 1918 542 1956 pr.
579 1912 623 1944 et
653 1907 855 1951 Pat.,rec.
898 1910 936 1945 te
954 1907 1054 1945 Vat.
1087 1918 1173 1944 sec.
1208 1906 1362 1944 PetaV.
1382 1918 1466 1945 see.
1506 1910 1686 1956 proterva
1706 1917 1783 1955 pro
1799 1909 1965 1956 paterna

140 1959 242 1998 Vat.
263 1970 325 2008 pr.
346 1971 401 1997 m.
418 1971 481 2010 pr.
502 1965 587 1998 vet.
610 1959 826 2010 Gyr.Vat.
848 1959 985 1998 Livin.
1002 1959 1114 2010 quod
1130 1958 1285 2011 probat
1305 1959 1587 1998 H-eins.——l33
1620 1958 1798 2010 Confides
1813 1958 1963 1997 Ambr.

79 2050 81 2052 ,
140 2023 208 2061 ρι’.
252 2012 398 2051 virtute
417 2025 496 2063 pro
516 2016 665 2051 terrore
684 2013 786 2052 Vat.
820 2024 881 2062 pr.
903 2024 958 2050 m.
989 2023 1054 2061 pr.
1090 2011 1248 2050 Moret.
1269 2024 1332 2062 pr.
1355 2011 1498 2050 Oxon.
1532 2014 1752 2050 sec—134
1789 2012 1964 2061 pacanda

143 2064 288 2104 Ursin.
309 2065 413 2104 Cod.
451 2066 642 2116 placanda
663 2065 746 2104 duo
764 2066 886 2105 Vatt.
920 2065 1018 2103 Pal.
1049 2064 1185 2103 Oisel.
1218 2065 1409 2102 Florent.
1446 2069 1533 2102 tres
1554 2064 1670 2103 Med.
1702 2064 1783 2102 inc.
1812 2064 1965 2102 Heius.

140 2117 246 2157 Put.
266 2118 432 2157 Bonon.
454 2118 539 2157 dno
560 2118 712 2157 Petav.
746 2118 830 2157 duo
851 2117 1003 2156 Ambr.
1025 2117 1132 2155 Cod.
1155 2118 1303 2167 Epigr.
1336 2116 1485 2155 Ambr.
1506 2117 1614 2154 Exc.
1633 2117 1814 2154 Lucens.
1833 2128 1899 2166 pr.
1919 2121 1965 2155 et

140 2170 241 2211 Pat.
263 2182 349 2210 rec.
371 2170 439 2211 ed.
461 2171 739 2210 Parm.-1s5
782 2182 851 2209 nec
869 2171 967 2209 Vat.
987 2175 1087 2208 tert.
1108 2170 1228 2208 Rott.
1271 2181 1343 2208 neu
1374 2169 1493 2207 Med.
1517 2181 1579 2219 pr.
1598 2168 1742 2207 Ursin.
1762 2168 1864 2207 Put.
1885 2169 1967 2208 Bo·

140 2236 240 2264 non.
262 2223 344 2263 duo
364 2225 519 2264 Petav.
539 2224 623 2263 duo
643 2224 793 2264 Ambr.
814 2225 973 2263 Moret.
993 2235 1058 2273 pr.
1079 2222 1219 2262 Oxon.
1241 2235 1326 2261 sec.
1344 2228 1430 2261 vet.
1452 2222 1556 2272 Gyr.
1575 2222 1674 2260 Vat.
1698 2221 1835 2261 Livin.
1857 2221 1962 2261 Cod.

139 2278 286 2328 Epigr.
308 2277 454 2316 Ambr.
478 2277 585 2316 Exc.
603 2278 782 2316 Lucens.
803 2289 865 2327 pr.
885 2282 928 2316 et
947 2276 1045 2314 Pat.
1065 2287 1152 2314 rec.
1181 2287 1248 2314 nec
1268 2275 1458 2313 Futichas
1476 2274 1775 2313 Buslid.—13⁷
1803 2286 1866 2312 eas
1884 2286 1963 2325 pro

137 2331 216 2370 eris
235 2330 491 2382 conjiciebat
514 2329 729 2379 Heinsius,
758 2331 830 2380 qni
865 2329 971 2367 citat
1004 2340 1058 2366 ex
1074 2327 1148 2366 lib.
1168 2338 1243 2366 ιιι.
1275 2327 1328 2365 de
1363 2327 1475 2376 Rap.
1498 2328 1700 2376 Proserp.
1732 2330 1825 2365 310.
1868 2329 1880 2348 ‘
1901 2327 1963 2366 sic

137 2395 206 2424 me
226 2383 396 2423 felicior
415 2384 514 2422 olim
539 2383 684 2421 Mater
703 2382 804 2422 eas!
844 2381 995 2431 tinguis
1012 2382 1112 2420 Vat.
1141 2380 1280 2419 Livin.
1300 2380 1403 2418 Var.
1423 2380 1509 2419 LL.
1530 2379 1597 2418 ed.
1627 2377 1759 2418 Antv.
1798 2379 1963 2429 stringis

135 2437 234 2476 Pal.
273 2442 358 2476 tres
391 2436 510 2475 Med.
548 2436 712 2475 Buslid.
758 2434 884 2483 tergis
916 2433 1174 2486 conjiciebat
1205 2433 1495 2471 Heins.—138
1546 2432 1669 2480 Virgo
1700 2432 1859 2471 Mon-et.
1895 2444 1961 2482 pr.

139 2490 316 2539 Turgida
337 2501 411 2540 pro
436 2489 557 2539 Virgo
577 2488 755 2539 conjicit
783 2488 1003 2538 Heinsius,
1034 2492 1083 2525 ut
1113 2485 1169 2525 sit
1197 2486 1341 2525 lumina
1360 2485 1510 2535 tinguis
1529 2484 1733 2533 Turgida?
1773 2486 1861 2523 cede
1880 2496 1959 2535 pro

137 2545 248 2583 crede
266 2544 497 2582 pah—139
538 2542 690 2591 aligera
709 2541 807 2579 Vat.
828 2541 967 2579 Livin.
1009 2541 1176 2589 aligeros
1193 2540 1292 2578 Vat.
1324 2550 1409 2577 sec.
1445 2538 1539 2577 Pal.
1571 2537 1694 2577 Rott.
1715 2537 1851 2577 Oisel.
1873 2543 1960 2577 tres

137 2596 256 2636 Med.
278 2596 361 2636 inc.
393 2596 542 2635 Heius.
564 2596 718 2634 Petav.
752 2605 836 2632 sec.
857 2595 1021 2632 Bonon.
1041 2592 1191 2631 Ambr.
1213 2598 1315 2630 tert.
1336 2591 1486 2631 Ursin.
1508 2590 1612 2630 eod.
1641 2590 1788 2641 Epigr.
1808 2589 1960 2631 Ambr.

137 2651 243 2690 Exc.
264 2651 445 2689 Lucens.
469 2652 667 2699 pr.—-14o
709 2648 951 2686 Proestantes
968 2647 1068 2685 Vat.
1100 2657 1165 2696 pr.
1196 2645 1413 2684 Proestauti
1432 2645 1530 2683 Vat.
1552 2654 1639 2683 sec.
1663 2643 1795 2683 Oisel.
1814 2643 1959 2683 Ursin.

138 2703 292 2743 Petav.
313 2715 398 2742 see.
431 2702 581 2741 Ambr.
604 2707 704 2741 tert.
727 2700 832 2740 Cod.
867 2700 1014 2750 Epigr.
1050 2697 1197 2738 Ambr.
1232 2699 1338 2738 Exc.
1367 2698 1552 2736 Lucens.
1589 2709 1654 2747 pr.
1695 2697 1837 2746 eplebe
1855 2697 1956 2736 Vat.

137 2756 275 2796 Livin.
318 2758 365 2795 de
379 2756 488 2807 plebe
517 2757 618 2794 Vat.
639 2766 722 2794 sec.
744 2754 837 2793 Pal.
858 2758 945 2792 tres
973 2752 1092 2792 Med.
1112 2752 1195 2791 inc.
1218 2751 1366 2790 Heius.
1388 2751 1490 2789 Put.
1519 2750 1603 2789 duo
1625 2751 1775 2789 Petav.
1798 2748 1958 2789 Moret.

138 2822 204 2862 pr.
226 2809 365 2850 Oxon.
385 2822 469 2849 see.
489 2807 655 2848 Buslid.
676 2807 781 2848 Cod.
803 2806 943 2847 Ursin.
963 2807 1071 2845 Exc.
1093 2806 1277 2844 Lucens.
1298 2815 1363 2856 pr.
1388 2803 1485 2842 Ald.
1505 2804 1607 2842 Var.
1625 2801 1715 2841 LL.
1735 2802 1802 2843 ed.
1825 2800 1955 2843 Antv.

960 2913 1135 2954 NOTAE

191 3001 267 3037 135
303 2995 526 3048 Unguibus]
553 2996 639 3038 Qui
653 3004 751 3035 sunt
762 3007 878 3035 arma
895 2995 1013 3045 puel·
1079 2993 1177 3032 dam
1206 3005 1316 3043 esse,
1333 2997 1377 3031 at
1397 3003 1479 3031 non
1500 2989 1733 3041 voluptatis
1760 2987 1835 3027 sed
1855 2986 1958 3028 libe-

134 3061 296 3100 larum:
328 3061 340 3082 ⁴
363 3060 502 3100 Sectis
534 3060 578 3099 in
601 3060 785 3111 juvenes
806 3058 1011 3109 unguibus
1079 3069 1221 3096 rorum
1242 3055 1395 3107 gratia,
1427 3055 1556 3106 idque
1576 3058 1623 3092 et
1640 3057 1802 3092 naturae
1821 3056 1865 3091 et
1882 3063 1956 3103 pa-

137 3123 325 3164 aerium!
354 3123 581 3163 Horatius.
1078 3120 1172 3159 triae
1193 3119 1355 3158 deberi.

189 3189 266 3226 13⁷
298 3186 451 3237 Mater]
469 3187 658 3226 Foemina
671 3186 808 3235 nubit,
820 3193 866 3226 nt
878 3192 1012 3225 mater
1133 3186 1210 3222 140
1252 3182 1413 3229 AEthon‚
1449 3178 1609 3232 Pyrois]
1668 3178 1849 3218 Nomina
1881 3176 1952 3215 de·

135 3248 226 3289 fiat.
266 3249 309 3288 S.
328 3249 605 3298 Augustinus.
661 3249 786 3288 Unde
806 3261 900 3288 cum
922 3249 1012 3300 qui·
1080 3253 1219 3286 sumta
1241 3261 1262 3285 a
1281 3246 1445 3285 Graecis
1464 3258 1474 3284 ε
1495 3244 1601 3292 αἵθω,
1621 3243 1765 3286 ardeo,·
1789 3237 1952 3289 πυροεὶς,

134 3312 232 3351 dam
254 3318 449 3351 censeret
470 3312 653 3363 sapienti
674 3324 755 3350 non
774 3311 1012 3350 ducendam
1078 3310 1355 3362 inflammatus,
1382 3306 1457 3347 ἀπὸ
1475 3306 1547 3347 τοῦ
1562 3302 1689 3356 πυρὸς,
1706 3301 1753 3342 ab
1771 3301 1875 3351 igne·

134 3385 226 3414 esse
240 3383 432 3426 uxorem,
443 3374 722 3415 Antisthenes
735 3374 845 3415 dixit
856 3375 1015 3415 ducen-
