2300 3906
655 190 897 231 imerus
940 193 1234 233 PROSERP.
1279 195 1397 235 mn.
1436 194 1477 233 1.
1857 188 1963 240 901

153 293 372 362 Vulgus
397 298 554 360 inerS,
581 300 784 366 opibus
811 320 1042 369 quorum
1067 306 1296 358 donatur
1321 306 1503 359 avaris

153 377 437 446 Quicquid
464 383 521 432 in
549 383 679 432 orbe
705 386 864 448 perit,
893 404 1029 453 quos
1054 388 1195 455 Styx
1219 389 1516 441 liventibus
1539 389 1713 442 ambit

153 461 424 513 Intert'usa
448 464 626 527 vadiS‚
654 471 708 516 et
733 484 872 533 quos
897 471 1161 521 fumantia
1186 476 1439 538 torquens

151 544 397 610 AEquora
425 547 728 612 gurgitibus
755 550 1088 617 Phlegethon
1113 554 1405 618 perlustrat
1434 555 1642 606 anhelis
1667 572 1682 620 ;

148 625 269 676 Vos
295 628 426 677 mihi
454 645 727 681 sacrarum
754 635 1053 699 penetralia
1076 636 1305 703 pandite
1321 651 1514 700 rerum,

149 708 225 760 Et
249 712 423 761 vestri
450 719 658 765 secreta
681 718 825 783 poli:
862 735 974 785 qua
998 719 1256 786 lampade
1281 719 1471 772 Ditem
1528 744 1532 745 ⁷

149 791 333 845 Flexit
361 793 547 859 Amor,
574 815 685 864 quo
712 801 879 854 ducta
912 803 1072 854 ferox
1099 802 1435 871 Proserpina
1456 810 1621 872 raptu

147 875 412 929 Possedit
437 878 618 932 dotale
646 883 830 935 Chaos
852 903 866 950 3
906 893 1247 954 quantasque
1273 904 1369 955 per
1395 904 1521 939 oras

145 997 482 1062 Deorum-regno
512 1002 723 1064 insatiabili
754 1007 871 1046 datur
905 1009 1084 1060 quicquid
1124 1010 1290 1050 moritur
1319 1011 1362 1050 in
1393 1012 1546 1061 mundo,
1576 1023 1668 1062 quos
1696 1010 1805 1062 Styx
1834 1008 1956 1047 inter-

133 1049 267 1102 fluens
318 1059 498 1114 ‚⁶²T⁶²⁴m²²
537 1067 646 1105 aquis
677 1058 817 1107 nigris,
858 1065 896 1099 et
945 1075 1036 1112 quos
1071 1063 1312 1112 Phlegethon
1346 1064 1494 1103 volvens
1532 1076 1637 1103 mare
1665 1063 1835 1113 igneum,
1871 1073 1952 1099 ssm-

143 1103 202 1141 bit
227 1105 438 1145 vorticibus
470 1107 674 1147 undarum
706 1114 952 1152 aestuantium
967 1127 981 1159 ,-
1017 1126 1103 1166 vos,
1134 1128 1159 1154 o
1190 1116 1283 1163 Dii,
1307 1116 1458 1166 aperite
1488 1117 1584 1156 mihi
1612 1115 1798 1168 mysteria
1828 1124 1955 1153 rerum

139 1168 356 1218 sacrarum,
389 1163 427 1198 et
457 1171 603 1200 arcana
634 1164 750 1202 vestri
778 1166 888 1205 coeli:
917 1167 1062 1214 dicite,
1089 1180 1164 1218 qua
1190 1168 1283 1214 sace
1302 1170 1452 1219 Cupido
1470 1169 1726 1220 inflammavit
1756 1179 1822 1208 cor
1857 1165 1950 1204 Plu-

139 1212 256 1261 tonas,
286 1217 332 1251 et
361 1225 435 1263 quo
469 1225 586 1254 curru
612 1215 726 1255 ducta
752 1216 873 1265 ferox
892 1219 1131 1271 Proserpina
1157 1221 1336 1260 habuerit
1368 1223 1408 1260 in
1444 1223 1830 1273 compensationem
1851 1217 1956 1257 dotis

899 1339 946 1353 ‘O
952 1339 1192 1355 ‘OO‘O‘O‘OO

139 1425 261 1487 Voss.
290 1432 479 1468 θρα-21
507 1430 674 1470 donatur
706 1432 770 1470 vel
797 1432 1019 1472 dominatur
1038 1433 1144 1484 Reg.
1179 1434 1317 1475 Oxon.
1349 1437 1520 1484 pr.—22
1538 1432 1626 1482 fuit
1645 1444 1721 1483 pro
1749 1433 1852 1483 perit
1872 1432 1957 1471 inc.

139 1477 290 1539 Heius.
323 1483 421 1542 quoii
446 1481 552 1532 Styx
576 1483 677 1523 Put.
705 1485 947 1523 humentibus
965 1487 1058 1525 Pal.
1074 1486 1158 1525 duo
1174 1487 1288 1526 Med.
1309 1487 1411 1527 Jun.
1432 1499 1498 1536 pr.
1519 1486 1665 1526 Heins.
1697 1486 1748 1524 H.
1766 1484 1959 1524 luentibus

137 1531 206 1571 ed.
226 1533 366 1572 Vlcet.
383 1534 591 1573 liventibus
616 1537 682 1574 vel
702 1537 943 1576 humentibus
962 1539 1060 1576 Vat.
1092 1542 1285 1578 sem—23
1317 1539 1518 1591 Intevfissa
1547 1540 1647 1578 Vat.
1685 1550 1770 1577 sec.
1808 1542 1958 1576 torrens

136 1584 258 1644 Voss.
277 1590 453 1649 P‘·—.²?‘
477 1588 704 1637 gurgitibus
729 1589 835 1629 Cod.
854 1590 1091 1629 Bartholin.
1113 1596 1158 1629 et
1180 1591 1329 1641 viginti
1347 1603 1421 1630 sex
1443 1592 1527 1640 alii,
1549 1590 1646 1629 Ald.
1666 1590 1731 1629 ed.
1754 1590 1895 1630 Parm.
1912 1595 1958 1628 et

79 1645 85 1653 ²
135 1636 284 1676 Vicet.
304 1639 513 1678 vortzczbus
539 1641 637 1681 Nic.
657 1642 808 1681 Heius.
827 1641 959 1682 Gesn.
980 1648 1025 1682 et
1041 1643 1108 1682 ed.
1129 1643 1415 1694 Bipont.—2’7
1443 1647 1551 1682 tactu
1567 1644 1669 1682 vat.
1686 1647 1821 1693 quart.
1836 1644 1955 1692 raptu

134 1687 328 1748 Florent.
348 1692 430 1732 duo
447 1692 567 1732 Med.
584 1693 685 1734 Put.
702 1695 850 1734 Heins.
870 1695 927 1735 H.
953 1702 998 1735 et
1017 1695 1100 1736 inc.
1120 1696 1254 1747 ejusd.
1272 1696 1377 1747 Reg.
1396 1697 1561 1735 Bonon.
1586 1695 1686 1736 Jun.
1703 1707 1787 1734 sec.
1804 1693 1954 1734 Ambr.

138 1747 240 1804 tert.
269 1744 353 1783 duo
368 1746 490 1785 Voss.
508 1750 594 1786 tres
613 1747 767 1787 Petav.
798 1749 906 1787 Exc.
929 1749 1087 1788 Petav.
1107 1755 1247 1801 quart.
1264 1756 1308 1788 et
1326 1749 1490 1789 Schott.
1510 1748 1608 1788 Ald.
1636 1748 1703 1787 ed.
1733 1747 1876 1786 Parm.
1910 1752 1955 1786 et

134 1794 275 1837 v1cet.
288 1799 396 1849 lapsu
416 1799 481 1839 vel
498 1805 613 1851 raptu
627 1801 762 1841 chart.
778 1801 1035 1842 Heius—28
1053 1803 1166 1842 letale
1183 1802 1309 1841 Chaos
1326 1802 1408 1843 inc.
1425 1801 1683 1842 Heins.—29
1699 1800 1843 1840 errarit
1860 1799 1954 1849 Pal.

962 1910 1136 1950 No'rAE

185 1984 237 2020 21
274 1982 422 2033 Vulgus
437 1984 561 2036 iners]
589 1986 642 2025 Id
672 1992 752 2038 est,
781 1987 1010 2028 multitudo
1078 1989 1192 2039 piam
1227 2000 1303 2040 per
1333 1988 1560 2028 intervalla
1592 1986 1727 2038 magis
1747 1999 1797 2026 ac
1815 1985 1950 2038 magis

133 2051 414 2086 mortuorum:
436 2048 548 2087 iners
569 2049 727 2101 quippe
745 2050 914 2100 ponitur
932 2060 1010 2101 pro

129 2113 316 2157 mortuo,
364 2109 437 2161 qui
481 2110 584 2150 nihil
621 2111 724 2162 agit.
778 2111 1007 2161 Virgilius:

130 2172 142 2192 ‘
164 2171 422 2211 Sternuntur
440 2172 597 2212 inertia
615 2173 771 2224 passim
788 2173 1008 2224 Corpora?

188 2232 338 2284 Opibus
355 2233 505 2284 avaris]
550 2234 647 2275 Hoc
685 2240 767 2284 est,
806 2235 1009 2287 quicquid

130 2296 244 2348 perit
278 2296 524 2348 adjungitur
550 2295 700 2348 opibus
722 2299 913 2336 Deorum
942 2298 1012 2336 In-

127 2357 333 2409 ferorum,
362 2359 433 2410 qui
468 2360 586 2398 avari
616 2365 728 2408 sunt,
763 2365 808 2399 et
840 2360 1009 2399 insatia-

128 2421 251 2471 biles,
278 2421 348 2473 qui
386 2421 526 2461 omnia
552 2422 730 2461 sorbent
757 2427 886 2475 atque
912 2434 1010 2462 con-

130 2489 316 2524 sumunt.
362 2482 591 2534 Virgilius:
640 2484 652 2504 ‘
685 2483 1006 2535 strepitumque

132 2544 384 2586 Acherontis
406 2544 554 2592 avari,'
576 2546 649 2597 qui
669 2545 810 2584 omnia
824 2546 937 2597 rapit
956 2557 1006 2585 ac

129 2608 324 2659 devorat,
346 2608 533 2659 nihilque
554 2609 748 2660 rejectat.

180 2674 234 2711 22
249 2669 373 2722 Styx]
391 2671 460 2709 Sic
480 2669 638 2709 dicitur
656 2668 732 2708 ἀπὸ
745 2666 816 2709 τοῦ
830 2671 1004 2720 στυγεῖν,

127 2733 298 2784 horrere,
326 2735 461 2784 odisse,
501 2733 619 2786 quasi
650 2733 705 2772 sit
735 2731 889 2772 fluvius
921 2734 1005 2773 odii

131 2802 259 2849 atque
296 2795 501 2835 horroris:
527 2801 735 2835 'ceterum
768 2795 877 2846 Styx
913 2794 1006 2835 fons

20 2843 24 2855 Ι
58 2884 62 2887 -
130 2865 197 2900 est
235 2858 434 2899 Arcadiae
463 2870 627 2898 veneno
653 2858 928 2910 frigidissimo
958 2871 1008 2898 ac

130 2922 464 2974 praesentissimo
483 2926 668 2972 scatens,
684 2927 729 2960 et
747 2921 842 2961 ideo
859 2920 1008 2961 tribui-

131 2990 202 3024 tur
243 2982 416 3024 Inferis.
488 2983 583 3023 Hoc
622 2996 783 3023 veneno
821 2984 1016 3042 sublatus

128 3044 388 3087 Alexander.

179 3108 426 3160 Liventibus]
447 3108 498 3148 Id
512 3113 594 3158 est,
614 3107 807 3147 Lividum
821 3107 1006 3160 nigrum-

128 3180 211 3224 que
229 3182 437 3212 venenum
459 3171 742 3211 volventibus.

181 3237 234 3276 24
264 3235 504 3285 Gurgitibus
517 3234 683 3285 anhelis]
709 3234 760 3274 Id
776 3239 859 3284 est,
875 3235 1005 3275 turbi-

127 3294 251 3336 nibus
287 3308 489 3348 aquarum
521 3298 776 3349 sonantium,
811 3304 857 3338 et
886 3299 1004 3339 velut

127 3368 248 3411 egro
284 3358 484 3412 anhelitu,
516 3366 695 3412 propter
730 3362 902 3402 nimiam
935 3374 1002 3403 co-

1079 2050 1364 2100 aestuantium,
1390 2049 1434 2089 id
1465 2049 1577 2103 quod
1610 2048 1768 2088 accidit
1797 2047 1837 2086 in
1867 2046 1951 2086 for-

1076 2111 1266 2150 nacibus.

1134 2172 1392 2223 Phlegethon]
1418 2170 1514 2211 Ἀπὸ
1540 2171 1612 2210 τοῦ
1634 2167 1854 2221 φλεγέθειν,
1890 2181 1954 2208 ur-

1076 2236 1180 2285 dere,
1198 2234 1314 2286 quasi
1335 2234 1390 2273 sit
1409 2234 1479 2273 ille
1497 2231 1650 2272 fluvius
1668 2232 1792 2283 ignis.

1129 2300 1180 2336 25
1212 2294 1456 2346 Penetralia]
1497 2293 1699 2345 Intellige
1733 2293 1952 2345 mysteria,

1077 2372 1172 2412 quae
1199 2364 1299 2398 sunt
1328 2358 1370 2397 in
1405 2358 1561 2397 intimis
1597 2355 1951 2408 penitissimisque

1077 2421 1253 2460 latebris
1292 2418 1557 2459 Inferorum:
1600 2418 1664 2456 vel
1702 2417 1949 2457 interiorem

1074 2481 1261 2531 domum,
1289 2480 1360 2520 ubi
1379 2485 1476 2519 sunt
1495 2481 1715 2532 latentque
1742 2479 1816 2519 illa
1842 2491 1950 2532 mys·

1075 2543 1197 2583 teria.

1126 2609 1179 2645 26
1208 2606 1316 2656 Poli]
1344 2605 1475 2644 Polus
1498 2604 1567 2644 hic
1587 2603 1746 2644 dicitur
1764 2602 1817 2643 de
1833 2601 1947 2644 Infe-

1073 2670 1130 2710 ris
1147 2683 1159 2719 ;
1189 2670 1346 2723 quippe
1364 2669 1433 2709 hic
1453 2681 1505 2709 ex
1523 2667 1726 2720 Virgilio:
1755 2669 1768 2690 ‘
1788 2667 1946 2707 Solem-

1075 2746 1155 2786 que
1175 2746 1310 2783 suum,
1329 2744 1403 2772 sua
1423 2731 1562 2772 sidera
1577 2729 1760 2771 norunt!

1131 2797 1219 2842 Qua
1238 2794 1429 2847 lannpade]
1457 2795 1552 2836 Qua
1575 2793 1739 2834 rati0ne
1759 2797 1854 2845 post
1882 2795 1949 2832 tot

1074 2860 1228 2899 saecula
1245 2857 1382 2899 factus
1399 2859 1452 2897 sit
1467 2868 1608 2896 amans
1624 2855 1771 2895 Pluto.
1814 2852 1948 2894 Arma

1076 2921 1298 2973 Cupidinis
1321 2926 1418 2960 sunt
1438 2920 1523 2960 tela
1541 2925 1587 2959 et
1603 2917 1734 2959 faces.

1131 2985 1283 3036 Ditem]
1310 2984 1555 3032 Plutonem,
1581 2979 1658 3021 ἀπὸ
1674 2980 1745 3019 τοῦ
1761 2976 1946 3028 πλούτου,

1073 3059 1224 3098 nempe
1240 3046 1390 3086 Ditem
1403 3058 1427 3084 u
1439 3043 1822 3095 divitiis,dixerunt,
1834 3039 1946 3093 quod

1072 3109 1243 3150 divitias
1262 3120 1406 3148 omnes
1440 3112 1553 3147 terra
1577 3105 1794 3146 abstrusas
1818 3101 1949 3155 possi-

1073 3173 1207 3224 deret,
1229 3178 1274 3211 et
1292 3183 1358 3210 res
1378 3181 1523 3210 omnes
1544 3180 1635 3220 quoe
1655 3170 1852 3219 pereunt,
1883 3163 1943 3224 in·

1072 3234 1275 3286 explebili
1301 3231 1541 3284 cupiditate
1559 3227 1819 3270 absorberet.

1125 3301 1177 3338 28
1206 3296 1386 3337 Possedit
1404 3295 1531 3335 dotale
1550 3289 1691 3340 Chaos]
1734 3287 1828 3327 Hoc
1859 3290 1941 3337 est,

1071 3360 1188 3402 facta
1208 3358 1264 3400 sit
1284 3358 1452 3411 Regina
1469 3353 1720 3407 Inferorum,
1754 3351 1868 3390 velut
1894 3344 1957 3390 ln'
