2300 3906
288 223 396 276 706

287 352 524 423 Optatos
546 356 807 406 renovant
833 351 1030 403 eadem
1065 350 1198 401 mihi
1222 349 1464 401 culmina
1494 352 1692 412 coetus,

367 439 641 491 Personat
664 442 715 488 et
734 441 868 488 noto
896 435 1102 504 Pythia
1127 439 1256 486 vate
1284 433 1494 484 domus,

291 523 549 576 Consulis
575 523 664 573 hic
687 522 874 573 fasces
902 519 1100 582 cecini,
1123 519 1470 586 Libyamque
1495 519 1767 584 receptam
1790 532 1803 567 :
2093 511 2130 564 5

365 607 480 659 Hic
507 607 641 658 mihi
668 606 957 674 prostratis
977 605 1122 656 bella
1148 602 1392 655 canenda
1420 601 1600 653 Getis.

292 691 405 743 Sed
429 692 578 758 prior
604 689 841 756 effigiem
866 689 1063 740 tribuit
1090 701 1379 739 successus
1402 685 1660 747 ahenam,

265 760 268 761 ⁷
362 773 589 842 Oraque
615 774 890 842 patricius
913 775 1105 823 nostra
1136 770 1342 822 dicavit
1365 768 1556 820 honos.

850 236 945 275 ct..
987 229 1345 272 CLAUDIANI
1387 228 1546 268 XXV.

286 917 444 957 coetibus
466 916 677 956 Romanis.-
704 917 835 954 eadem
848 916 1005 966 pulpita
1023 916 1190 955 reddunt
1217 914 1314 954 mihi
1339 912 1607 963 frequentiam
1632 910 1862 961 expetitam,
1883 915 1922 950 et
1947 911 2134 961 templum

285 967 481 1021 Apollinis
499 973 653 1008 resonat
674 968 872 1007 cantibus
892 969 1018 1019 poe'toe
1039 969 1200 1017 cogniti.
1250 968 1331 1006 Hic
1351 965 1505 1004 cantavi
1515 964 1650 1013 fasces
1672 965 1851 1003 Consulis
1869 963 2131 1012 Stilichonis,

287 1029 327 1062 et
362 1023 524 1073 Libyam
555 1026 748 1071 receptam
781 1021 834 1059 ab
870 1033 945 1059 eo:
975 1021 1040 1059 hic
1068 1021 1168 1059 bella
1196 1019 1390 1059 cantanda
1409 1024 1509 1057 sunt
1528 1018 1640 1067 mihi,
1662 1018 1777 1056 Getis
1811 1017 2018 1068 superatis.
2074 1017 2133 1055 At

283 1076 434 1127 primus
451 1074 559 1114 labor
575 1078 728 1126 peperit
759 1073 857 1113 milii
875 1078 1049 1114 statuam
1065 1086 1207 1114 ceream
1220 1086 1238 1121 ;
1266 1076 1304 1112 et
1332 1072 1544 1112 Senatores
1560 1075 1898 1121 >consecraverunt
1925 1070 2132 1123 honorifice

1061 1180 1357 1195 0000000000

289 1247 443 1287 Sched.
466 1247 582 1287 Gud.
605 1249 646 1286 in
665 1247 816 1299 quibus
834 1251 976 1286 tamen
997 1247 1119 1286 deest
1147 1245 1371 1285 Praefatio.
1410 1246 1531 1286 Rott.
1562 1251 1607 1285 et
1637 1247 1822 1285 Lucens.
1850 1256 1916 1295 pr.
1943 1245 1990 1282 de
2017 1243 2134 1282 Bello

291 1301 472 1342 Gothico.
494 1302 538 1340 in
560 1302 746 1340 Florent.
780 1307 875 1340 erat
894 1301 1015 1339 Liber
1038 1299 1251 1339 Claudiani
1268 1300 1316 1338 de
1334 1301 1442 1338 culta
1467 1299 1683 1338 clarissimo
1701 1298 1885 1337 Stiliconi
1899 1310 1972 1348 per
1992 1297 2136 1336 Roma-

290 1367 370 1393 nos.
391 1355 497 1404 Reg.
516 1354 618 1393 Put.
640 1355 759 1393 Voss.
781 1355 887 1393 Exc.
907 1354 1073 1393 Schott.
1094 1353 1201 1391 Cod.
1219 1353 1370 1393 Rhem.
1391 1359 1436 1392 et
1456 1353 1560 1391 Var.
1583 1353 1667 1391 LL.
1697 1351 1765 1390 ed.
1787 1350 1922 1390 AntV.
1953 1351 2000 1388 de
2021 1350 2135 1389 Bello

293 1407 432 1446 Getico
453 1408 701 1447 inscribunt.
735 1409 774 1445 in
796 1409 904 1446 Exc.
928 1406 1038 1446 Laeti
1059 1410 1240 1445 vocatur
1266 1406 1386 1445 Liber
1414 1407 1459 1444 de
1482 1406 1658 1445 Victoria
1678 1404 1882 1444 Stiliconis
1899 1407 2034 1442 contra
2055 1403 2136 1441 Ge-

291 1464 366 1500 tas.
387 1460 430 1498 in
455 1462 602 1499 Petav.
622 1473 685 1510 pr.
727 1461 790 1500 De
818 1460 996 1500 Victoria
1016 1459 1220 1498 Stiliconis
1238 1463 1374 1498 contra
1392 1459 1607 1498 Alaricum.
1646 1459 1688 1496 in
1718 1458 1839 1497 Leid.
1863 1470 1928 1508 pr.
1949 1460 2044 1496 erat
2067 1457 2135 1495 In-

288 1513 386 1563 cipit
406 1513 528 1552 Liber
553 1517 599 1552 cle
618 1514 889 1560 intersectione
918 1513 1087 1562 Alarici,
1115 1519 1160 1551 et
1180 1512 1327 1562 Incipit
1364 1513 1556 1561 Prologus
1587 1514 1635 1551 de
1667 1510 1934 1557 interfectione
1962 1509 2134 1549 Alarici.

288 1565 388 1605 Ald.
406 1566 536 1605 habet
552 1568 599 1605 de
620 1568 736 1606 Bello
755 1567 896 1605 Getico
916 1566 956 1604 id
977 1570 1034 1604 est
1051 1567 1098 1604 de
1123 1565 1298 1605 Victoria
1328 1565 1530 1604 Stiliconis
1556 1568 1689 1603 contra
1717 1565 1932 1603 Alaricum.
1978 1563 2134 1613 Margo

287 1619 430 1658 Parm.
452 1621 500 1658 de
526 1619 699 1658 Victoria
719 1618 926 1657 Stiliconis
951 1622 1087 1656 contra
1117 1617 1321 1656 Alaricum
1348 1630 1415 1656 seu
1434 1620 1480 1656 (Ie
1512 1618 1627 1657 Bello
1650 1616 1804 1656 Getico.
1828 1616 1870 1654 iu
1892 1617 2047 1655 Petav.
2067 1628 2135 1666 pr.

289 1684 415 1710 manu
436 1673 604 1711 recenti
634 1674 872 1721 ascriptum
906 1676 1017 1720 erat,
1053 1669 1251 1717 Proefatio
1271 1671 1317 1708 de
1344 1671 1518 1710 Victoria
1539 1670 1743 1709 Stiliconis
1761 1674 1896 1708 contra
1916 1668 2135 1718 Alaricum,

288 1726 385 1763 item
399 1724 519 1763 Liber
536 1726 583 1763 de
610 1725 785 1764 Victoria
805 1724 994 1773 Honorii,
1012 1724 1078 1774 qui
1096 1723 1333 1762 attribuitur
1353 1723 1554 1763 Stiliconi.
1595 1724 1703 1763 Exc.
1723 1724 1906 1762 Lucens.
1925 1734 1987 1773 pr.
2005 1722 2137 1762 habet

287 1777 353 1817 De
374 1778 486 1816 Bello
510 1778 689 1817 Gothico.
726 1778 872 1817 Heius.
900 1777 1186 1827 ascripserat:
1208 1777 1367 1815 Bellum
1390 1776 1620 1827 Gothicum]
1651 1777 1713 1816 sic
1746 1777 1929 1815 Trebell.
1961 1775 2069 1815 Poll.
2087 1776 2134 1815 in

292 1829 473 1870 Claudio
496 1843 534 1880 p.
556 1835 650 1870 202.
673 1832 700 1870 l.
722 1834 786 1870 12.
810 1843 853 1881 p.
876 1834 970 1869 203.
992 1830 1020 1868 l.
1046 1833 1192 1869 12.-2
1212 1828 1349 1878 fertur
1366 1843 1406 1870 n.
1432 1831 1573 1871 Thalia
1593 1830 1696 1880 loqui
1716 1830 1798 1869 inc.
1821 1830 1973 1869 Heius.
2010 1829 2137 1868 modis

290 1884 360 1922 vel
378 1883 504 1923 choris
526 1884 667 1924 Oxon.
693 1888 839 1934 pr.——3
870 1887 1050 1922 revocant
1072 1884 1171 1922 Put.
1191 1882 1344 1923 Ambr.
1372 1896 1438 1934 pr.
1489 1884 1657 1923 culmine
1687 1889 1730 1922 et
1760 1896 1816 1923 ni.
1834 1895 1918 1922 sec.
1960 1883 2135 1922 carmina

290 1938 394 1975 Vat.
417 1949 479 1985 pr.
531 1939 658 1976 cultus
678 1937 761 1976 inc.
794 1937 945 1975 Heius.
988 1940 1123 1974 cantus
1153 1937 1418 1986 conjiciebat
1452 1937 1689 1977 Heins.—4
1719 1937 1908 1976 Personet
1937 1937 2038 1975 Vat.
2068 1947 2135 1987 pr.

291 1994 379 2028 voto
400 1989 577 2029 id.Vat.
610 1990 750 2028 Phicia
771 1990 893 2028 Rott.
923 1989 1076 2027 Phacia
1094 1989 1196 2027 Vat.
1218 1995 1320 2030 tert.
1364 1991 1509 2029 Pincia
1539 1992 1641 2030 Var.
1671 1990 1758 2030 LL.
1790 2002 1814 2028 e
1845 2001 1974 2039 marg.
1991 1989 2138 2029 Pann.

290 2047 368 2080 -5
400 2042 490 2081 huic
499 2042 631 2090 fasces
650 2043 752 2082 Put.
795 2043 858 2081 hic
878 2043 946 2081 vel
965 2043 1048 2081 haec
1069 2041 1218 2083 Ambr.
1238 2054 1304 2092 pr.
1347 2044 1488 2083 cecinit
1521 2043 1644 2084 Leid.
1680 2057 1746 2095 pr.
1777 2044 1877 2084 Jun.
1899 2055 1962 2094 pr.
1992 2042 2134 2083 Oxon.

290 2107 374 2135 sec.
394 2096 497 2135 Vat.
520 2102 618 2135 tert.
643 2097 756 2136 Pric.
778 2096 901 2135 Rott.
925 2094 1074 2134 Ambr.
1098 2107 1163 2145 pr.
1205 2095 1328 2134 cecini
1347 2097 1676 2147 quatuordecim
1706 2097 1792 2146 alii,
1820 2098 1926 2138 Exc.
1955 2096 2137 2136 Gevart.

292 2148 474 2188 Lucens.
494 2161 555 2198 pr.
576 2148 677 2188 Ald.
700 2148 766 2188 ed.
798 2149 939 2187 Parm.
970 2149 1115 2187 Vicet.
1143 2152 1186 2186 et
1213 2148 1433 2189 colim—6
1462 2150 1555 2188 Hac
1581 2151 1684 2189 Pnt.
1728 2151 1829 2189 Haec
1848 2149 1997 2189 Ambr.
2018 2162 2137 2201 pr.—

291 2204 316 2239 7
343 2201 455 2253 prius
471 2202 565 2240 Pal.
587 2202 685 2241 Pat.
729 2202 866 2240 ae'nam
888 2202 992 2240 Exc.
1015 2202 1199 2240 Lucens.
1221 2213 1288 2252 pr.
1329 2201 1491 2241 ahenam
1511 2208 1598 2242 vet.
1619 2203 1723 2254 Gyr.
1741 2205 1848 2242 Exc.
1870 2203 1995 2253 Laeti,
2012 2211 2057 2242 et
2075 2202 2136 2242 sic

294 2254 462 2293 Claver.
504 2267 694 2294 amoenam
725 2255 810 2294 duo
840 2254 990 2294 Leidd.
1023 2254 1205 2293 totidem
1237 2254 1380 2295 Oxon.
1408 2259 1592 2307 quatuor
1610 2257 1731 2295 Vatt.
1754 2256 1848 2296 Pal.
1868 2257 1993 2295 Farn.
2015 2255 2136 2294 Prie.

295 2307 414 2348 Rott.
435 2306 568 2349 Oisel.
597 2320 766 2348 amoenas
780 2308 880 2349 Jun.
903 2311 1051 2360 pr.-—8
1078 2306 1261 2359 patriciis
1277 2308 1397 2349 Med.
1415 2321 1500 2349 sec.
1528 2312 1658 2348 cestra
1673 2309 1773 2349 Vat.
1792 2321 1858 2361 pr.
1882 2309 2018 2349 honor.
2036 2308 2135 2348 Pal.

1123 2408 1299 2448 NOTAE

294 2498 412 2550 gavit
431 2498 484 2538 ad
505 2499 766 2539 Pollentiam
782 2499 947 2550 urbem,
961 2501 1089 2552 juxta
1108 2501 1181 2540 Al-

295 2575 372 2613 pes
386 2563 429 2601 in
447 2562 589 2602 Italia.
647 2563 774 2603 Unde
795 2564 954 2604 bellum
975 2565 1057 2604 hoc
1079 2565 1182 2604 dici-

1249 2503 1550 2544 Romanorum.

1301 2569 1326 2605 4
1357 2567 1508 2618 Pythia
1536 2564 1685 2616 domus]
1712 2565 1939 2617 Templum
1971 2563 2138 2618 Apolli-

292 2631 375 2676 tur,
391 2627 458 2665 vel
478 2626 637 2665 Bellum
656 2627 855 2676 Geticum,
877 2628 944 2666 vel
961 2628 1180 2668 Pollentia-

291 2699 394 2736 cum,
435 2687 504 2726 vel
557 2688 732 2728 Victoria
775 2688 1005 2728 Stilichonis
1046 2694 1184 2730 contra

292 2749 509 2791 Alaricum.

349 2816 370 2852 1
402 2812 567 2852 Resides
584 2813 722 2864 annos]
750 2815 873 2854 Duos
907 2826 1037 2853 annos
1063 2815 1178 2867 quie-

294 2879 363 2913 tos
399 2874 565 2915 scilieet
596 2882 880 2929 expertesque
918 2877 1051 2918 studii
1079 2878 1179 2930 poe-

298 2935 391 2976 tici.

346 2999 372 3036 2
402 2997 560 3048 ff'halia]
597 2999 692 3039 Una
711 3013 766 3040 ex
786 3003 940 3054 Musis,
974 3004 1035 3043 sic
1062 3004 1182 3044 dicta

293 3057 370 3099 ἀπὸ
402 3060 474 3098 τοῦ
501 3058 674 3112 θάλλειν,
693 3063 854 3116 florere,
880 3067 993 3117 quod
1026 3066 1183 3106 Poeta-

293 3133 388 3162 rum
408 3134 635 3175 rerumque
656 3138 757 3177 quas
783 3134 944 3167 canunt
979 3130 1113 3181 glorIa
1140 3130 1183 3168 in

296 3184 389 3224 dies
409 3186 543 3236 magis
565 3198 614 3225 ac
634 3188 768 3238 magis
790 3187 1049 3232 efflorescat.
1098 3191 1184 3232 Hic

294 3249 450 3290 Thalia
481 3250 660 3290 sumitur
706 3264 782 3304 pro
836 3254 977 3306 Musa,
1013 3255 1185 3307 species

296 3325 378 3367 pro
398 3324 568 3364 genere.

349 3377 516 3418 Fruitur
547 3378 692 3430 choris]
738 3377 901 3420 Nostra
937 3382 1080 3434 Musa,
1111 3382 1181 3421 vel

296 3438 440 3494 potius
459 3449 536 3481 nos
563 3438 742 3482 fruimur
776 3442 1016 3484 attentione
1047 3447 1181 3485 coetus

1248 2628 1328 2678 nis,
1349 2630 1421 2680 qui
1440 2628 1625 2680 Pythius
1643 2629 1883 2680 appellatus
1901 2634 1968 2670 est
1998 2641 2024 2668 a
2042 2641 2138 2681 per-

1249 2692 1412 2731 domito
1434 2697 1639 2742 serpente
1663 2692 1878 2743 Pythone.
1933 2685 2072 2731 Porro
2091 2692 2136 2731 in

1247 2754 1328 2794 hoc
1363 2755 1525 2805 templo
1562 2754 1772 2806 Apollinis
1810 2756 2001 2795 carmina
2032 2755 2139 2795 reci-

1247 2819 1469 2868 tabantur,
1495 2832 1646 2871 magna
1679 2826 1848 2859 astante
1881 2818 2138 2872 frequentia.

1247 2881 1382 2921 Immo
1402 2888 1445 2921 et
1462 2882 1674 2922 Poemata
1707 2889 1751 2922 et
1768 2883 1998 2922 Poetarum
2018 2881 2136 2921 nobi-

1246 2944 1397 2984 liorum
1412 2944 1619 2996 imagines
1635 2946 1764 2985 lauris
1781 2946 2004 2985 hederisve
2017 2957 2140 2985 coro-

1249 3012 1363 3046 natae
1396 3007 1455 3047 ibi
1490 3008 1829 3059 reponebantur.
1873 3007 2000 3047 Unde
2031 3008 2138 3048 Per-

1249 3069 1352 3118 sius,
1370 3070 1382 3091 ‘
1407 3070 1600 3110 Quorum
1620 3070 1825 3121 imagines
1846 3069 2039 3109 lambunt
2066 3069 2137 3108 he-

1250 3133 1366 3172 derae
1388 3132 1630 3184 sequaces!

1303 3195 1409 3234 Noto
1429 3195 1536 3246 vate]
1567 3195 1785 3234 Personat
1806 3194 2001 3234 cantibus
2024 3195 2134 3235 vatis

1249 3256 1425 3307 cogniti,
1456 3268 1528 3295 seu
1563 3256 1636 3308 qui
1668 3257 1759 3308 jam
1789 3258 1834 3296 in
1866 3258 1945 3296 hoc
1972 3258 2135 3308 templo

1249 3319 1407 3370 saepius
1430 3318 1601 3358 auditus
1617 3324 1698 3359 est.

1301 3385 1325 3419 6
1356 3381 1515 3434 Fasces]
1561 3383 1814 3422 Consulatus
1847 3383 2047 3435 insignia,
2078 3383 2133 3423 de

1249 3442 1401 3495 quibus
1439 3455 1592 3497 supra:
1640 3450 1864 3486 sumuntur
1912 3458 1992 3500 pro
2039 3445 2132 3499 ipso
