2300 3906
580 236 645 277 lu
688 239 727 276 1.
766 239 939 279 cous.
977 239 1243 281 s'rimcn.
1286 240 1408 282 1213.
1449 242 1515 281 11.
1856 232 1963 313 6θρ

152 350 414 418 Tybridis
439 353 493 403 in
517 368 745 415 morem,
770 354 1025 410 domibus
1048 361 1309 427 praevelet
1332 360 1587 413 amoenis.

158 432 309 485 Hinc
335 435 499 486 Poeni
520 437 798 489 cumulant
822 439 1031 505 laudeS,
1057 444 1208 510 quod
1232 460 1359 496 rura
1381 448 1614 511 tyranno
1863 445 1971 499 190

156 516 360 572 Libera
385 519 739 584 possideant:
778 522 902 575 hinc
929 525 1213 580 obsidione
1238 527 1454 579 solutus

158 599 496 664 PannoniuS,
522 609 790 671 potorque
814 605 967 671 Savi,
993 610 1144 676 quod
1170 611 1367 662 clausa
1392 613 1475 661 tot
1500 610 1660 662 annis

159 682 387 751 Oppida
409 685 612 736 laxatis
639 702 809 741 ausus
821 689 939 757 jam
963 692 1197 757 pandere
1220 681 1417 759 portiS,

157 763 400 818 Rursum
426 772 549 822 cote
572 763 742 820 nouat
765 769 948 836 nigras
971 773 1217 841 rubigine
1242 775 1436 838 falces,

159 846 484 916 Exesosque
511 851 620 903 situ
646 852 798 918 cogit
822 854 1108 919 splendere
1132 857 1348 923 ligones
1372 876 1384 910 ι
1865 861 1976 917 195

159 931 535 1000 Agnoscitque
561 951 740 998 casas,
768 941 824 987 et
848 938 1083 990 collibus
1118 942 1311 992 oscula
1334 943 1477 994 notis

161 1014 325 1081 Figit,
351 1020 404 1066 et
427 1016 689 1083 impresso
714 1019 886 1084 glebis
906 1036 1015 1072 non
1039 1023 1214 1079 credit
1233 1029 1429 1080 aratro,

161 1182 301 1218 texant
318 1179 494 1231 aedificiis
510 1179 681 1230 pulchris
699 1180 894 1220 Rhenum
910 1182 1208 1229 formidandum
1218 1184 1387 1235 fluvium
1406 1185 1458 1224 ob
1473 1190 1608 1233 gentes
1625 1185 1816 1227 infestas.
1870 1187 1980 1229 Hine

166 1232 510 1282 Carthaginienses
529 1238 708 1275 acervant
731 1235 902 1274 encomia
922 1240 1007 1284 tua,
1034 1238 1131 1286 quod
1152 1241 1307 1276 teneant
1325 1251 1421 1276 arta
1450 1251 1523 1277 sua
1553 1251 1674 1278 vacua
1697 1244 1862 1290 tyranno
1894 1241 1984 1280 Gil-

164 1284 299 1325 done:
328 1285 418 1324 hinc
446 1285 642 1325 Pannonii
670 1286 828 1325 liberati
864 1288 915 1327 ab
945 1289 1117 1335 obsidiis,
1146 1294 1183 1328 et
1215 1290 1250 1328 is
1278 1291 1345 1340 qui
1377 1290 1474 1330 bibit
1504 1290 1648 1330 Savum
1666 1290 1855 1339 fluvium,
1886 1294 1984 1342 qaod

160 1339 285 1388 portis
298 1339 481 1379 reseratis
497 1350 612 1377 ausus
628 1339 780 1389 aperire
789 1339 876 1387 jam
893 1341 1004 1380 urbes
1024 1355 1119 1381 suas
1140 1344 1288 1381 clausas
1306 1355 1382 1394 per
1398 1347 1455 1382 tot
1474 1355 1605 1390 annos,
1624 1343 1727 1382 acuit
1747 1348 1828 1382 cote
1845 1344 1984 1386 iterum

155 1391 282 1440 falces
296 1391 448 1430 scabras
466 1391 664 1441 rubigine,
684 1396 720 1431 et
730 1392 837 1440 facit
857 1395 1000 1433 micare
1022 1396 1170 1444 ligones
1188 1408 1359 1434 corrosos
1376 1397 1494 1446 carie,
1518 1400 1556 1435 et
1574 1398 1697 1435 noscit
1714 1397 1874 1446 tuguria
1893 1409 1984 1445 sua,

164 1447 203 1499 et
218 1443 408 1495 imprimit
424 1447 550 1484 oscula
568 1444 678 1485 clivis
697 1446 776 1485 sibi
795 1446 976 1496 cognitis,
991 1452 1030 1487 et
1050 1461 1125 1488 nou
1144 1449 1306 1489 discedit
1326 1462 1475 1490 vomere
1495 1449 1617 1503 ‘'fi-⁷⁶⁰
1635 1450 1676 1488 in
1694 1450 1850 1501 campis.
1897 1448 1988 1503 Syl,

935 1559 948 1570 a
962 1555 1029 1569 θέο
1037 1553 1227 1569 ‘OOOO‘OO

165 1618 331 1658 Thuan.
351 1617 499 1658 Ambr.
517 1629 583 1668 pr.
613 1618 773 1658 Moret.
794 1629 877 1659 sec.
897 1619 1005 1657 Exc.
1034 1619 1216 1659 Lucem.
1252 1631 1336 1658 sec.
1363 1631 1494 1669 sepum
1511 1619 1678 1658 Tholos.
1712 1628 1820 1658 omen
1839 1617 1987 1663 Ambr.

167 1674 367 1723 pin—189
399 1671 583 1722 Tybridis
603 1672 670 1710 vel
693 1671 881 1722 Tygridis
916 1671 999 1711 inc.
1036 1671 1186 1712 Heius.
1212 1673 1395 1722 praeselat
1427 1671 1575 1713 Ambr.
1598 1684 1658 1722 pr.
1681 1671 1785 1713 Exc.
1806 1673 1987 1718 Lucens,

168 1723 1763 1827 &nomiminis82²5‘fflfflnffi§2201'30‘322‘333'222
1797 1726 1985 1817 issmssi‘

170 1829 322 1868 Ambr.
344 1834 442 1868 tert.
459 1830 580 1868 Voss.
599 1830 707 1867 Exn.
726 1830 907 1868 Gevart.
927 1830 1027 1868 Var.
1050 1829 1138 1868 LL.
1159 1843 1180 1868 e
1199 1842 1334 1881 marg.
1354 1830 1496 1870 Parni.
1528 1831 1637 1881 quod
1691 1829 1814 1868 robat
1834 1829 1988 1870 Heins-

171 1885 304 1921 ——190
334 1881 442 1920 Huic
460 1882 562 1920 Put.
590 1882 781 1920 cumulent
802 1883 909 1932 Reg.
943 1885 1078 1930 grates
1107 1882 1166 1921 id.
1184 1883 1291 1933 Reg.
1321 1884 1453 1921 laudes
1487 1883 1554 1920 vel
1582 1895 1655 1931 gra
1678 1894 1718 1921 es
1739 1882 1880 1921 Oxon.
1901 1893 1988 1924 sec.

171 1935 238 1986 qui
255 1935 375 1973 Voss.
394 1933 490 1981 jura
507 1933 698 1974 id.v0ss.
718 1946 772 1974 m.
794 1947 857 1985 pr.
889 1933 1034 1973 Ambr.
1058 1940 1159 1973 tert.
1174 1940 1338 1984 paterno
1359 1936 1615 1973 Rom—192
1640 1939 1848 1984 portorqae
1867 1935 1989 1973 Voss.

171 1999 229 2027 ιιι.
243 1998 307 2039 ρι’.
335 1986 459 2026 Saavi
478 1986 577 2025 Var.
611 1987 697 2026 LL.
730 1986 798 2026 ed,
831 1986 964 2026 Antv.
1002 1999 1058 2026 m.
1097 1998 1160 2036 pr.
1192 1987 1293 2026 Favi
1322 1986 1619 2025 Mazar.'Padi
1648 1987 1747 2025 Vat.
1782 1997 1868 2024 sec.
1907 1985 1991 2028 inc.
2011 1988 2022 1997 '⁸

173 2040 326 2081 Heins.
363 2040 526 2080 Thuan.
545 2038 695 2080 Ambr.
729 2051 815 2079 sec.
846 2039 946 2079 Sani
980 2038 1100 2078 Leid.
1123 2051 1188 2089 pr.
1209 2052 1305 2078 cum
1325 2038 1546 2078 duodecim
1569 2038 1752 2089 scriptis.
1783 2038 1911 2078 Fanni
1929 2038 1996 2077 vel

175 2093 281 2133 Padi
300 2093 394 2132 Pal.
413 2092 531 2132 Med.
552 2105 615 2143 ρι’.
643 2092 741 2143 quod
773 2093 904 2131 clausa
936 2092 1056 2132 Leid.
1080 2103 1165 2131 sec.
1203 2097 1248 2131 et
1269 2091 1454 2131 sedecim
1478 2091 1563 2140 alii,
1592 2091 1895 2130 Exc.Gevart.
1915 2091 1994 2130 Ln-

176 2158 292 2187 cens.
312 2158 375 2198 pr.
395 2147 497 2185 Var.
517 2146 601 2186 LL.
619 2157 643 2184 e
660 2157 793 2195 marg.
810 2146 954 2184 Parm.
970 2145 1035 2195 qm·
1051 2144 1190 2184 Vicet.
1209 2145 1352 2184 Parin.
1366 2144 1488 2184 Junt.
1503 2144 1657 2195 Isingr.
1670 2143 1805 2188 Colin.
1828 2143 1889 2182 Gr
1924 2143 1995 2195 ph.

176 2205 223 2239 et
242 2199 391 2250 scripti
412 2199 594 2250 aliquot,
625 2210 742 2237 aranos
763 2198 934 2250 legebat
954 2198 1237 2237 Heins.-193
1266 2197 1435 2236 laudatis
1452 2197 1568 2236 Pric.
1603 2197 1720 2239 audet
1755 2195 1871 2235 Med.
1892 2155 1994 2240 {ern

176 2252 276 2292 ausit
298 2253 456 2292 Moret.
477 2264 542 2303 ρι’.
571 2264 682 2291 ausos
698 2253 797 2291 Vat.
820 2263 884 2301 ρι’.
906 2263 960 2289 ιιι.
983 2253 1184 2301 pr.-—194
1212 2261 1329 2289 novas
1362 2250 1464 2290 Vat.
1499 2262 1564 2301 pr.
1596 2249 1729 2290 Oisel.
1769 2249 1910 2289 Oxon.
1930 2260 1995 2299 pr.

177 2310 318 2346 novant
334 2305 451 2345 Med.
473 2311 574 2344 tert.
603 2305 719 2354 nigra
737 2305 854 2344 Med.
876 2310 1018 2355 quart.
1049 2302 1186 2342 rubras
1204 2303 1322 2342 Med.
1355 2308 1456 2342 tert.
1481 2303 1621 2352 pigras
1651 2302 1719 2340 vel
1745 2300 1880 2340 rubeas
1895 2302 1999 2345 Vat.

177 2358 429 2409 precatigine
446 2359 546 2398 Vat.
565 2369 652 2397 sec.
671 2357 801 2405 fasces
820 2358 1061 2407 Reg.—-195
1092 2356 1198 2406 cogis
1217 2356 1350 2396 Oisel.
1389 2355 1530 2394 Oxon.
1565 2356 1766 2404 pun—196
1794 2354 2001 2403 Agnoscit·

176 2418 372 2461 quecasas
395 2412 489 2451 Vat.
510 2411 642 2462 quint.
663 2411 780 2449 Prie.
803 2410 937 2448 Oisel.
952 2408 1070 2447 Med.
1094 2414 1191 2446 tert.
1213 2409 1313 2448 Put.
1348 2407 1447 2446 Pat.
1479 2407 1631 2445 Petav.
1654 2409 1752 2445 tert.
1789 2405 1910 2444 Leid.
1931 2416 1998 2456 pr.

182 2463 401 2503 Ald.Exc.
420 2464 602 2502 Lucens.
624 2475 689 2513 ρι’.
716 2463 905 2510 Agnoscit
925 2473 1078 2500 caussas
1101 2460 1216 2499 Leid.
1238 2471 1320 2499 sec.
1339 2471 1434 2497 cum
1456 2457 1608 2508 viginti
1628 2457 1736 2509 aliis,
1764 2462 1808 2495 et
1837 2457 1906 2502 ed,
1923 2457 1999 2505 Vi,

183 2522 271 2555 cet.
295 2516 502 2564 Cognoscit
537 2517 603 2554 vel
622 2515 815 2564 Agnoscit
834 2514 976 2552 Oxon.
1009 2525 1094 2552 sec.
1122 2524 1230 2551 casus
1248 2513 1347 2551 Vat.
1366 2516 1468 2550 tert.
1499 2523 1552 2555 ιιι.
1584 2521 1670 2549 sec.
1699 2510 1830 2554 caulas
1847 2508 2001 2550 Ambr-

184 2573 285 2611 tert.
305 2569 410 2607 Em.
430 2568 596 2607 schott.
623 2578 759 2606 caussa
791 2566 891 2605 Var.
927 2565 1013 2604 LL.
1043 2564 1111 2603 ed.
1148 2564 1279 2604 Antv.
1308 2564 1469 2603 canibus
1486 2563 1606 2610 Med.
1627 2567 1727 2601 tert.
1761 2561 1916 2602 collibus
1935 2562 2002 2602 vel

185 2621 346 2660 callibus
367 2620 487 2660 Leid.
511 2633 574 2671 pr.
620 2619 730 2659 silvis
751 2630 828 2668 pro
847 2619 951 2657 notis
972 2618 1091 2657 Rott.
1140 2617 1241 2656 votis
1275 2616 1374 2657 Jun.
1395 2619 1596 2667 piu—19¹7
1625 2626 1727 2662 nunc
1761 2614 1878 2653 Med.
1899 2621 2002 2655 tert.

186 2675 292 2716 Exc.
311 2675 492 2713 Lucens.
513 2685 578 2725 pr.
608 2673 709 2712 cedit
728 2673 832 2713 Exc.
851 2672 975 2711 Laeti.
1005 2669 1133 2710 condit
1155 2671 1263 2722 Reg.
1295 2670 1436 2721 pendet
1465 2669 1567 2709 Vat.
1601 2673 1701 2708 tert.
1720 2679 1774 2708 m.
1794 2679 1859 2724 pr.
1878 2667 1999 2718 Med.

1009 2798 1049 2841 N
1058 2797 1187 2838 0⁷1*AE

243 2901 322 2939 189
349 2896 532 2949 Tybridis
558 2897 600 2936 in
619 2894 781 2945 morem]
825 2894 949 2945 Ripae
984 2895 1066 2945 Ty·
1131 2892 1228 2932 bem
1273 2889 1538 2939 Taurunum,
1571 2886 1696 2937 vulgo
1734 2885 1930 2936 Belgrade
1962 2884 2004 2924 in

189 2962 305 3007 beris
321 2960 515 3000 domibus
535 2957 769 3010 magnificis
790 2962 1027 3008 praetextae.
1133 2952 1373 3005 nungaria‚
1406 2962 1500 2991 sese
1527 2949 1571 2989 in
1588 2947 1830 2987 Danubium
1850 2954 2006 2987 exone-

249 3023 458 3074 Proevelet]
515 3021 604 3063 Alii
627 3021 842 3074 praevatlet,
869 3020 897 3060 i.
931 3032 968 3058 e.
1005 3019 1069 3060 ita
1134 3020 1214 3056 rat.
1844 3023 1846 3026 ’
2000 3020 2003 3025 ’

194 3093 422 3141 praetexat,
456 3091 506 3127 ut
542 3086 647 3136 ipsae
701 3084 851 3124 domus
886 3081 1068 3124 totidem
1188 3081 1278 3118 196
1300 3075 1462 3127 Oscula]
1501 3071 1807 3115 Redeuntesin
1826 3070 2010 3124 patrium

192 3150 516 3204 propugnacula
533 3161 628 3188 esse
648 3147 785 3188 videri
806 3146 986 3198 possint.
1134 3141 1332 3194 religiose
1357 3138 1657 3180 osculabantur
1676 3135 1842 3187 domos,
1873 3145 2011 3186 agros,

250 3217 327 3254 191
359 3212 589 3266 Obsidione]
624 3211 713 3251 Per
733 3211 910 3262 triginta
939 3220 1070 3250 annos
1134 3207 1217 3246 &c.
1384 3220 1393 3227 ·
1463 3221 1469 3234 »-

198 3272 394 3317 Alaricus
413 3275 680 3316 Pannoniam
699 3264 930 3315 insederat.
1191 3271 1269 3309 197
1300 3265 1476 3320 Credit]-
1493 3262 1585 3313 ,Alii
1611 3264 1763 3315 legunt
1791 3260 1918 3301 cedit.-
1963 3258 2010 3298 id

256 3339 333 3377 192
362 3337 479 3389 Sani]
531 3337 665 3378 Savus
683 3336 850 3389 fluvius,
862 3336 934 3389 qni
952 3334 1074 3375 alluit
1138 3336 1222 3382 est,
1254 3341 1339 3373 non
1368 3327 1554 3370 discedit
1589 3326 1643 3367 ob
1677 3321 2010 3368 interturbatam

202 3397 400 3441 Bosnhm
415 3392 604 3453 aliasque
622 3399 835 3452 regiones,
866 3403 914 3440 et
931 3397 985 3439 ad
1005 3409 1074 3437 ur·
1139 3406 1246 3447 opus
1260 3391 1407 3434 hostili
1423 3388 1675 3434 incursione.
