2300 3906
355 185 461 238 556
933 196 1029 234 ct..
1069 189 1424 233 onAtJmANt
1467 188 1584 231 xx.

356 318 612 386 Assurgit
636 317 873 378 tandem,
889 328 1190 380 vocemque
1215 309 1496 377 expromit
1517 308 1795 360 anhelam:
2065 301 2174 355 390

428 402 573 466 Quis
596 415 771 453 novus
795 399 886 449 hic
911 402 1116 463 torpor,
1144 394 1282 445 socii
1298 395 1322 444 'l
1363 408 1599 460 quonam
1626 408 1802 459 usque
1827 388 2085 442 sedemus

360 486 657 539 Foemineis
685 482 864 533 clausi
891 479 1168 540 thalamiS,
1206 477 1551 544 patimurque
1571 467 1837 542 periolum

357 569 603 621 Gliscere
630 566 878 619 desidia?
942 564 1272 616 Graviorum
1297 562 1454 613 turba
1477 559 1749 610 malorum

356 653 609 715 Texitur,
648 651 862 716 ignavis
884 649 1149 700 trahimus
1175 646 1305 697 dum
1330 651 1581 711 tempora
1601 641 1772 694 votis.

359 736 455 788 Me
481 737 617 804 petit
639 736 727 786 hic
755 734 938 786 sudor.
1013 731 1319 798 Nunquam
1340 744 1466 780 mea
1492 726 1721 778 dextera
1746 725 1926 792 segnis
2073 722 2185 775 395

357 819 450 871 Ad
466 820 680 871 ferrum.
758 819 973 870 Faveat
997 821 1210 868 tantum
1232 814 1487 867 Tritonia
1514 811 1738 878 coeptis,

358 903 643 970 Inceptum
667 908 955 969 peragetur
977 916 1141 968 opus,
1216 899 1253 950 J
1258 915 1344 949 am
1370 901 1568 949 cuncta
1592 894 1775 946 furore

359 986 477 1049 Qui-
495 990 700 1052 gravat,
738 984 968 1034 efficiam
991 984 1253 1035 leviorem
1277 980 1519 1049 pondere
1537 980 1679 1031 lanae

355 1069 696 1135 Targibilum
721 1067 1019 1132 tumidum3
1057 1066 1470 1132 desertoresque
1495 1061 1845 1128 Gruthungos

357 1206 489 1246 inerti.
539 1206 707 1245 Tandem
738 1206 881 1256 surgit,
912 1210 950 1245 et
982 1206 1141 1244 anhelus
1169 1204 1337 1254 erumpit
1367 1203 1410 1241 in
1439 1202 1539 1241 hunc
1564 1211 1802 1239 sermonem.-
1833 1195 1873 1236 Ο
1893 1195 2185 1245 commilitones,

357 1272 440 1310 quoe
458 1271 553 1298 nova
573 1260 653 1297 hoec
665 1261 850 1308 segnities
868 1256 957 1298 est?
1015 1259 1100 1302 Quo
1118 1270 1236 1308 usque
1254 1259 1410 1296 tandem
1437 1267 1514 1294 nos
1542 1253 1687 1293 inclusi
1714 1253 1756 1291 in
1785 1250 1970 1290 cubilibus
1989 1249 2185 1288 muliebri-

356 1311 427 1351 bus
459 1313 708 1362 considemus,
740 1317 777 1350 et
809 1312 954 1351 inertia
984 1315 1115 1351 nostra
1150 1310 1313 1350 sinimus
1342 1311 1486 1348 malum
1514 1305 1716 1348 crescere?
1770 1303 1903 1343 Series
1918 1302 2186 1343 calamitatum

359 1365 542 1414 mqiorum
559 1369 738 1416 paratur,
766 1367 858 1404 diam
877 1365 1051 1403 ducimus
1068 1369 1242 1415 tempora
1258 1363 1462 1403 desideriis
1478 1360 1683 1400 inertibus.
1742 1358 1827 1398 Hic.
1843 1356 1950 1396 tabor
1967 1355 2090 1406 poscit
2107 1367 2184 1395 me.

359 1418 571 1469 Nunquam
589 1431 724 1457 manus
753 1431 836 1456 mea
866 1418 983 1468 pigra
1003 1416 1087 1457 fuit
1107 1418 1156 1456 ad
1175 1429 1309 1457 arma.-
1339 1416 1374 1454 si
1399 1415 1533 1454 Pallas
1561 1416 1714 1452 tantum
1745 1411 1847 1451 adsit
1876 1410 2046 1449 consiliis
2061 1408 2158 1448 meis
2174 1422 2190 1454 ,-

359 1471 466 1510 labor
500 1471 698 1510 inchoatus
730 1471 967 1524 perficietur.
1026 1471 1128 1510 Mox
1160 1482 1239 1521 ego
1272 1471 1431 1508 reddam
1463 1466 1724 1516 Targibilum‚
1751 1464 1832 1504 etsi
1866 1466 2100 1513 turgentem,
2120 1462 2187 1512 qui

358 1523 543 1575 opprimit
560 1525 691 1564 omnia
709 1525 817 1563 rabie
834 1536 921 1574 sua,
939 1524 1124 1564 leniorem
1141 1535 1253 1563 onere
1270 1524 1372 1562 lanoe
1386 1535 1402 1570 ,·
1428 1525 1467 1561 et
1487 1519 1692 1572 diripiam,
1706 1521 1751 1558 ut
1766 1529 1854 1558 oves
1872 1517 2055 1566 misellas,
2079 1515 2186 1554 Gru·

1121 1639 1414 1655 “OOO‘O‘OOOO

358 1723 438 1758 390
450 1722 644 1771 Adsurgit
664 1734 809 1761 omnes
822 1723 943 1761 Vatt.
962 1722 1055 1762 Pal.
1071 1723 1199 1762 Farn.
1212 1722 1332 1760 Rott.
1355 1719 1624 1759 Oisel.Leid.
1640 1730 1706 1770 pr.
1726 1718 1834 1757 Exc.
1854 1716 1978 1757 Laeti.
1996 1715 2187 1766 Assurgit

359 1773 475 1813 Prie.
494 1774 610 1813 Leid.
631 1787 716 1814 sec.
748 1775 832 1814 duo
865 1775 1007 1814 Oxon.
1054 1775 1270 1824 Consurgit
1288 1773 1408 1813 Med.
1427 1778 1567 1826 quart.
1611 1771 1810 1820 Exsurgit
1830 1770 1978 1811 Ambr.
1997 1781 2063 1820 pr.
2082 1770 2187 1809 Var.

358 1826 444 1865 LL.
483 1827 550 1866 ed.
582 1826 714 1867 Antv.
759 1828 920 1878 exponit
952 1829 1071 1867 Rott.
1101 1828 1290 1867 Florent.
1323 1828 1429 1877 Reg.
1460 1826 1601 1866 Oxon.
1621 1838 1684 1877 pr.
1725 1824 1886 1875 exponit
1907 1825 1972 1863 vel
1992 1822 2188 1874 expromit

360 1879 504 1918 Oxon.
525 1892 608 1920 sec.
637 1881 779 1919 anilem
799 1881 919 1920 Leid.
956 1893 1020 1932 pr.
1048 1881 1209 1920 Moret.
1245 1892 1331 1920 sec.
1349 1879 1468 1919 Med.
1489 1884 1590 1918 tert.
1612 1891 1667 1917 m.
1688 1881 1910 1917 sem—391
1944 1875 2051 1921 Quid
2069 1875 2187 1916 Prie.

362 1932 465 1976 Quis
493 1933 562 1970 vel
600 1933 706 1979 Quia
727 1934 832 1983 Reg.
872 1938 984 1985 tepor
1013 1947 1035 1972 o
1068 1933 1186 1973 Med.
1207 1946 1290 1973 sec.
1310 1945 1367 1973 m.
1387 1945 1452 1984 pr.
1480 1936 1615 1982 torpor
1633 1932 1701 1971 vel
1728 1936 1863 1982 stupor
1885 1931 1922 1969 Ο
1941 1930 2042 1969 Vat.
2063 1940 2188 1979 pr.—

358 1987 493 2024 —392
521 1986 616 2023 clusi
636 1987 741 2025 Exc.
761 1986 883 2026 Laeti.
906 1986 1154 2038 patimurque
1183 1988 1250 2025 vel
1277 1987 1501 2037 patimurne
1517 1986 1616 2025 vat.
1637 1987 1836 2037 pr.—-393
1868 1985 2049 2023 Crescere
2067 1981 2188 2022 Med.

359 2043 494 2088 quart.
527 2036 729 2078 Gliscere?
777 2051 874 2077 cum
907 2040 1026 2090 signo
1057 2038 1419 2090 interrogationis.
1450 2038 1570 2078 Med.
1609 2050 1697 2088 sec.
1744 2037 1894 2077 desidia
1925 2037 2188 2076 Fame-394

359 2090 554 2130 trahimur
580 2091 681 2131 Jun.
713 2104 778 2142 pr.
818 2092 1009 2131 trahimus
1028 2093 1095 2132 vel
1113 2092 1286 2131 trahitur
1322 2093 1429 2132 Exc.
1457 2091 1712 2132 Laeti.-—395
1740 2103 1825 2130 mea
1844 2102 2051 2141 numquam
2070 2087 2190 2129 Med.

361 2150 499 2193 quart.
519 2144 664 2182 Ald.-
674 2148 752 2184 396
779 2145 947 2185 Latonia
965 2146 1122 2185 Moret.
1146 2148 1368 2185 sem—397
1393 2148 1611 2196 peragatur
1630 2145 1729 2184 Vat.
1759 2149 1857 2185 tert.
1874 2145 1994 2183 Rott.
2021 2153 2187 2194 perage-

359 2200 426 2234 tur
447 2197 513 2235 vel
540 2203 758 2247 peragatur
775 2198 877 2238 Put.
923 2198 1002 2237 iter
1020 2199 1047 2240 J
1053 2211 1121 2237 un.
1142 2211 1208 2248 pr.
1226 2198 1388 2238 Thuan.
1420 2197 1601 2246 furorem
1617 2198 1772 2237 Petav.
1793 2210 1879 2237 sec.
1899 2196 2018 2236 Med.
2048 2199 2189 2248 quart.

360 2248 432 2288 ed.
451 2249 595 2290 Pan-m.
633 2249 813 2299 satorem
836 2251 955 2291 Med.
990 2257 1089 2291 tert.
1108 2252 1275 2291 Tholos.
1320 2263 1461 2302 pavore
1480 2251 1652 2302 legebat
1687 2250 1979 2289 Heins.—-398
2007 2249 2190 2290 leviorem

360 2302 468 2342 Exc.
500 2303 680 2342 Lucens.
721 2316 783 2354 pr.
825 2305 1048 2354 graviorem
1078 2305 1183 2344 Exc.
1221 2305 1346 2352 Laeti,
1374 2304 1439 2344 ed.
1456 2304 1739 2344 Viam-399
1769 2303 2041 2352 Tharbigilum
2059 2303 2189 2341 Farn.

360 2354 516 2395 PetaV.
551 2368 636 2394 sec.
667 2357 832 2396 Bonon.
854 2363 940 2396 tres
959 2356 1109 2396 Ambr.
1135 2358 1239 2398 Lov.
1269 2357 1390 2397 Leid.
1408 2369 1496 2396 sec.
1556 2357 1798 2407 Trabigilum
1820 2355 1939 2395 Leid.
1959 2367 2022 2404 pr.
2042 2355 2188 2395 Oxon.

360 2418 425 2458 pr.
452 2407 546 2447 Pal.
585 2409 669 2446 duo
705 2410 822 2449 Med.
861 2411 1020 2450 Mazar.
1053 2411 1217 2450 Tholos.
1252 2411 1410 2450 Moret.
1439 2422 1502 2461 pr.
1532 2411 1598 2449 ed.
1621 2411 1764 2449 Parm.
1790 2408 2046 2459 Targibutum
2066 2408 2188 2447 Med.

357 2466 499 2510 quart.
550 2461 791 2510 Tarbigilum
827 2463 935 2513 Reg.
966 2464 1127 2503 Thuan.
1164 2465 1266 2504 Jun.
1299 2476 1363 2514 pr.
1402 2463 1544 2504 Oxou.
1577 2475 1664 2502 sec.
1685 2468 1770 2503 vet.
1791 2463 1897 2514 Gyr.
1916 2463 2016 2501 Vat.
2046 2460 2186 2502 Livin.

358 2513 515 2574 Moret.
547 2526 631 2553 sec.
672 2516 822 2554 Petav.
856 2521 956 2556 tert.
992 2517 1097 2555 Exc.
1132 2516 1313 2556 Gevart.
1332 2517 1436 2556 var.
1451 2517 1533 2556 LL.
1551 2528 1574 2554 e
1591 2529 1722 2566 marg.
1739 2517 1885 2555 Parm.
1906 2520 1950 2553 et
1969 2514 2036 2554 ed.
2056 2513 2189 2555 Antv.

363 2565 612 2628 Tarbtgalum
632 2568 730 2607 Vat.
760 2573 859 2608 tert.
878 2570 998 2608 Rott.
1032 2569 1281 2619 Targibalum
1300 2570 1402 2609 Vat.
1421 2581 1508 2608 sec.
1542 2569 1645 2608 Put.
1673 2569 1771 2608 Pat.
1799 2569 1980 2607 timidum
1998 2568 2100 2607 Vat.
2122 2579 2189 2619 pr.

360 2618 480 2678 Rott.
520 2619 654 2660 Oisel.
684 2621 843 2660 Moret.
877 2634 961 2661 sec.
993 2622 1078 2662 duo
1113 2622 1255 2662 Oxon.
1289 2623 1399 2662 Exn.
1421 2621 1547 2670 Laeti,
1575 2628 1620 2661 et
1639 2621 1708 2661 ed.
1733 2623 1875 2661 Parni.
1902 2621 2190 2672 defensoresque

359 2670 481 2733 pena.
503 2684 567 2734 pr.
612 2673 862 2713 Gruthonnos
885 2675 1069 2714 Florem.
1090 2675 1260 2715 Thoios.
1282 2676 1401 2715 Med.
1421 2681 1466 2715 et
1482 2676 1604 2714 Leid.
1623 2686 1709 2714 sec.
1748 2675 1979 2714 Grutunnos
1992 2674 2095 2714 Jun.
2118 2685 2183 2726 pr.

358 2736 442 2763 mc.
464 2724 614 2764 Hems.
635 2728 701 2766 ed.
721 2727 860 2767 Vicet.
892 2727 1144 2767 Grothunnos
1178 2729 1339 2768 Moret.
1370 2740 1453 2768 sec.
1485 2728 1710 2767 Groturmos
1725 2729 1825 2767 Vat.
1845 2740 1930 2767 sec.
1948 2727 2041 2766 Pal.
2059 2728 2187 2766 Farn.

359 2777 476 2817 Med.
511 2790 576 2828 pr.
612 2779 710 2818 Put.
747 2780 903 2820 Moret.
938 2794 999 2831 pr.
1045 2782 1244 2821 Grotunos
1276 2782 1417 2822 Oxou.
1438 2793 1501 2832 pr.
1543 2782 1771 2831 Grotungos
1786 2782 1884 2820 Vat.
1906 2781 2045 2832 quint.
2079 2780 2186 2820 Gru-

358 2832 495 2881 tanges
509 2831 591 2872 duo
611 2830 760 2873 Ambr.
791 2834 1012 2885 Grotongos
1027 2835 1180 2876 Petav.
1200 2847 1264 2887 pr.
1282 2835 1401 2875 Med.
1419 2840 1556 2888 quart.
1588 2835 1846 2875 Gruthunnos
1859 2833 1982 2875 Leid.
2002 2845 2067 2887 pr.
2083 2834 2187 2874 Vnt.

1178 2955 1361 2996 NOTAE

413 3040 493 3081 390
521 3042 729 3093 Anhelans]
798 3045 900 3096 Ipse
933 3047 1109 3087 anhelus
1144 3060 1235 3100 prae
1303 3060 1424 3098 cere,
1447 3047 1604 3087 sudor:
1635 3046 1777 3086 omnia
1806 3044 2017 3097 ambigua,
2049 3048 2095 3085 et
2130 3043 2186 3085 ad

359 3103 491 3146 nimia
510 3105 782 3155 pinguedine,
1303 3111 1531 3152 lanificium
1552 3109 1798 3150 alludentia.
1971 3098 1978 3105 ⁵

413 3169 493 3206 392
526 3166 749 3218 Foemineis]
802 3169 882 3209 Vel
912 3182 1058 3210 revera
1086 3173 1236 3213 inclusi
1357 3178 1437 3215 396
1487 3172 1687 3222 Tritonia]
1744 3171 1887 3211 Pallas
1919 3170 1982 3209 sic
2010 3169 2127 3210 dieta
2161 3182 2188 3210 a

359 3228 403 3269 3¹¹
421 3230 631 3269 euml-²²⁰⁸
652 3229 873 3280 foemifleiS,
903 3234 969 3271 vel
1003 3234 1048 3277 in
1065 3236 1234 3276 cubica·
1304 3238 1461 3289 palude
1475 3235 1701 3277 Tritonide
1728 3235 1773 3274 in
1801 3232 1970 3283 Africa,
1990 3233 2063 3272 ubi
2082 3237 2185 3274 nata

359 3292 413 3335 ἥδ
427 3292 644 3334 h⁰¹¹¹3¹¹⁰¹¹¹
663 3291 1031 3336 effoeminatorum,
1304 3312 1397 3340 esse
1413 3300 1585 3340 dicitur.
1635 3297 1785 3348 ⁴Pallas
1803 3300 1946 3336 antem
1966 3296 2066 3336 Dea
2084 3294 2187 3336 lani·

415 3356 494 3396 894
525 3354 707 3409 Texitur]
743 3356 1238 3414 Texere‚trahere‚glis-
1302 3360 1403 3404 ficii.
