2300 3906
526 205 591 242 ΙΝ
636 205 702 243 11.
740 205 914 246 coNs.
952 206 1216 246 S'I'ILICH.
1257 207 1376 246 [ΑΒ.
1416 208 1692 248 PRAEFAT.
1740 221 1748 231 ·
1901 203 2010 255 667

207 319 346 372 Cum
371 321 516 388 longi
542 322 775 389 Libyam
801 324 1016 376 tandem
1039 331 1165 393 post
1188 326 1379 378 funera
1398 327 1531 379 belli

273 403 421 456 Ante
448 421 576 456 suas
601 411 855 457 moestam
882 415 1095 475 cogeret
1119 411 1194 460 ire
1221 415 1405 476 rotas;

201 485 446 540 Advexit
468 487 699 539 reduces
725 505 913 542 secum
935 492 1188 545 Victoria
1215 492 1434 557 MusaS,

270 570 345 621 Et
368 575 565 622 sertum
592 574 705 623 vati
732 573 938 627 Martia
963 576 1147 627 laurus
1171 579 1303 627 erat.
1938 578 2008 632 20

198 653 401 706 Noster
423 654 709 721 Scipiades
734 656 1022 721 Stilichon,
1047 675 1159 727 quo
1185 659 1428 711 concidit
1452 660 1583 712 alter

266 736 567 801 Hannibal,
607 740 828 808 antiquo
854 741 1056 792 saevior
1082 741 1414 805 Hannibale,

192 820 274 872 Te
297 820 432 872 mihi
456 827 586 888 post
609 824 829 891 quintos
856 840 1135 888 annorum,
1165 825 1367 889 Roma,
1395 843 1647 880 recursus

266 904 551 968 Reddidit,
579 914 634 958 et
657 909 804 960 votis
823 908 997 976 jussit
1023 910 1218 961 adesse
1245 911 1376 961 suis.

190 1064 297 1118 suae)
316 1070 362 1106 et
387 1080 473 1107 cum
491 1069 643 1108 demum
672 1075 760 1120 post
779 1073 901 1111 coedes
932 1072 1021 1113 belli
1051 1074 1230 1114 diuturni
1249 1076 1427 1124 adigeret
1457 1074 1625 1127 Libyam
1651 1076 1803 1116 tristem
1820 1078 2004 1129 progredi

187 1123 279 1159 ante
292 1133 445 1159 currum
458 1133 568 1160 suum
587 1122 901 1175 triumphalem,
918 1125 1082 1164 victoria
1099 1128 1236 1165 retulit
1253 1140 1379 1166 secum
1398 1129 1534 1167 Musas
1553 1133 1800 1181 revertentes,
1817 1135 1856 1170 et
1874 1131 2004 1171 laurus

189 1172 320 1212 bellica
340 1178 425 1212 erat
442 1187 581 1214 corona
594 1175 719 1226 poe'tae
738 1177 878 1218 Ennii.
937 1178 1120 1228 Stilicho,
1140 1179 1213 1230 qui
1232 1186 1299 1219 est
1317 1180 1450 1231 Scipio
1468 1185 1611 1230 noster,
1644 1194 1668 1220 a
1687 1195 1758 1232 quo
1776 1183 1874 1222 alius
1892 1184 2006 1223 Han-

184 1225 291 1264 nibal
303 1228 496 1266 crudelior
512 1228 735 1268 Hannibale
754 1234 881 1269 vetere
894 1235 1114 1280 prostratas
1129 1236 1200 1281 est,
1219 1236 1258 1271 te
1275 1233 1452 1272 restituit
1471 1234 1583 1282 mihi,
1600 1246 1624 1272 o
1644 1235 1784 1283 Roma,
1810 1240 1899 1286 post
1916 1248 2004 1277 cur-

182 1277 348 1319 riculum
366 1280 533 1332 quinque
552 1294 751 1334 annorum,
770 1288 807 1323 et
832 1284 1041 1335 imperavit
1062 1297 1128 1323 me
1145 1285 1329 1325 interesse
1351 1287 1580 1326 Consulatui
1596 1299 1663 1326 sao
1680 1289 1853 1338 optabili.

947 1401 970 1416 o
975 1390 1242 1417 tttttttttt

183 1478 448 1522 vatt.Farn.
470 1483 588 1523 Rott.
608 1483 728 1523 Med.
750 1488 848 1524 tert.
887 1485 1044 1535 patrius
1075 1485 1172 1529 Pat.
1210 1485 1322 1535 patri
1356 1484 1477 1524 Leid.
1510 1497 1575 1535 pr.
1610 1489 1655 1524 et
1689 1483 1896 1525 tredecim
1915 1486 2002 1526 alii.

176 1533 289 1582 patri
310 1535 377 1573 vel
395 1536 521 1586 patris
538 1537 638 1575 Vat.
659 1549 724 1587 pr.
763 1538 926 1585 vicerat,
957 1539 1046 1577 hinc
1079 1540 1308 1577 Voss.—17
1356 1538 1411 1576 Et
1430 1539 1538 1586 longi
1557 1538 1659 1577 Jun.
1680 1550 1744 1589 pr.
1783 1539 1909 1578 tendit
1926 1551 2002 1590 pro

181 1587 335 1625 tandem
353 1587 410 1626 id.
428 1588 636 1628 Jun.—18
677 1588 1005 1630 moestas'Petav.
1033 1603 1119 1629 see.
1162 1591 1266 1640 cogit
1284 1594 1321 1628 et
1340 1591 1399 1628 ire
1431 1591 1521 1629 Pal.
1561 1603 1669 1629 suam
1687 1595 1812 1630 rotam
1842 1592 2001 1632 Moret.

180 1643 373 1678 θρα-19
401 1640 581 1680 Adduxit
600 1642 684 1681 duo
703 1643 823 1681 Med.
863 1655 989 1682 secum
1007 1645 1165 1683 reduces
1183 1644 1340 1683 Moret.
1362 1646 1558 1681 sem—20
1587 1648 1734 1682 certum
1752 1645 1910 1683 Moret.
1932 1656 1996 1695 pr.

180 1695 287 1731 —21
323 1693 473 1731 'Nostri
492 1693 593 1734 Jun.
613 1706 680 1745 pr.
709 1697 773 1745 qui
792 1696 910 1735 Prie.
953 1697 1016 1735 cui
1035 1698 1120 1747 leg.
1141 1696 1290 1735 Heins.
1331 1695 1503 1734 concidat
1526 1696 1676 1736 Petav.
1695 1700 1889 1735 sec.—23
1913 1698 2002 1747 plus

179 1755 259 1794 pro
275 1749 363 1794 post
383 1747 506 1785 Farn.
526 1747 659 1796 quinos
682 1748 834 1788 Heius.
854 1748 988 1788 Gesn.
1011 1750 1079 1788 ed.
1106 1749 1281 1799 Bipont.
1303 1755 1349 1787 et
1369 1750 1419 1787 al.
1448 1748 1600 1798 quintos
1631 1748 1714 1787 duo
1746 1749 1895 1789 Leidd.
1914 1761 2002 1789 om·

174 1806 251 1835 nes
270 1798 391 1837 Vatt.
412 1799 509 1837 Pal.
532 1801 654 1839 Farn.
675 1800 794 1840 Prie.
815 1802 949 1841 Oisel.
967 1803 1068 1842 Jun.
1091 1814 1156 1853 pr.
1178 1802 1262 1841 duo
1281 1801 1422 1841 Oxon.
1461 1814 1630 1841 recessus
1646 1801 1796 1842 Ambr.
1815 1814 1877 1853 pr.

997 1907 1177 1948 NOTAE

174 1983 281 2023 vicit
300 1983 459 2036 Scipio,
479 1983 755 2035 Hispanicam
772 1990 816 2026 et
834 1987 1054 2038 Libycam.
1176 1988 1226 2024 21
1257 1984 1373 2024 Alter
1406 1984 1629 2035 Hannibal]
1676 1985 1808 2025 Gildo
1845 1971 1999 2027 saevidr

176 2046 455 2098 Hispanicam
472 2049 739 2099 expugnavit
764 2061 846 2088 uno
874 2050 961 2099 die,
993 2051 1055 2089 ul·
1122 2047 1380 2087 Hannibale.

176 2114 298 2149 turus
327 2122 472 2149 manes
505 2110 640 2161 patris
670 2111 750 2161 sui,
780 2112 851 2162 qui
881 2111 925 2150 in
954 2112 1054 2151 His-
1175 2115 1226 2151 23
1259 2113 1355 2150 Post
1374 2110 1549 2162 quintos]
1586 2110 1861 2163 Claudianus,
1889 2123 1999 2152 mor-

175 2173 303 2224 pania
335 2173 500 2213 occisus
527 2172 694 2213 fuerat:
725 2174 933 2226 Libycam
951 2176 1056 2215 vicit
1121 2179 1196 2215 tuo
1213 2175 1448 2214 Mediolani
1462 2174 1790 2225 Theodosio,ibi
1805 2175 2000 2215 consedit

174 2241 223 2274 ut
242 2235 523 2275 ulcisceretur
543 2237 725 2287 patriam
746 2249 863 2276 suam
883 2238 1010 2278 toties
1031 2251 1056 2278 a
1121 2239 1401 2291 aliquamdiu;
1433 2243 1507 2277 aut
1523 2237 1798 2276 Stilichonem
1815 2238 1868 2277 ad
1884 2237 2000 2277 bella

174 2298 592 2349 Carthaginiensibus
611 2298 872 2340 infestatam.
1119 2307 1289 2341 secutus
1309 2306 1391 2350 est,
1409 2305 1454 2338 et
1472 2311 1568 2338 cum
1588 2311 1639 2338 eo
1659 2300 1836 2339 Romam
1856 2300 1997 2339 rediit.

228 2365 278 2401 17
306 2361 490 2414 Libyam]
516 2361 750 2402 Praelatam
782 2361 932 2413 Libyae
965 2361 1051 2402 effi·
1172 2366 1226 2401 24
1260 2360 1372 2401 Votis
1385 2361 1485 2410 suis]
1526 2361 1692 2400 Honori
1724 2369 1800 2401 suo
1835 2362 1996 2414 votivo,

174 2424 304 2476 giem.
1117 2423 1162 2464 id
1182 2428 1263 2476 est,
1280 2422 1479 2475 optabili.
