2300 3906
313 195 422 249 926
461 217 463 219 ¹
817 207 911 245 GL.
952 199 1306 242 CLAUDIAM
1349 196 1600 239 xxxm.

314 326 389 379 Et
413 324 627 378 Cereris
652 323 859 392 prolem
885 319 1093 388 patulis
1118 317 1343 370 illudere
1365 318 1601 386 campiS,

317 410 571 463 Crastina
592 408 861 476 puniceos
887 420 1012 455 cum
1035 403 1131 454 lux
1159 402 1426 454 detexerit
1452 405 1621 464 ortuS,
2042 396 2151 451 220

318 493 468 561 Coge
493 494 602 545 tuis
629 494 842 542 armata
867 487 1043 553 dolis;
1082 486 1288 554 quibus
1313 500 1465 536 urere
1490 489 1708 548 cuncta,

317 579 414 631 Me
440 592 658 645 quoque
687 590 844 641 saepe
872 574 1041 626 soles,
1104 570 1216 623 Cur
1242 571 1438 622 ultima
1459 585 1627 636 regna
1653 565 1990 638 quiescunt?

316 660 487 713 Nulla
513 661 584 712 sit
607 658 860 710 immunis
886 657 1055 724 regi0‚
1081 656 1406 722 nullumque
1434 654 1541 706 sub
1569 653 1779 705 umbris

314 743 524 796 Pectus
548 744 905 795 inaccensum
929 741 1158 794 Veneri.
1233 739 1270 792 J
1275 756 1364 792 am
1390 739 1565 791 tristis
1595 738 1836 806 Erinnys

313 826 524 879 Sentiat
550 827 801 878 ardores:
841 824 1117 888 Acheron,
1145 824 1406 891 Ditisque
1434 823 1610 875 severi
2041 819 2153 872 225

314 910 517 964 Ferrea
540 911 767 963 lascivis
793 910 1125 963 mollescant
1153 908 1324 961 corda
1351 908 1584 975 sagittis,

382 993 678 1047 Accelerat
702 1000 986 1063 praecepta
1008 993 1224 1056 VenuS‚
1247 993 1522 1061 jussuque
1544 990 1786 1060 parentis

312 1079 518 1142 Pallas,
547 1085 605 1130 et
629 1079 832 1131 inflexo
858 1096 982 1146 quae
1009 1081 1174 1130 terret
1201 1077 1450 1129 Maenala
1477 1092 1663 1139 corun,

309 1162 540 1215 Addunt
566 1180 625 1215 se
652 1164 900 1215 comites.
976 1163 1187 1216 Divino
1213 1162 1409 1214 semita
1433 1177 1625 1229 gressu

312 1247 556 1300 Claruit:
593 1247 881 1314 augurium
909 1248 1091 1314 qualis
1118 1248 1327 1298 laturus
1352 1245 1603 1314 iniquum
2046 1241 2153 1294 230

311 1331 544 1399 Praepes
568 1331 870 1398 sanguineo
899 1330 1163 1383 dilabitur
1187 1330 1310 1397 igne
1339 1333 1609 1393 cometeS,

309 1482 477 1531 beatem,
516 1482 648 1520 excita
671 1481 807 1531 filiam
849 1480 1005 1519 Cereris
1043 1480 1173 1517 ludere
1209 1478 1253 1516 in
1291 1479 1402 1527 agris
1444 1479 1582 1527 vastis,
1633 1477 1828 1516 instructa
1865 1475 2017 1515 artibus
2055 1474 2152 1524 tuis,

267 1536 273 1541 ”
309 1535 447 1585 quibus
473 1536 569 1573 soles
599 1535 844 1583 inflammare
878 1544 1021 1582 omnes,
1052 1536 1091 1570 et
1108 1542 1211 1581 soepe
1238 1530 1358 1568 etiam
1388 1542 1449 1569 me
1468 1530 1636 1580 fipsum.
1696 1532 1778 1569 Cur
1811 1528 1930 1576 inferi
1965 1528 2154 1567 immunes

308 1592 400 1626 sunt
419 1587 471 1625 ab
491 1585 663 1625 amore?
690 1586 813 1623 Nulla
833 1586 942 1634 regio
954 1585 1008 1623 sit
1027 1595 1169 1634 expers
1187 1582 1241 1622 ab
1258 1595 1333 1622 eo:
1381 1587 1420 1622 et
1439 1585 1583 1622 nullum
1599 1596 1664 1622 cor
1680 1584 1734 1622 sit
1752 1584 1924 1622 clausum
1950 1582 2091 1622 Veneri
2110 1581 2154 1621 in

309 1639 456 1687 Inferis
470 1653 483 1678 .·
511 1640 600 1688 jam
616 1642 753 1677 moesta
775 1637 952 1689 Erynnis
971 1639 1115 1679 sentiat
1136 1637 1291 1676 amoris
1309 1637 1502 1688 flammas
1515 1651 1528 1676 .·
1554 1637 1734 1677 Acheron
1753 1640 1790 1676 et
1810 1638 1950 1676 durum
1968 1647 2033 1674 cor
2055 1635 2153 1674 Plu-

307 1692 412 1731 tonis
432 1692 558 1741 rigidi
577 1692 774 1731 molliatur
782 1690 931 1740 jaculis
949 1689 1165 1730 amatoriis.
1227 1691 1352 1729 Venus
1361 1689 1534 1738 festinat
1556 1690 1710 1742 exequi
1729 1691 1937 1729 mandata:
1965 1693 2003 1728 et
2018 1689 2155 1728 Pullos

308 1749 348 1784 et
367 1746 525 1794 Diana,
552 1757 638 1795 quoe
653 1748 845 1796 perterret
876 1750 1064 1784 montem
1086 1744 1303 1783 Moenalum
1322 1756 1417 1783 arcu
1436 1749 1614 1796 curvato,
1644 1745 1863 1794 adjungunt
1882 1755 1922 1782 se
1940 1742 2062 1781 socias
2081 1742 2153 1780 im-

302 1799 413 1849 perio
427 1799 556 1850 patris
574 1799 600 1840 J
607 1798 712 1838 ovis.
777 1799 851 1838 Via
867 1797 1025 1847 refulsit
1043 1797 1224 1848 vestigiis
1242 1797 1389 1837 divinis
1398 1811 1413 1844 ‚·
1443 1803 1486 1838 ut
1519 1799 1681 1838 Cometa
1697 1798 1901 1837 ostendens
1917 1795 2073 1848 signum
2081 1794 2151 1844 sa-

1080 1891 1380 1907 OOOOOOOOOOO

308 1944 471 1984 Moret.
489 1956 552 1996 pr.
573 1943 674 1984 Ald.
718 1945 874 1996 peragit
893 1951 1078 1998 quatuor
1093 1947 1215 1987 Vatt.
1236 1951 1282 1986 et
1297 1946 1337 1987 d.
1354 1946 1448 1986 Pal.
1476 1946 1574 1986 cod.
1599 1945 1837 1988 Bartholin.
1879 1943 2045 1995 Semper
2062 1941 2151 1992 agit

308 1999 376 2036 vel
408 1998 509 2037 Rem
525 1999 686 2049 peragit
707 1998 790 2038 inc.
809 1999 1100 2040 Heins.—219
1123 2001 1294 2052 placidis
1325 2013 1404 2051 pro
1432 2000 1582 2052 patulis
1612 2000 1766 2040 Petav.
1803 2010 1888 2038 sec.
1922 2010 1977 2037 m.
2008 1998 2153 2036 sec.--'-

309 2054 390 2090 220
410 2051 589 2090 Candida
606 2053 766 2092 Mon-et.
781 2065 847 2104 pr.
874 2065 1088 2104 purpureos
1104 2055 1204 2094 Vat.
1219 2054 1354 2105 quint.
1368 2054 1394 2095 J
1402 2065 1472 2093 un.
1495 2066 1581 2093 sec.
1605 2066 1684 2093 nox
1697 2053 1893 2093 detexerit
1910 2051 1938 2092 J
1944 2061 2012 2090 un.
2032 2061 2152 2100 pr.—

308 2107 387 2144 221
427 2105 575 2144 rimata
595 2117 672 2155 pro
691 2109 844 2145 armata
866 2108 970 2145 Exc.
1004 2107 1162 2145 Petav.
1184 2110 1465 2158 quarte—222
1503 2119 1605 2158 saepe
1621 2108 1726 2146 vales
1757 2107 1857 2145 Vat.
1887 2109 1992 2144 tert.
2026 2108 2071 2141 et
2106 2101 2153 2142 d.

307 2157 406 2196 Pal.
428 2156 655 2197 dqued.
676 2158 826 2197 Heins.
848 2159 907 2198 H.
925 2172 982 2199 m.
1002 2172 1086 2200 sec.
1106 2160 1209 2199 Put.
1230 2160 1385 2199 PetaV.
1407 2171 1493 2199 sec.
1513 2160 1686 2198 Tholos.
1706 2160 1806 2200 Jun.
1829 2170 1914 2198 sec.
1961 2157 2066 2196 vales
2083 2155 2151 2195 vel

308 2211 408 2250 soles
426 2210 568 2249 Oxou.
600 2223 687 2250 sec.
716 2211 915 2261 quiescent
935 2213 1086 2252 Petav.
1108 2225 1195 2254 sec.
1225 2213 1432 2252 Heinsius
1460 2213 1661 2264 quiescant
1693 2213 2019 2263 legebat.——223
2048 2210 2153 2248 salu-

309 2263 391 2302 bris
410 2275 489 2314 pro
509 2263 579 2301 sub
598 2264 746 2302 umbris
777 2265 881 2305 Jun.
906 2277 970 2315 pr.
1013 2265 1083 2304 sub
1102 2265 1258 2304 umbras
1275 2267 1376 2305 Vat.
1397 2266 1534 2317 quint.
1577 2266 1694 2305 undis
1726 2277 1805 2316 pro
1824 2263 1973 2304 umbris
1992 2264 2147 2302 Petav.

310 2328 394 2356 sec.
424 2328 560 2366 corpus
581 2328 657 2368 pro
673 2322 809 2367 pectus
823 2330 960 2369 marg.
977 2318 1273 2370 Isingr.—224
1305 2321 1539 2357 inaccessum
1559 2318 1643 2357 duo
1661 2319 1783 2359 Vatt.
1801 2318 1951 2357 Petav.
1969 2328 2032 2368 pr.
2049 2315 2153 2356 Cod.

307 2370 550 2408 Bartholin.
594 2369 837 2410 inaccensum
869 2372 970 2412 Junr.
1009 2384 1073 2424 pr.
1108 2372 1192 2410 duo
1215 2372 1354 2421 Oxou.
1389 2372 1474 2411 duo
1503 2373 1620 2412 Med.
1641 2372 1793 2412 Heius.
1834 2371 1886 2411 H.
1922 2371 2027 2420 Reg.
2063 2369 2147 2409 duo

309 2422 464 2462 Petav.
486 2424 652 2462 Bonon.
672 2423 845 2465 Tholos.
862 2425 986 2465 Voss.
1007 2438 1071 2476 pr.
1091 2427 1197 2465 Exc.
1218 2426 1374 2465 Petav.
1398 2431 1539 2477 quart.
1567 2427 1801 2465 inaccessum
1822 2425 1890 2464 vel
1907 2425 2152 2463 inaccensum

310 2477 501 2516 Florent.
521 2477 645 2516 Voss.
666 2489 748 2517 sec.
799 2478 959 2518 Veneris
993 2479 1104 2531 Reg.
1126 2478 1289 2519 *Oxom
1323 2491 1408 2520 sec.
1440 2480 1547 2519 Exc.
1582 2480 1736 2520 Petav.
1769 2484 1911 2531 quart.
1932 2490 1987 2516 m.
2007 2488 2152 2516 sec.—

309 2533 390 2569 226
418 2531 641 2569 mollescant
661 2531 818 2570 lascivis
834 2533 957 2572 Voss.
978 2545 1043 2584 pr.
1075 2533 1102 2575 J
1108 2545 1175 2572 un.
1196 2546 1261 2585 pr.
1291 2533 1388 2573 colla
1407 2533 1509 2573 Vat.
1529 2533 1704 2573 d.—227
1743 2533 1930 2572 mandata
1950 2542 2026 2582 pro
2046 2542 2149 2582 prce·

307 2587 420 2634 cepta
438 2584 539 2623 Vat.
560 2596 625 2635 pr.
648 2589 693 2623 et
713 2585 986 2636 quint—230
1031 2588 1204 2626 Canduit
1223 2587 1333 2627 Cod.
1366 2586 1520 2637 Isingr.
1540 2588 1650 2639 quod
1675 2587 1818 2638 placet
1841 2584 2034 2624 Heinsio.
2063 2582 2151 2624 dni-

308 2649 425 2687 quum
444 2638 634 2677 Florent.
653 2638 737 2678 duo
757 2639 880 2678 Med.
911 2640 1062 2679 Heius.
1084 2641 1142 2680 H.
1161 2647 1208 2681 et
1226 2641 1310 2680 inc.
1346 2639 1483 2691 ejusd.
1506 2641 1606 2680 Put.
1642 2641 1748 2692 Reg.
1787 2641 1951 2679 Bonon.
1971 2637 2149 2676 Tholos.

309 2690 392 2729 duo
410 2691 512 2732 Jun.
545 2691 629 2731 duo
647 2692 772 2731 Voss.
792 2693 952 2733 Moret.
971 2706 1037 2746 pr.
1057 2691 1140 2733 duo
1161 2695 1304 2734 Oxon.
1327 2700 1416 2733 tres
1439 2694 1594 2734 Petav.
1615 2695 1723 2735 Exc.
1754 2693 2078 2743 Petav.*quart.
2106 2689 2151 2728 in

307 2743 438 2783 orbem
455 2745 555 2784 Vat.
576 2757 640 2796 pr.
661 2745 759 2786 cod.
778 2746 1016 2787 Bartholin.
1038 2747 1139 2787 edd.
1158 2748 1303 2788 Vicet.
1326 2748 1471 2787 Parni.
1490 2748 1611 2789 Junt.
1629 2747 1729 2787 Ald.
1751 2752 1795 2786 et
1814 2747 2000 2788 ank—231
2033 2744 2149 2783 Prae-

307 2809 378 2849 pes
395 2799 497 2838 Vat.
519 2805 658 2852 quart.
679 2806 725 2840 et
744 2800 784 2840 d.
804 2800 901 2840 Pal.
923 2802 1114 2842 Florent.
1133 2801 1218 2841 duo
1240 2802 1360 2842 Med.
1393 2801 1544 2843 Heius.
1565 2801 1624 2841 H.
1646 2802 1749 2842 Put.
1770 2801 1878 2853 Reg.
1898 2801 1983 2840 duo
2003 2798 2147 2856 Ogou·

362 2945 444 2981 220
472 2943 682 2998 Puniceos]
734 2946 788 2986 Id
836 2952 919 2998 est,
974 2948 1195 3002 rubentes,
1315 2952 1396 2988 228
1424 2947 1580 2999 Panas]
1624 2947 1772 2987 Pallas
1804 2950 1849 2986 et
1876 2943 2031 2993 Diana,
2063 2940 2146 2981 etsi

310 3003 444 3057 qualis
460 3011 527 3045 est
554 3013 672 3048 ortus
699 3008 907 3060 Aurorae3
937 3024 1010 3051 seu
1038 3024 1195 3064 pur-pu·
1260 3004 1464 3066 virgines,
1496 3019 1640 3053 tamen
1671 3010 1945 3061 Proserpinae
1963 3007 2143 3048 comites

310 3080 426 3119 reos,
446 3081 804 3123 apurpura,quae
822 3073 1075 3124 tingebatur
1092 3076 1194 3127 Tyri
1261 3077 1575 3130 adjunguntur,
1603 3088 1658 3116 ex
1687 3073 1861 3114 Valerio
1895 3072 2065 3120 Flacco,
2098 3075 2144 3111 et

311 3131 426 3183 apud
455 3132 696 3184 Phoenicas,
729 3135 801 3186 qui
837 3141 883 3174 et
912 3137 1015 3176 dicti
1048 3138 1192 3189 Poeni,
1259 3140 1453 3182 Diodoro
1469 3139 1629 3179 Siculo.

311 3195 425 3238 unde
447 3196 619 3235 Punicus
633 3202 679 3236 et
698 3198 907 3249 Puniceus.
1314 3202 1510 3254 Maenala]
1549 3202 1778 3252 Maenalus,
1818 3205 1864 3240 et
1895 3201 1939 3239 in
1973 3199 2145 3251 plurali,

364 3262 444 3298 224
474 3259 669 3312 Erinnys]
690 3260 830 3300 Furiae
847 3269 1097 3313 perpetuam
1113 3264 1195 3304 vir·
1260 3266 1467 3316 Maenala,
1510 3277 1630 3304 mons
1675 3270 1743 3304 est
1780 3263 1980 3304 Arcadiae
2020 3274 2144 3304 sacer

310 3322 539 3375 ginitatem
556 3325 811 3364 servabant:
842 3326 918 3365 sed
949 3333 1095 3367 tamen·
1117 3328 1193 3370 Ju-
1261 3329 1429 3370 Dianae.

2298 557 2300 574 l

2299 575 2300 586 l

2299 588 2300 602 l

311 3385 426 3439 piter
444 3387 536 3428 vult
553 3387 687 3429 etiam
704 3387 800 3430 illas
819 3389 955 3430 amori
969 3389 1192 3442 subjicere.
1313 3395 1391 3432 231
1421 3391 1649 3444 Dilabitur]
1680 3391 1778 3432 Non
1812 3391 1926 3446 quod
1960 3402 2008 3432 re
2041 3401 2144 3432 vera
2216 3407 2221 3411 ·

2274 3638 2296 3653 ξ
