2300 3906
315 204 422 259 758
852 217 947 256 cu.
989 213 1341 255 CLAUDIAM
1381 212 1564 253 xxvr.

318 338 739 403 Romanamque
761 349 982 385 manum
1003 331 1173 384 tantis
1197 331 1466 384 eludimus
1492 331 1683 383 annis:
2030 329 2137 382 490

318 422 433 475 Sed
459 436 734 488 nunquam
763 417 992 469 Mavors
1019 415 1158 468 adeo
1183 417 1513 468 constrinxit
1532 417 1589 478 in
1613 417 1826 466 arctum

318 505 457 569 Res,
483 504 723 565 Alarice,
751 508 892 553 tuas,
969 501 1077 552 Per
1099 504 1181 552 tot
1203 499 1688 551 certaminarducto

318 587 494 641 Crede
521 589 661 648 seni,
687 586 778 654 qui
806 590 856 636 te
882 590 1069 636 tenero
1095 584 1218 635 vice
1241 584 1414 651 patris
1440 583 1511 634 ab
1537 598 1659 635 aevo

319 672 616 724 Gestatum
641 685 815 737 parva
841 669 1038 720 solitus
1063 667 1268 719 donare
1294 666 1563 734 pharetra,

317 753 505 822 Atque
532 760 719 822 aptare
739 756 933 806 breves
966 752 1211 803 humeris
1236 751 1541 819 puerilibus
1568 765 1747 802 arcuS.
2038 747 2144 800 495

317 840 488 908 Saepe
512 839 734 906 quidem
758 838 961 889 frustra
985 837 1189 899 monui,
1217 840 1462 887 servator
1486 839 1548 886 ut
1571 834 1667 886 icti

320 923 572 975 Foederis
599 922 854 974 Emathia
878 927 1029 973 tutus
1056 921 1244 972 tellure
1269 935 1547 971 maneres·

320 1007 431 1059 Sed
453 1007 719 1074 quoniam
745 1004 943 1057 calidae
969 1005 1156 1072 rapuit
1180 1009 1232 1057 te
1255 1004 1480 1056 flamma
1495 1004 1762 1072 juventae,

319 1090 491 1143 Nunc
515 1089 734 1153 saltem,
759 1089 807 1141 si
835 1105 971 1141 cura
996 1089 1095 1140 tibi
1121 1093 1306 1140 manet
1333 1088 1447 1140 ulla
1472 1092 1703 1151 tuorum,

318 1174 431 1226 His
455 1174 709 1227 claustris
735 1173 930 1237 evade,
956 1189 1184 1241 precor:
1224 1174 1461 1241 dumque
1483 1173 1699 1240 agmina
1719 1173 1895 1240 longe,
2041 1170 2167 1221 500·

322 1259 472 1310 Dum
494 1257 643 1320 licet,
670 1256 962 1324 Hesperiis
985 1272 1237 1325 praeceps
1263 1258 1474 1309 elabere
1497 1258 1656 1308 terris
1678 1274 1692 1323 ;

321 1408 481 1449 nubium
514 1408 738 1457 violentum,
765 1411 803 1447 et
835 1406 1046 1459 effugimus
1064 1411 1123 1447 tot
1149 1408 1298 1458 praeliis
1316 1407 1419 1446 acies
1437 1407 1648 1446 Romanas.
1704 1403 1763 1444 At
1785 1405 1913 1454 Mars,
1932 1415 1956 1443 o
1976 1402 2154 1453 Alarice,

320 1474 515 1513 nunquam
525 1462 682 1501 reduxit
695 1462 737 1500 in
751 1465 882 1500 tantas
894 1461 1095 1511 angustias
1105 1462 1319 1501 exercitum
1334 1465 1456 1501 tuum.
1490 1461 1614 1498 Crede
1625 1458 1721 1498 Seni
1735 1462 1861 1497 tracto
1876 1470 1945 1509 per
1963 1461 2021 1495 tot
2032 1457 2155 1503 bella,-

323 1516 390 1567 qui
409 1527 539 1554 senex
557 1516 634 1553 loco
648 1515 829 1565 parentis
844 1515 892 1553 ab
912 1516 1068 1553 ineunte
1080 1516 1240 1553 oetatula
1255 1517 1456 1552 consuetus
1473 1514 1566 1550 dare
1581 1511 1657 1550 tibi
1668 1515 1822 1561 portato
1833 1511 2058 1560 pharetram
2073 1510 2157 1549 exi-

321 1581 457 1619 guam,
476 1573 593 1618 atque
611 1569 894 1606 accommodare
911 1579 1026 1605 arcus
1043 1578 1182 1616 parvos
1199 1567 1369 1605 humeris
1387 1565 1470 1605 tuis
1489 1564 1713 1613 puerilibus.
1770 1562 1883 1613 Saepe
1900 1567 2003 1601 certe
2028 1564 2160 1602 admo·

322 1621 393 1660 nui
413 1626 457 1660 te
474 1620 683 1669 inutiliter,
702 1623 747 1659 ut
764 1623 894 1658 custos
902 1619 1068 1667 faederis
1079 1620 1253 1671 percussi
1269 1630 1425 1658 securus
1441 1629 1657 1656 remaneres
1675 1617 1716 1655 in
1735 1620 1844 1655 terra
1862 1616 2072 1656 Thessalia.
2099 1615 2159 1656 At

323 1673 503 1724 quoniam
529 1674 647 1711 ardor
666 1672 887 1721 juventutis
917 1673 1094 1711 ardentis
1122 1672 1298 1723 abripuit
1325 1676 1380 1722 te,
1397 1683 1498 1710 nunc
1515 1672 1668 1720 saltem,
1685 1670 1720 1708 si
1740 1682 1814 1720 qua
1832 1673 1957 1709 restat
1974 1669 2050 1708 tibi
2067 1681 2161 1708 cura

322 1732 494 1775 tuorum,
513 1737 608 1775 rogo
629 1731 687 1775 te,
716 1730 764 1763 ut
794 1737 971 1775 erumpas
1003 1738 1057 1764 ex
1086 1725 1148 1764 his
1174 1725 1387 1776 repagulis.
1445 1725 1502 1763 Et
1531 1724 1624 1762 dum
1642 1724 1835 1763 exercitus
1852 1723 2030 1763 hostiles
2049 1724 2162 1772 longe

327 1784 441 1830 sunt,
469 1780 561 1818 dum
590 1777 849 1830 permittitur,
882 1778 1214 1830 effugezpromtus
1245 1791 1299 1818 ex
1318 1777 1473 1831 finibus
1492 1777 1665 1830 Italicis,
1693 1789 1740 1817 ne
1761 1782 1808 1818 tu
1827 1781 2010 1829 expetens
2026 1788 2162 1828 rapere

1099 1896 1172 1910 0‘10
1177 1895 1343 1911 “OOC“
1349 1895 1395 1909 ‘O

325 1964 485 2005 Moret.
513 1976 578 2015 pr.
610 1965 694 2005 duo
733 1963 884 2004 Ambr.
917 1963 1153 2005 Ald.-490
1181 1965 1377 2016 tantisque
1409 1965 1492 2005 inc.
1526 1964 1679 2005 Heins.
1723 1964 1914 2004 eludimus
1946 1962 2068 2004 Leid.
2094 1975 2162 2015 pr.

328 2017 470 2056 Oxon.
501 2030 567 2067 pr.
613 2018 795 2058 elusimus
829 2017 914 2057 duo
934 2017 1058 2058 Vatt.
1089 2018 1185 2057 Pal.
1220 2024 1306 2058 tres
1338 2019 1459 2059 Med.
1493 2018 1592 2059 Pat.
1629 2019 1784 2059 Petav.
1805 2031 1871 2070 pr.
1893 2016 2044 2057 Ambr.
2077 2028 2163 2057 sec.

327 2071 429 2110 Var.
458 2071 545 2110 LL.
577 2071 645 2111 ed.
675 2070 804 2111 Antv.
851 2072 1106 2111 conclusimus
1126 2072 1246 2111 Leid.
1263 2083 1351 2112 sec.
1371 2085 1425 2112 ni.
1446 2084 1533 2112 sec.
1579 2072 1840 2112 concludimus
1858 2072 1965 2111 Exc.
1987 2071 2166 2111 Gevart.

326 2124 514 2163 eludimus
529 2125 598 2164 vel
617 2124 798 2164 clusimus
818 2124 924 2175 Reg.
971 2124 1235 2164 concludimus
1264 2126 1333 2163 vel
1359 2126 1611 2165 conclusimus
1639 2126 1760 2165 Voss.
1781 2132 1825 2164 et
1845 2125 1886 2163 in
1907 2124 2117 2175 margine,
2137 2122 2168 2163 f.

326 2189 413 2216 cum
431 2177 625 2216 clusimus.
672 2178 794 2217 armis
811 2178 1073 2218 Farn.-—49l
1102 2178 1337 2228 constringit
1370 2178 1455 2217 duo
1478 2179 1595 2217 Med.
1615 2178 1700 2218 inc.
1721 2177 1870 2217 Heius.
1892 2179 2051 2217 Mon-et.
2080 2188 2166 2216 sec.

328 2233 551 2270 construxit
571 2231 665 2271 Pal.
689 2232 814 2270 Fam.
837 2231 971 2271 Oisel.
1000 2232 1220 2271 construxit
1239 2233 1310 2270 vel
1328 2232 1563 2271 constrinxit
1583 2233 1690 2282 Reg.
1708 2231 1851 2271 Oxou.
1873 2242 1937 2281 pr.
1974 2230 2017 2270 in
2035 2242 2169 2269 arcum

329 2283 657 2323 Florent.--492
685 2285 872 2324 Alaricho
892 2284 1013 2325 Leid.
1029 2297 1093 2335 pr.
1134 2284 1363 2324 discrimina
1382 2288 1496 2324 ducto
1515 2284 1632 2324 Leid.
1654 2296 1719 2336 pr.
1754 2283 1984 2324 discrimina
2001 2284 2068 2322 vel
2087 2295 2169 2323 cer·

329 2337 480 2375 tamina
499 2337 620 2376 Med.
643 2349 706 2388 pr.
754 2339 865 2376 docto
898 2342 1081 2389 quatuor
1110 2339 1232 2378 Vatt.
1267 2339 1396 2377 Farn.
1433 2338 1550 2378 Pric.
1587 2339 1708 2377 Rott.
1743 2338 1879 2378 Oisel.
1910 2338 2018 2377 Exc.
2039 2336 2169 2377 Laeti.

328 2390 444 2428 ducto
476 2390 574 2429 Pal.
595 2390 784 2430 Florent.
806 2391 966 2431 Mazar.
987 2391 1090 2431 Pat.
1109 2391 1255 2431 Oxou.
1275 2404 1342 2443 pr.
1364 2391 1513 2431 Ambr.
1535 2403 1622 2430 sec.
1653 2392 1813 2431 Moret.
1848 2403 1914 2442 pr.
1944 2389 2044 2430 Ald.
2064 2390 2169 2430 Var.

327 2442 414 2482 LL.
433 2442 502 2482 ed.
522 2441 655 2482 Antv.
675 2455 728 2482 m.
748 2455 813 2494 pr.
855 2446 967 2483 docto
987 2445 1055 2483 vel
1069 2446 1184 2484 ducto
1203 2445 1322 2484 Med.
1344 2458 1410 2496 pr.
1432 2446 1513 2483 duo
1533 2445 1687 2484 Petav.
1727 2446 1841 2484 ducto
1859 2444 1927 2483 vel
1943 2445 2080 2483 ductas
2098 2443 2168 2483 vel

327 2496 486 2535 ductum
517 2496 756 2547 Reg.-493
789 2497 886 2536 Cum
907 2499 954 2536 de
973 2510 1051 2549 pro
1074 2498 1199 2537 Crede
1216 2498 1385 2537 Tholos.
1435 2499 1595 2537 Creseni
1627 2497 1747 2538 Med.
1767 2498 1850 2537 inc.
1873 2497 2023 2536 Heins.
2075 2497 2170 2536 Cre-

328 2550 454 2588 scenti
473 2550 666 2589 Florent.
695 2562 749 2588 ιιι.
770 2561 837 2600 pr.
887 2552 1047 2590 Creseni
1074 2551 1141 2590 vel
1174 2551 1298 2590 Crede
1329 2552 1412 2590 seni
1445 2551 1566 2591 Med.
1598 2554 1800 2603 [ηπ-«494
1828 2550 1974 2591 bellare.
1983 2550 2171 2602 pharetra

327 2602 431 2644 Jun.
467 2605 667 2653 ιιι-495
696 2607 807 2642 artus
839 2615 918 2654 pro
955 2616 1067 2644 arcus
1099 2604 1218 2643 Med.
1251 2608 1473 2645 seo—496
1500 2605 1649 2644 monuit
1681 2606 1783 2644 Var.
1814 2605 1901 2644 LL.
1936 2605 2004 2644 ed.
2035 2603 2169 2644 Antv.

328 2655 459 2694 monui
465 2655 628 2703 frustra
647 2655 797 2696 Ambr.
828 2669 894 2707 pr.
922 2658 1025 2698 Jun.
1057 2670 1121 2709 pr.
1153 2658 1297 2698 Oxou.
1328 2671 1414 2698 sec.
1464 2659 1536 2698 icti
1555 2660 1657 2698 Vat.
1690 2663 1828 2710 quart.
1848 2658 1940 2698 Pal.
1961 2656 2081 2698 Med.
2100 2668 2169 2709 pr.

326 2708 493 2748 Thuan.
512 2710 666 2750 Petav.
687 2722 753 2761 pr.
774 2709 872 2751 Pat.
890 2712 1057 2752 Tholos.
1076 2711 1227 2751 Ambr.
1246 2723 1333 2751 sec.
1378 2711 1460 2752 acti
1477 2713 1578 2751 Vat.
1600 2711 1735 2764 quint.
1782 2711 1899 2751 histis
1926 2712 2046 2751 Med.
2080 2722 2168 2750 sec.

328 2761 474 2802 isthinc
495 2762 616 2804 Rott.
644 2764 761 2803 istinc
781 2764 889 2814 Reg.
929 2766 1018 2804 istis
1047 2765 1171 2805 Leid.
1191 2777 1275 2805 sec.
1297 2777 1391 2804 cum
1413 2765 1711 2805 novemdecim
1732 2766 1840 2816 aliis,
1859 2766 1966 2805 Exc.
1989 2766 2170 2805 Gevart.

328 2815 435 2856 Var.
456 2817 540 2856 LL.
561 2816 629 2855 ed.
653 2816 783 2856 Antv.
830 2818 954 2857 hostis
985 2819 1053 2857 vel
1085 2818 1158 2858 icti
1191 2819 1257 2858 vel
1290 2819 1380 2858 istis
1409 2820 1735 2859 Florent.—498
1765 2818 1899 2870 rapuit
1917 2820 2056 2858 caliace
2085 2816 2168 2856 inc.

330 2868 620 2910 Heins.—499
647 2882 723 2910 non
750 2883 845 2910 cura
877 2872 1067 2912 Florent.
1114 2872 1185 2911 illa
1214 2884 1293 2924 pro
1326 2874 1406 2912 ulla
1439 2874 1681 2924 Reg.-500
1710 2872 1794 2912 Hic
1812 2884 1888 2923 pro
1908 2871 1989 2910 His
2007 2870 2168 2909 Mazar.

328 2924 472 2961 castris
490 2922 721 2964 Pan—501
740 2926 923 2976 princeps
942 2937 1021 2976 pro
1036 2938 1211 2976 praeceps
1228 2926 1350 2966 Leid.
1371 2939 1435 2977 pr.
1456 2927 1557 2977 Vat.
1580 2932 1681 2966 tert.
1699 2926 1815 2965 Pric.
1840 2925 1958 2963 Rott.
1980 2924 2168 2962 Florent.

330 2973 415 3013 duo
435 2975 556 3016 Med.
575 2977 657 3016 inc.
678 2977 828 3017 Heius.
850 2979 1003 3018 Petav.
1024 2991 1110 3018 sec.
1135 2980 1294 3020 Moret.
1311 2991 1398 3019 sec.
1419 2981 1521 3019 Var.
1543 2980 1627 3019 LL.
1658 2991 1682 3017 e
1711 2989 1843 3027 marg.
1878 2977 2018 3015 Parni.
2063 2977 2167 3014 dela-

331 3025 421 3066 bere
435 3027 536 3067 vat.
557 3041 624 3079 pr.
665 3030 824 3070 illabere
840 3032 941 3073 Jun.
963 3044 1026 3082 pr.
1048 3032 1189 3072 Oxou.
1205 3045 1292 3072 sec.
1319 3038 1406 3072 tres
1424 3034 1543 3071 Vatt.
1564 3032 1701 3071 Oisel.
1721 3031 1910 3069 Florent.
1931 3030 2015 3068 duo
2046 3028 2166 3068 Med.

331 3079 514 3120 totidem
534 3081 686 3123 PetaV.
705 3083 807 3124 Pat.
825 3083 926 3125 Ald.
946 3093 993 3125 et
1009 3085 1078 3125 ed.
1099 3085 1244 3126 Parin.
1291 3085 1461 3125 vetabere
1495 3084 1564 3124 vel
1584 3084 1740 3123 illabere
1760 3083 1885 3122 Fam.
1931 3081 2079 3122 elabere
2099 3083 2169 3123 vel

1156 3219 1339 3262 NOTAE

336 3320 577 3374 trigesimus
597 3335 743 3365 annus.
903 3310 905 3312 V
1280 3337 1407 3379 quam
1427 3323 1655 3375 eludimus,
1683 3335 1768 3364 non
1791 3324 2000 3365 audentes
2018 3335 2167 3365 manus

387 3389 468 3426 490
492 3386 717 3439 Eludimus]
737 3387 837 3429 Non
855 3392 942 3430 tam
961 3401 1214 3442 pugnamus,
1282 3388 1460 3440 propius
1480 3399 1721 3428 conserere.
