2300 3906
326 201 434 254 976
867 214 960 252 ct..
994 209 1352 250 cLAUmANi
1394 208 1605 249 xxxv.
1651 215 1672 222 ·-

328 332 542 384 Cuncta
567 332 678 383 tuis
703 331 903 398 parIter
927 329 1126 380 cedent
1148 329 1409 382 animalia
1433 330 1635 395 regniS,

329 415 531 467 Lunari
557 415 807 482 subjecta
831 413 996 478 globo
1014 428 1044 477 ς’
1068 413 1166 479 qui
1192 412 1462 479 septimus
1488 429 1654 464 auras

330 497 542 561 Ambit,
570 504 628 550 et
654 496 871 550 aeternis
898 495 1156 547 mortalia
1182 501 1409 562 separat
1434 498 1615 549 astriS.

333 582 448 634 Sub
473 587 569 633 tua
593 580 851 648 purpurei
877 579 1094 631 venient
1110 579 1347 646 vestigia
1369 595 1528 646 reges

333 666 610 732 Deposito
636 665 793 726 luxu,
816 664 978 715 turba
1003 678 1129 714 cum
1154 679 1398 731 paupere
1422 664 1603 716 mixti.

333 747 707 798 Omnia‘mors
735 750 936 814 aequat.
1011 746 1100 798 Tu
1122 746 1452 798 damnatura
1480 751 1768 806 nocentes:

330 831 420 882 Tu
441 834 680 898 requiem
702 831 882 882 latura
906 830 1019 898 piis
1043 847 1055 881 :
1094 835 1147 881 te
1165 830 1356 899 judice
1381 836 1565 883 sontes

331 915 596 982 Improba
623 919 880 982 cogentur
904 916 1035 967 vitae
1061 916 1357 967 commissa
1381 915 1558 968 fateri.

332 998 542 1066 Accipe
570 999 799 1050 Lethaeo
824 998 1065 1050 famulas
1093 1014 1218 1050 cum
1240 1001 1450 1066 gurgite
1478 1000 1712 1064 Parcas.

333 1082 415 1133 Sit
440 1082 631 1144 fatum,
662 1082 1053 1151 quodcumque
1076 1082 1250 1135 voles.
1327 1082 1474 1135 Haec
1498 1083 1650 1135 fatus
1676 1085 1904 1135 ovantes

2046 577 2166 630 300

2059 997 2169 1050 305

328 1236 477 1280 alunt,·
495 1236 624 1274 omnia
637 1236 842 1286 aequaliter
859 1236 1146 1284 subjicientur
1132 1236 1295 1286 imperio
1310 1240 1375 1275 tuo
1395 1236 1583 1275 animalia
1603 1235 1817 1275 existentia
1837 1233 1906 1273 sub
1923 1233 2050 1272 Lunoe
2067 1231 2172 1293 orbe,

331 1289 396 1338 qui.
411 1289 598 1338 septimus
617 1290 756 1328 circuit
777 1290 939 1338 Coelum,
955 1294 993 1329 et
1009 1289 1179 1340 sejungit
1209 1302 1274 1328 res
1294 1291 1458 1329 caducas
1478 1303 1502 1328 a
1526 1289 1718 1329 sideribus
1743 1293 1930 1328 aeternum
1951 1283 2173 1325 mansuris.

340 1342 467 1390 Reges
484 1354 579 1380 cum
602 1349 721 1381 veste
738 1356 931 1393 purpurea
948 1345 1148 1393 procident
1166 1346 1218 1382 ad
1238 1345 1353 1393 pedes
1370 1349 1469 1392 tuos,
1488 1344 1624 1382 relicto
1632 1342 1764 1390 fastu,
1781 1340 1983 1380 commixti
1997 1350 2083 1377 cum
2100 1350 2174 1376 coe-

331 1399 526 1445 ηιραιιρει
528 1408 616 1435 um.-
636 1409 738 1434 mors
750 1395 853 1434 facit
870 1397 998 1434 onmia
1008 1397 1184 1457 oequalia.
1202 1397 1260 1436 Tu
1272 1409 1315 1434 es
1331 1398 1630 1434 condemnatura
1637 1407 1736 1442 reos,
1743 1399 1787 1432 tu
1801 1405 1839 1431 es
1852 1395 1994 1430 datura
2007 1390 2177 1442 quietem

325 1447 479 1496 probis:
503 1453 681 1487 nocentes
694 1453 880 1495 cogentur
892 1449 1071 1500 confiteri
1086 1449 1186 1487 vitia
1206 1451 1317 1486 maloe
1329 1448 1438 1497 υἱέα,
1449 1452 1489 1486 te
1501 1447 1677 1485 arbitra.-
1708 1446 1835 1495 recipe
1850 1446 1997 1483 Parcas
2013 1443 2176 1483 ancillas

332 1500 595 1552 cumflumine
604 1502 790 1539 Lethoeo:
809 1501 878 1539 hoc
895 1505 1043 1539 statum
1059 1506 1139 1548 est,
1154 1499 1197 1537 id
1214 1512 1322 1538 omne
1337 1478 1438 1550 quod
1445 1499 1626 1548 jusseris.
1649 1497 1731 1537 His
1748 1497 1867 1538 dictis
1877 1497 2050 1549 increpat
2062 1507 2176 1547 equos

1109 1630 1131 1643 0
1139 1630 1179 1643 OC
1186 1629 1231 1643 ‘O
1239 1629 1403 1644 '‘O“O‘

336 1713 470 1750 -297
500 1709 635 1759 regnis
653 1709 839 1748 animalia
867 1710 1002 1749 cedent
1027 1710 1128 1751 Jun.
1151 1722 1217 1761 pr.
1258 1710 1477 1751 animantia
1509 1710 1611 1752 Jun.
1641 1722 1727 1751 sec.
1769 1712 1908 1750 cedunt
1939 1709 2022 1749 duo
2054 1709 2176 1750 Vatt.

332 1764 489 1803 Petav.
513 1775 601 1802 sec.
622 1763 792 1803 Ίὴοίοε.
812 1763 972 1803 Moret.
993 1776 1058 1814 pr.
1079 1763 1229 1803 Ambr.
1251 1770 1350 1811 tert.
1369 1765 1473 1805 Exc.
1490 1765 1646 1804 Petav.
1667 1772 1808 1817 quart.
1835 1763 1969 1814 regnis
1984 1762 2053 1803 vel
2071 1761 2177 1802 votis

331 1817 435 1856 Vat.
458 1816 633 1855 df-—298
665 1817 806 1866 Ignari
827 1829 904 1867 pro
923 1816 1075 1856 Lunari
1109 1818 1215 1858 Exc.
1236 1818 1396 1857 Petav.
1424 1824 1566 1870 quaint
1594 1817 1764 1867 subJecta
1779 1819 1869 1869 polo
1892 1817 2011 1855 Voss.
2032 1827 2177 1855 sec.—

334 1873 415 1909 300
443 1870 508 1909 Ad
527 1874 597 1909 tua
621 1870 719 1909 Var.
741 1871 826 1909 LL.
846 1882 869 1908 e
891 1883 1022 1921 marg.
1044 1867 1188 1909 Parm.
1228 1884 1423 1923 purpureo
1441 1872 1594 1911 Petav.
1616 1884 1701 1911 sec.
1729 1875 1902 1910 metuent
1923 1881 1998 1921 pro
2022 1868 2178 1909 venient

332 1923 435 1963 Vat.
458 1936 520 1975 pr.
524 1926 655 1962 —301
686 1924 800 1962 turba
819 1937 894 1963 non
911 1937 1078 1975 paupere
1100 1924 1253 1965 Petav.
1275 1937 1340 1976 pr.
1362 1925 1519 1965 mixtim
1555 1925 1660 1976 Reg.
1684 1924 1827 1964 Oxon.
1849 1936 1912 1974 pr.
1917 1926 2051 1962 -302
2082 1923 2178 1961 Om-

332 1976 401 2015 nia
420 1989 521 2015 mors
537 1978 695 2015 damnat
730 1979 837 2017 Exc.
875 1978 1021 2017 PetaV.
1052 1985 1192 2030 quart.
1232 1983 1270 2018 et
1301 1980 1536 2018 damnatura
1566 1980 1670 2018 Vat.
1698 1990 1763 2029 pr.
1768 1981 1901 2018 —305
1930 1974 2176 2027 suogurgite

334 2030 435 2069 Vat.
444 2043 518 2091 pr.
535 2030 670 2078 judice
693 2031 758 2069 nl
770 2033 934 2080 gurgite
954 2031 1095 2070 Oxon.
1110 2044 1240 2071 sec.-
1242 2035 1334 2071 -306
1362 2031 1573 2081 Sitfatum
1593 2033 1685 2071 Pal.
1704 2033 1802 2070 Vat.
1827 2030 1967 2069 Livin.
1990 2037 2035 2068 et
2050 2029 2178 2068 Voss.

333 2094 420 2123 sec.
441 2085 483 2122 in
506 2096 588 2134 quo
609 2084 858 2135 ascriptum,
871 2084 1019 2135 optima
1035 2085 1163 2133 lectio,
1181 2086 1258 2124 nisi
1277 2088 1376 2135 quod
1396 2088 1526 2125 eodem
1540 2098 1652 2124 versu
1671 2095 1807 2125 FATus
1820 2085 2008 2134 sequitur.
2038 2081 2177 2132 Sitque

334 2140 464 2174 ratu-m
498 2136 620 2176 Med.
661 2143 801 2188 quart.
830 2137 910 2176 inc.
947 2138 1099 2176 Heins.
1130 2140 1231 2177 Var.
1271 2139 1357 2178 Li..
1390 2151 1413 2176 e
1446 2151 1578 2189 marg.
1614 2139 1761 2177 Parm.
1791 2137 1952 2183 sactum
1982 2135 2080 2174 Vat.
2112 2146 2177 2185 pr.

335 2193 382 2226 et
402 2189 536 2239 quint.
558 2190 710 2228 Petav.
739 2202 826 2227 sec.
862 2190 1035 2228 Thala«.
1070 2191 1171 2230 Jun.
1202 2203 1288 2230 sec.
1317 2192 1426 2231 Exc.
1457 2192 1612 2230 Petav.
1635 2196 1778 2242 quart.
1817 2200 2052 2239 quocumque
2071 2187 2175 2226 Put.

333 2242 429 2281 velis
446 2242 546 2281 Vat.
567 2254 631 2292 pr.
650 2243 731 2280 inc.
753 2241 905 2280 Heins.
929 2242 1033 2280 Cod-
1057 2243 1299 2279 Bartholin.
1341 2245 1444 2281 voles
1471 2245 1660 2280 Floreat.
1690 2243 1776 2279 duo
1804 2241 1925 2279 Med.
1945 2240 2095 2279 Heins.
2115 2240 2178 2281 H.

1176 2340 1353 2380 NOTAE

390 2448 469 2485 398
496 2445 650 2485 Lunari
686 2445 856 2495 subjecta
889 2445 1022 2496 globo]
1066 2445 1224 2495 Pytha·

336 2519 460 2559 goras
491 2508 630 2547 credit
649 2520 673 2548 a
691 2510 830 2548 lacteo
852 2508 1011 2548 circulo
1031 2507 1223 2558 incipere

335 2571 536 2610 Plutonis
565 2571 805 2623 imperium,
822 2572 924 2623 quia
946 2571 1096 2610 animae
1125 2570 1224 2609 inde

332 2635 465 2687 lapsae
489 2648 512 2674 a
533 2637 699 2687 superis
729 2636 958 2675 recedunt:
1008 2634 1079 2673 alii
1099 2647 1124 2674 a
1145 2635 1225 2674 Lu-

335 2711 402 2738 nae
431 2699 575 2750 globo,
596 2700 667 2750 qui
696 2699 901 2750 septimus
926 2703 993 2738 est
1013 2697 1055 2737 in
1077 2697 1224 2737 ordine

335 2760 633 2811 Planetarum,
667 2762 738 2813 qui
767 2767 867 2801 sunt
895 2761 1118 2808 Saturnus,
1147 2760 1225 2800 Ju-

333 2823 464 2875 piter,
498 2826 632 2875 Mars,
664 2825 756 2875 Sol,
786 2823 1042 2874 Mercurius,
1062 2823 1224 2873 Venus,

340 2890 387 2925 et
406 2887 541 2927 Luna.

390 2952 471 2988 300
516 2950 735 3000 Purpurei]
805 2951 1056 3001 Purpureus
1104 2951 1223 2990 color

338 3010 502 3061 Regum
535 3019 603 3049 est
637 3024 687 3050 ac
721 3012 988 3062 Principum,
1022 3024 1126 3063 quos
1162 3011 1224 3051 sic

338 3072 570 3124 alloquitur
616 3086 738 3112 sacra
787 3075 1040 3125 Scriptura:
1095 3076 1107 3096 ‘
1132 3075 1224 3127 Ego

336 3134 427 3174 dixi
465 3134 536 3174 Dii
575 3135 692 3183 estis,
730 3135 805 3181 sed
837 3137 1077 3175 moriemini
1111 3137 1225 3176 sicut

337 3195 415 3236 filii
435 3197 649 3236 hominum
668 3197 694 3236 :'
733 3196 798 3237 καὶ
815 3196 863 3237 σὺ
878 3197 1079 3247 τέθνηκας,
1097 3199 1226 3251 ὥσπερ

337 3257 446 3308 ἡμεῖς
461 3256 645 3310 ἅπαντες,
660 3261 715 3300 Et
728 3265 773 3300 tu
786 3266 962 3302 mortuus
976 3275 1029 3312 es,
1043 3263 1144 3302 sicut
1157 3276 1226 3302 nos

337 3334 482 3362 omnes.
523 3322 595 3364 sic
613 3323 728 3375 apud
750 3324 987 3364 Lucianum
1006 3325 1225 3378 Diogenes

335 3384 480 3425 illudit
497 3384 761 3427 Alexandro.

1346 2446 1423 2483 301
1456 2443 1668 2494 Deposito]
1707 2441 1790 2481 Vel
1807 2439 1936 2489 fastu,
1957 2440 2025 2479 vel
2046 2439 2179 2480 ambi-

1292 2506 1402 2545 tioso
1447 2506 1583 2554 cultu,
1624 2505 1691 2544 vel
1741 2504 1871 2555 regiis
1914 2502 2179 2555 insignibus;

1292 2566 1526 2621 ἀφῃρημένοι
1547 2570 1708 2608 πολλῶν
1722 2582 1771 2617 ’γε
1791 2566 1854 2606 καὶ
1883 2564 2068 2616 μεγάλων
2086 2580 2180 2615 κτη-

1290 2631 1439 2683 μάτων,
1457 2633 1617 2684 spoliati
1645 2633 1779 2672 multis
1804 2636 1842 2671 et
1862 2631 2016 2680 magnis
2030 2642 2179 2682 posses-

1291 2697 1477 2747 sionibus,
1503 2697 1649 2736 aiebat
1681 2697 1850 2736 Croesus
1883 2695 1997 2745 apud
2027 2693 2179 2734 LucIa-

1293 2758 1407 2800 num.

1345 2826 1425 2861 302
1449 2822 1593 2861 Omnia
1609 2834 1711 2861 mors
1725 2821 1873 2871 aequat]
1890 2818 2175 2869 Propertius:

1293 2886 1306 2908 ‘
1328 2886 1401 2925 Nil
1421 2885 1553 2925 distat
1572 2885 1743 2924 Croesus
1773 2884 1825 2923 ab
1863 2884 1961 2921 Iro:
1995 2881 2179 2923 Consule

1293 2961 1405 2997 cum,
1425 2948 1581 2998 Matio,
1615 2953 1742 2998 capte
1765 2946 1997 2994 sugamia,
2025 2942 2179 2983 sedes.’

1293 3011 1516 3062 Sapienter
1536 3011 1607 3050 ille
1626 3010 1697 3063 qni
1723 3009 1864 3051 filiolae
1899 3007 2102 3046 tumulum
2117 3006 2178 3046 sic

1294 3075 1525 3125 inscripsit,
1553 3076 1565 3096 ‘
1593 3060 1901 3123 Decipimfir,v
1873 3070 1985 3110 votis
2006 3074 2051 3107 et
2071 3074 2178 3109 tem-

1294 3149 1397 3188 pone
1416 3135 1617 3184 fallimur,
1635 3140 1680 3173 et
1697 3145 1810 3172 mors
1832 3131 2015 3171 Deridet
2035 3143 2176 3183 curas,

1294 3201 1419 3239 anxia
1440 3199 1529 3238 vita
1548 3196 1681 3236 nihil!

1347 3266 1425 3301 305
1458 3261 1646 3300 Famula-3
1665 3260 1831 3310 Parcas]
1861 3259 1970 3299 Quae
1985 3263 2059 3299 tua
2077 3270 2178 3299 exe-

1293 3328 1480 3378 quentur
1497 3322 1694 3373 imperia,
1715 3328 1761 3360 ut
1775 3322 1957 3362 ancillae.

1347 3389 1428 3432 306
1454 3383 1683 3435 Sitfatum]
1721 3385 1962 3437 compones
1981 3382 2175 3426 fortunas
