2300 3906
18 3597 52 3803 effu*
39 3529 43 3552 Π
26 3501 29 3508 -

22 3804 52 3906 nra-32⁶2

676 198 916 239 RAP'PUS
944 201 1236 242 PROSERP.
1267 205 1390 244 Lm.
1418 206 1486 246 ss.

171 310 311 365 Cum
335 312 423 365 leo
441 318 708 383 possedit,
731 320 1042 388 nudataque
1069 324 1281 376 viscera
1304 325 1447 377 fodit
1866 327 1973 381 210

123 451 126 454 .
178 398 486 464 Unguibus,
514 407 568 454 et
591 404 796 472 rabiem
821 410 969 458 totos
995 410 1171 473 exegit
1198 410 1250 458 in
1276 425 1476 472 armoS,

175 480 298 534 Stat
322 501 510 537 crassa
536 488 709 553 turpis
737 490 904 552 sanie,
929 491 1214 560 nodosque
1232 495 1490 561 jubarum

175 565 418 630 Excutit,
444 576 499 620 et
517 571 656 621 viles
682 579 963 638 pastorum
989 575 1227 641 despicit
1250 578 1380 628 iraS.

246 651 438 717 Ignavi
465 654 694 707 domitor
720 659 887 725 vulgi,
913 659 1186 710 teterrime
1212 659 1461 722 fratrum,

174 732 362 786 Pallas
387 738 482 799 ait,
510 756 629 805 quae
657 746 709 792 te
737 742 969 792 stimulis
995 742 1319 810 facibusque
1341 742 1581 809 profanis

173 815 503 871 Eumenides
529 825 788 875 movere‘l
830 830 922 876 tua
946 842 1040 876 cur
1066 826 1194 876 sede
1218 825 1406 902 relicta

171 897 366 953 Audes
391 904 663 957 Tartareis
689 909 892 959 coelum
917 910 1179 962 incestare
1204 908 1527 978 quadrigis?

172 984 312 1037 Sunt
338 987 438 1038 tibi
465 988 738 1041 deformes
766 992 948 1045 Dirae:
988 999 1114 1045 sunt
1139 994 1314 1045 altera
1338 992 1536 1046 Lethes

1873 742 1980 797 215

168 1144 360 1193 unguibus
390 1146 534 1184 viscera
562 1151 712 1197 apertu,
732 1150 972 1200 explevilque
993 1149 1140 1197 famem
1172 1154 1253 1188 toto
1284 1154 1435 1200 pectore
1465 1153 1626 1196 vorato,
1657 1152 1783 1187 manet
1804 1147 1976 1196 soedutus

167 1209 301 1236 cruore
334 1198 467 1259 multo,
504 1203 542 1237 et
587 1203 737 1239 excutit
767 1202 884 1249 jubas
919 1204 1094 1250 nodosas,
1134 1202 1373 1252 negligitque
1417 1202 1540 1240 minas
1580 1205 1779 1252 pastorum
1823 1203 1971 1240 vilium.

167 1250 302 1309 Paliae
319 1252 432 1311 dicit,
454 1252 492 1290 Ο
516 1252 662 1301 Pluto,
682 1258 807 1292 rector
837 1254 1058 1293 umbrarum
1077 1255 1271 1300 inertium,
1299 1254 1504 1293 saevissime
1534 1254 1660 1293 trium
1681 1253 1870 1301 fratrum,
1887 1267 1973 1304 quae

154 1301 286 1349 furioe
305 1306 571 1362 excitaverunt
586 1310 624 1343 te
640 1306 852 1344 calcaribus
870 1310 907 1344 et
926 1308 1040 1346 taedis
1056 1305 1349 1346 abominandis?
1406 1307 1549 1355 Quare,
1564 1307 1711 1345 deserto
1729 1310 1793 1345 tuo
1811 1307 1971 1357 palatio,

166 1356 284 1394 audes
303 1354 458 1407 inficere
475 1367 603 1394 aerem
620 1359 727 1407 equis
747 1358 936 1408 Stygiis?
990 1360 1105 1399 Dirae
1119 1364 1249 1410 turpes
1263 1364 1351 1398 sunt
1370 1360 1443 1398 tibi
1455 1372 1468 1398 .·
1494 1359 1583 1398 alioe
1599 1363 1688 1398 sunt
1708 1359 1804 1398 Deoe
1824 1357 1975 1406 Insere·

934 1473 1101 1487 ‘0011‘ae
1107 1473 1225 1487 “O“

166 1556 444 1605 quart.—210
472 1554 687 1603 nudataque
702 1558 855 1604 pectora
883 1555 950 1594 ed.
970 1556 1110 1594 Vicet.
1129 1556 1276 1594 viscera
1297 1556 1481 1595 Floreat.
1498 1556 1580 1594 duo
1596 1555 1712 1594 Med.
1726 1555 1809 1593 duo
1824 1554 1972 1594 Heius.

166 1607 268 1646 Put.
291 1607 397 1656 Reg.
418 1607 590 1645 Thalos.
609 1608 731 1645 Voss.
755 1620 817 1658 pr.
837 1608 922 1647 duo
951 1608 1092 1647 Oxon.
1114 1614 1199 1647 tres
1221 1608 1369 1647 Petav.
1390 1609 1492 1647 Exc.
1526 1608 1676 1648 Petav.
1705 1613 1843 1658 quart.
1874 1608 1973 1646 Var.

167 1660 257 1700 LL.
279 1673 301 1698 e
318 1672 451 1709 marg.
483 1659 626 1699 Parui.
654 1660 751 1698 Ald.
769 1661 893 1710 poscit
914 1660 1107 1712 prosodit
1136 1661 1372 1700 Fun—211
1404 1661 1536 1710 exegit
1568 1661 1668 1698 Vat.
1692 1660 1824 1698 Livin.
1848 1660 1973 1697 erexit

170 1713 267 1752 ΑΜ.
289 1712 360 1752 ed.
382 1713 661 1752 Parm.-212
688 1723 817 1752 crassa
835 1716 940 1752 sanie
967 1714 1093 1765 turpis
1124 1714 1271 1753 Petav.
1292 1726 1376 1752 sec.
1411 1715 1516 1752 Exc.
1539 1714 1689 1751 Petav.
1711 1718 1846 1762 quart.
1862 1711 1973 1759 facie

166 1779 243 1817 pro
260 1766 366 1805 sanie
384 1767 484 1805 Vat.
506 1770 723 1805 sem—213
757 1767 920 1805 Excitat
938 1779 1014 1818 pro
1054 1767 1217 1805 Excutit
1239 1768 1332 1806 Vat.
1354 1766 1395 1806 d.
1415 1767 1574 1806 Bonon.
1594 1765 1745 1815 despuit
1763 1765 1842 1803 iras
1871 1764 1972 1802 Put.

165 1823 298 1859 —214
327 1820 492 1858 domitor
509 1820 575 1857 vel
591 1821 728 1858 ductor
746 1820 844 1858 Vnt.
868 1832 951 1859 sec.
983 1820 1090 1869 vulgi
1111 1820 1212 1858 Put.
1235 1820 1338 1871 Reg.
1370 1819 1452 1858 duo
1470 1820 1571 1860 Jun.
1595 1819 1771 1857 totidem
1791 1819 1909 1856 Voss.
1931 1823 1975 1855 et

167 1873 306 1912 Oxou.
328 1879 413 1911 tres
435 1872 587 1913 Petav.
607 1871 704 1913 Ald.
724 1874 827 1911 Var.
849 1874 935 1913 LL.
956 1885 979 1912 e
999 1885 1128 1922 marg.
1146 1873 1288 1912 Parni.
1307 1874 1440 1911 'nundi
1460 1874 1559 1912 Vat.
1587 1885 1650 1922 pr.
1671 1870 1774 1910 Cod.
1798 1870 1975 1908 Bartho-

164 1926 240 1964 lin.
264 1925 410 1966 Ambr.
434 1931 531 1965 tert.
551 1926 632 1965 inc.
662 1925 803 1965 Heins.
825 1927 928 1965 Exc.
946 1926 1098 1965 Petav.
1128 1931 1267 1978 quart.
1288 1925 1356 1964 ed.
1379 1925 1519 1964 Pan-m.
1547 1932 1589 1963 et
1610 1925 1751 1963 vicet.
1779 1922 1975 1961 teterrime

164 1978 313 2020 Ambr.
335 1985 432 2018 tert.
450 1980 657 2017 deterrime
679 1979 863 2019 Florent.
883 1986 927 2018 et
948 1979 1099 2029 viginti
1122 1979 1257 2018 codd.
1277 1979 1375 2017 item
1397 1979 1496 2017 Var.
1528 1978 1615 2016 LL.
1637 1991 1657 2012 e
1678 1988 1811 2026 marg.
1832 1976 1973 2013 Parui.

163 2037 295 2071 —215
325 2047 396 2083 quo
416 2037 455 2071 te
473 2032 727 2082 conjiciebat
757 2032 1045 2071 Heius.·-—216
1071 2044 1246 2083 rapuere,
1263 2036 1330 2070 tua
1350 2031 1450 2069 Vat.
1471 2032 1511 2070 d.
1531 2035 1609 2069 tuae
1628 2030 1760 2069 ceteri
1780 2028 1868 2068 fere
1890 2039 1975 2067 om-

165 2098 258 2134 neS,
275 2086 343 2124 cd.
367 2086 511 2124 Parni.
543 2093 587 2123 et
605 2085 751 2123 Vicet.
784 2086 907 2124 Voss
926 2097 988 2133 pr.
1006 2097 1101 2123 cum
1122 2085 1263 2125 Gloss.
1291 2086 1303 2106 ‘
1317 2088 1440 2122 acute.
1462 2087 1550 2122 tuae.
1570 2089 1608 2121 te
1624 2083 1769 2131 dignae.
1790 2082 1849 2119 sic
1866 2078 1977 2118 infra

166 2139 292 2178 Nocte
312 2138 546 2178 tua.'-—217
574 2138 705 2177 Audet
736 2137 834 2176 Put.
869 2138 1001 2177 coelum
1019 2137 1120 2177 Jun.
1151 2149 1214 2187 pr.
1232 2136 1315 2175 duo
1334 2138 1457 2175 Voss.
1481 2136 1563 2174 duo
1592 2135 1733 2174 Oxou.
1756 2134 1852 2172 ΑΜ.
1872 2133 1973 2170 Var.

164 2193 251 2232 LL.
271 2206 294 2231 e
314 2204 447 2241 marg.
471 2192 615 2230 Parm.
634 2193 815 2230 mundum
845 2191 953 2230 eod.
973 2191 1210 2229 Bartliolin.
1237 2189 1382 2228 Ambr.
1401 2194 1499 2227 tert.
1522 2187 1589 2227 ed.
1610 2187 1749 2225 Parm.
1769 2192 1814 2224 et
1834 2185 1973 2224 Vicet.

165 2246 356 2284 incestare
373 2244 536 2282 Tholos.
570 2242 759 2291 infestare
788 2245 885 2282 Vat.
919 2255 982 2292 pr.
1002 2243 1089 2279 duo
1110 2243 1261 2280 Petav.
1280 2242 1447 2279 Bonon.
1478 2240 1623 2278 Ambr.
1644 2245 1741 2278 lert.
1766 2239 1868 2279 Jun.
1889 2249 1974 2277 sec.

164 2298 261 2338 Vat.
280 2297 418 2337 Livin.
440 2301 526 2335 vet.
547 2295 651 2346 Gyr.
673 2294 780 2333 Cod.
801 2295 1034 2334 Bartholin.
1056 2295 1162 2333 Exc.
1182 2294 1335 2332 petav,
1363 2298 1499 2344 quart.
1511 2291 1652 2340 fedare
1669 2290 1831 2341 querelis
1849 2290 1970 2329 Voss.

163 2354 362 2404 pin—218
390 2350 491 2389 Sunt
509 2348 566 2388 ibi
595 2349 696 2387 Vat.
729 2360 814 2387 sec.
843 2347 1032 2396 deformes
1063 2346 1256 2397 Nymphae
1273 2346 1374 2387 Jun.
1393 2357 1477 2384 sec.
1505 2343 1694 2392 deformes
1709 2343 1849 2382 anirnoe
1866 2342 1965 2382 Vat-

984 2465 1024 2505 N
1030 2465 1158 2505 OTAE

161 2573 224 2626 gis
244 2577 440 2613 movetur
473 2572 657 2609 Dearum
678 2573 844 2618 raptam
863 2566 1038 2605 Proser-

162 2638 304 2689 pinam
325 2633 608 2685 repetentium
628 2630 951 2681 vocibus,‚quam
971 2628 1036 2667 leo

162 2705 359 2740 movetur
392 2697 513 2735 minis
559 2702 772 2746 pastorum
808 2692 1034 2743 juvencam

162 2767 328 2813 raptam
346 2765 541 2811 repetere
556 2756 823 2796 tentantium.

216 2823 372 2863 Stabuli
397 2824 511 2861 decus
536 2817 794 2870 armentique]
823 2817 930 2858 Quae
950 2815 1033 2856 for-

161 2899 233 2926 ma
253 2892 429 2937 praestat
457 2884 651 2924 omnibus
682 2881 849 2934 generis
878 2880 939 2919 sui
966 2879 1035 2931 ju-

163 2961 325 2990 veneis.

140 3019 146 3025 '
217 3015 297 3053 213
329 3010 516 3061 Excutit]
572 3009 694 3049 Inter
747 3006 1033 3047 devorandam

161 3076 369 3130 praedam.

218 3144 299 3181 216
329 3136 580 3187 Eumenides]
626 3132 839 3184 Εὗμενίδες,
874 3132 915 3171 id
953 3138 1034 3182 est,

144 3203 376 3249 *benevolam
412 3202 484 3240 sed
518 3201 577 3239 sic
609 3199 745 3237 Furiae
778 3196 976 3235 dicuutur
1010 3207 1034 3233 a

161 3267 392 3318 contrario,
412 3265 510 3317 quia
527 3267 627 3302 sunt
650 3261 784 3301 minus
805 3258 1034 3299 benevolae.

163 3326 304 3375 Julius
325 3329 482 3371 Caesar'
499 3325 706 3379 scaliger,
734 3320 1036 3376 ‘Antiphrasin

1105 2573 1244 2606 autem
1275 2576 1418 2606 veram
1438 2575 1528 2602 esse
1560 2560 1687 2601 fateri
1704 2560 1893 2610 cogimur
1911 2569 1965 2598 ex

1103 2635 1385 2681 cognomento
1422 2626 1656 2674 Furiarum,
1691 2635 1793 2674 quas
1823 2620 1967 2662 Graeci

1101 2694 1308 2744 Erinnyas
1335 2703 1430 2731 cum
1461 2688 1742 2740 appellassent
1775 2679 1968 2736 primum,

1102 2763 1252 2808 postea
1286 2756 1393 2793 bene
1422 2752 1603 2791 ominata
1632 2760 1751 2800 voce,
1774 2745 1966 2797 εὐμενίδας

1100 2819 1317 2858 nominare
1332 2812 1597 2854 maluerunt.'

1153 2883 1229 2920 217
1261 2875 1476 2926 Incestur‘e]
1503 2874 1554 2914 Id
1574 2879 1656 2922 est,
1686 2873 1858 2921 violare,
1879 2871 1966 2923 pol-

1100 2945 1240 2983 luere:
1261 2944 1503 2991 ‘totamque
1518 2938 1699 2976 incestat
1708 2933 1969 2974 funereclas«

1100 3003 1219 3045 sem.’
1245 3001 1465 3054 Virgilius.

1152 3070 1231 3107 218
1252 3063 1383 3114 Diroe]
1409 3062 1625 3102 Dicuntur
1639 3057 1758 3110 quasi
1773 3058 1963 3096 Deorum

1099 3143 1194 3170 πω.

1153 3190 1310 3241 Lethes]
1328 3189 1461 3230 Lethe
1475 3191 1541 3226 est
1556 3183 1701 3225 fluvius
1715 3178 1958 3231 Hispaniae:

1100 3255 1168 3295 hic
1187 3258 1253 3294 est
1272 3251 1424 3292 fluvius
1450 3249 1700 3296 Inferni-um,
1727 3247 1772 3284 et
1788 3240 1960 3295 ponitur

1101 3328 1180 3371 pro
1196 3315 1299 3369 ipsis
1317 3311 1488 3355 Inferis.
