2300 3906
594 229 835 270 RAPTUS
876 232 1170 274 pnosmzr.
1211 233 1329 273 1213.
1369 235 1410 275 1.
1800 223 1905 280 931

97 348 358 418 Coeperat
381 354 438 400 et
461 350 652 401 vitreis
679 365 893 403 summo
912 351 1032 421 Jam
1056 352 1294 420 margine
1319 353 1453 405 texti

99 433 384 486 Oceanum
406 434 617 487 sinuare
641 436 800 487 vadis
821 454 832 489 :
873 438 973 489 sed
998 439 1219 490 cardine
1242 454 1400 491 verso

100 518 277 570 Sentit
299 518 491 570 adesse
518 519 690 582 DeaS,
717 520 1207 589 imperfectumque
1230 522 1474 574 laborem

102 603 341 666 Deserit,
370 607 423 654 et
448 604 637 655 niveos
661 604 850 656 infecit
873 620 1120 672 purpura
1142 606 1326 657 vultus
1444 611 1451 617 '
1807 603 1914 656 270

101 687 209 738 Per
229 687 464 753 liquidas
489 704 759 740 succensa
781 705 945 756 genas
967 706 979 740 ε
1019 692 1298 756 castaeque
1321 688 1546 756 pudoris

102 769 342 822 Illuxere
368 769 537 822 faces.
613 771 746 824 Non
769 773 850 824 sic
875 773 1043 824 decus
1071 772 1228 823 ardet
1252 773 1534 835 eburnum,

103 852 284 920 Lydia
310 853 539 906 Sidonio
565 856 714 924 quod
739 856 966 908 foemina
989 857 1211 908 tinxerit
1237 859 1405 908 ostro.

106 935 379 988 Merserat
402 937 551 989 unda
574 939 745 992 diem:
786 955 981 1007 sparso
1003 955 1117 991 nox
1140 940 1365 991 humida
1389 955 1581 993 somno

103 1111 255 1152 subitis.
300 1111 502 1162 Inceperat
535 1113 654 1153 etium
671 1114 760 1163 Jam
787 1128 947 1156 curvare
978 1129 1099 1168 mare,
1137 1117 1249 1170 aquis
1276 1119 1494 1169 pellucidis,
1534 1117 1577 1156 in
1609 1120 1781 1157 extrema
1806 1119 1920 1168 parte

105 1167 214 1204 teloe:
240 1166 307 1204 sed
325 1165 451 1212 janua
469 1171 620 1216 aperta,
647 1169 923 1208 animadvertit
951 1171 1059 1210 Deus
1077 1172 1223 1219 venire,
1256 1175 1294 1210 et
1322 1172 1508 1222 relinquit
1527 1183 1621 1221 opus
1639 1169 1920 1221 imperfectum,

105 1221 144 1256 et
177 1217 293 1256 rubor
330 1219 595 1269 infiammatus
631 1233 704 1271 per
745 1233 868 1270 genas
903 1235 1039 1273 puras,
1078 1222 1244 1273 suffudit
1284 1224 1433 1267 vultum
1468 1224 1687 1271 candidum,
1727 1228 1765 1261 et
1804 1223 1921 1261 ardm-

105 1272 342 1310 verecundioe
370 1275 487 1310 castae
517 1273 699 1312 emicuit:
743 1286 822 1313 uon
861 1273 917 1312 sic
945 1276 1044 1314 uitet
1080 1280 1345 1314 ornamentum
1382 1275 1520 1325 eboris,
1550 1278 1646 1326 quod
1677 1276 1815 1314 mulier
1846 1275 1924 1324 Ly-

107 1324 174 1363 dia
215 1323 382 1363 tinxerit
418 1336 594 1374 purpura
634 1325 813 1366 Sidonia.
887 1327 1005 1366 Mare
1041 1329 1241 1379 sepelierat
1280 1329 1398 1368 lucem
1412 1342 1425 1367 .·
1468 1341 1548 1367 nox
1583 1328 1740 1367 humida
1779 1326 1924 1378 diffuso

876 1440 1067 1456 ‘O‘ONOC
1074 1442 1168 1457 ’θίν’

108 1524 179 1563 vel
202 1523 344 1564 Rosida
363 1524 470 1575 Reg.
488 1523 577 1573 jam
594 1523 735 1564 subitis
756 1526 858 1565 Exc.
879 1525 1032 1565 Petav.
1058 1530 1330 1578 quart.-—26'7
1358 1527 1474 1567 vitrei
1493 1529 1598 1567 Exc.
1619 1529 1767 1567 Petav.
1789 1530 1927 1577 quart.

109 1587 257 1617 summa
276 1578 500 1639 Oxou3pr.
527 1579 574 1616 de
591 1578 767 1628 margine
785 1580 886 1618 Vat.
909 1591 972 1629 pr.
1001 1579 1084 1618 inc.
1107 1580 1258 1619 Heius.
1276 1579 1427 1620 Ambr.
1446 1587 1545 1621 tert.
1567 1580 1670 1620 Cod.
1692 1580 1928 1619 Bartliolin,

110 1631 1076 1733 ⁸321?ssss11:⁸5&ss32:235005555332‘3-‘310‘15ss‘f
1087 1634 1483 1726 350313222'35232
1500 1636 1753 1736 {rea‘t'.“‹{.².?1?t.
1768 1644 1930 1723 ⁶²:32⁰&

115 1736 321 1777 Florents
339 1749 435 1777 cum
457 1736 609 1788 viginti
629 1749 702 1776 sex
724 1738 831 1788 aliis,
860 1743 906 1776 et
925 1739 1031 1777 Exc.
1059 1738 1214 1778 Petav.
1248 1743 1519 1789 quant—270
1557 1739 1714 1778 Desinit
1745 1737 1844 1778 Jun.
1865 1749 1930 1787 pr.

115 1790 216 1830 Vat.
237 1792 372 1841 quint.
399 1789 566 1838 confecit
587 1791 909 1830 Florent.—271
938 1790 1108 1841 castique
1126 1793 1226 1831 Vat.
1245 1804 1307 1841 pr.
1327 1799 1371 1830 et
1389 1793 1523 1843 quint.
1554 1790 1659 1830 Cod.
1690 1791 1931 1829 Bartholiu.

116 1847 307 1894 castaeque
330 1845 514 1883 Floreut.
535 1844 618 1882 duo
638 1843 757 1883 Med.
778 1844 927 1883 Heius.
950 1844 1004 1882 H.
1024 1851 1068 1882 et
1089 1845 1171 1884 inc.
1194 1845 1329 1894 ejusd.
1347 1846 1446 1884 Pur.
1462 1847 1567 1894 Reg.
1586 1846 1746 1882 Bouon.
1760 1843 1932 1882 Tholos.

118 1896 279 1936 Moret.
300 1909 366 1948 pr.
383 1898 508 1936 Voss.
530 1909 615 1936 sec.
635 1897 734 1938 Jun.
756 1909 816 1947 pr.
837 1897 921 1935 duo
943 1896 1085 1935 Oxou.
1103 1903 1191 1936 tres
1212 1899 1361 1938 Pet-av.
1375 1900 1478 1937 Var.
1494 1899 1578 1936 LL.
1594 1910 1617 1935 e
1638 1909 1771 1945 marg.
1788 1896 1932 1934 Parm.

107 1948 303 2000 justoeque
334 1951 439 1989 Exc.
470 1950 624 1989 PetaV.
657 1953 931 2000 quarn—«273
971 1949 1153 1989 Sidonica
1172 1952 1290 1990 Med.
1319 1963 1384 2002 pr.
1425 1951 1592 1989 tinxerit
1611 1950 1715 1989 Exc.
1736 1948 1858 1999 Laeti,
1889 1954 1937 1987 et

120 2003 221 2042 Var.
240 2003 326 2042 LL.
359 2016 382 2043 e
404 2015 538 2054 marg.
558 2004 699 2042 Parni.
728 2003 903 2042 tinxerat
923 2002 1006 2041 duo
1035 2004 1153 2042 vatt.
1183 2004 1282 2043 Pal.
1314 2005 1421 2054 Reg.
1451 2005 1601 2042 Petav.
1622 2014 1706 2041 sec.
1734 2002 1836 2042 Jun.
1869 2012 1934 2051 pr.

119 2055 246 2094 Voss.
269 2068 353 2095 sec.
381 2057 512 2095 texuit
531 2057 632 2094 Vat.
655 2068 718 2105 pr.
739 2055 847 2094 Cod.
868 2055 1103 2094 Bartholin.
1124 2057 1226 2094 Vat.
1257 2057 1391 2096 Livin.
1418 2057 1521 2095 Exc.
1541 2056 1690 2094 PetaV.
1712 2060 1851 2105 quart.
1869 2054 1938 2092 ed.

121 2108 267 2150 Parm-
287 2114 334 2148 et
353 2110 495 2148 Vicet.
522 2109 652 2148 texuit
669 2108 736 2148 vel
751 2108 926 2154 tinxerat
940 2109 1100 2147 Moret.
1118 2121 1182 2159 pr.
1198 2108 1399 2148 Heinsius
1417 2109 1671 2160 ascripserat
1684 2108 1780 2146 Val.
1797 2107 1939 2145 Flacc.

181 2283 322 2334 Texti]
374 2283 428 2323 td
459 2286 541 2333 est,
582 2282 716 2322 vestis
746 2286 896 2333 textae,
929 2288 1007 2321 aut
1127 2287 1205 2322 273
1233 2284 1361 2335 Lydia
1370 2282 1554 2334 foemina]
1584 2281 1718 2334 Lydia
1735 2284 1802 2320 est
1821 2279 1942 2331 regio

126 2346 338 2388 texendae.
1072 2345 1247 2383 minoris
1268 2345 1401 2394 Asiae,
1434 2345 1477 2384 in
1507 2356 1589 2396 qua
1618 2342 1815 2382 mulieres
1835 2341 1942 2381 ebur

179 2414 259 2450 268
310 2407 522 2459 Oceanum]
564 2406 638 2447 Sic
686 2406 847 2447 dicitur
895 2405 1008 2458 quia,
1075 2408 1239 2459 tingere
1258 2408 1547 2447 instituerunt.

128 2471 252 2514 ὠκέως
274 2471 384 2523 ναίει,
405 2473 582 2512 celeriter
589 2470 703 2522 fluit.
1129 2469 1294 2509 Sidonio
1325 2469 1446 2519 ostro]
1505 2469 1703 2517 Purpura
1756 2464 1945 2505 Sidonia.

183 2540 263 2578 270
293 2536 495 2587 Purpura]
523 2535 576 2574 Id
597 2539 680 2583 est,
705 2533 834 2573 rubor
854 2544 1009 2584 purpu·
1075 2532 1206 2571 Sidon
1224 2538 1365 2571 antem
1381 2536 1448 2570 est
1462 2530 1561 2570 urbs
1577 2528 1826 2579 Phoeniciae,
1839 2538 1946 2578 opus

133 2601 195 2640 rei
225 2599 396 2648 coloris,
433 2599 504 2650 qni
532 2598 650 2637 velut
681 2597 791 2648 iguis
824 2596 1010 2647 liquidus
1078 2593 1365 2645 Assyriorum,
1397 2605 1518 2645 quam
1556 2605 1580 2631 a
1614 2592 1788 2643 piscium
1823 2588 1949 2641 copia

134 2669 250 2704 errat
268 2676 345 2715 per
375 2673 698 2715 genas,.easque
718 2660 941 2701 succendit
962 2671 1011 2698 ac
1077 2657 1237 2696 Sidona
1267 2656 1614 2707 appellaverunt3
1642 2653 1756 2706 (nam
1790 2651 1951 2703 piscem

135 2726 290 2779 pingit.
1079 2719 1322 2769 Phoenices,
1335 2718 1472 2767 Sidon,
1491 2715 1663 2767 vocant)
1692 2717 1731 2753 in
1751 2725 1835 2766 qua
1854 2724 1952 2766 pur-

189 2793 266 2829 271
301 2790 504 2840 Castoeque
527 2787 685 2840 pudoris
699 2787 863 2826 illuxere
882 2784 1014 2835 faces]
1083 2794 1242 2834 pureus
1260 2782 1377 2821 color
1397 2778 1766 2831 exquisitissimum

136 2852 190 2893 Id
210 2858 292 2902 est,
312 2852 448 2903 pudor
469 2852 678 2903 ruborque
704 2851 746 2888 in
766 2849 856 2899 ejus
877 2848 1015 2896 vuitu,
1135 2848 1215 2885 274
1249 2842 1462 2892 Merserat]
1488 2843 1552 2881 Ex
1568 2853 1712 2880 eorum
1725 2837 1955 2887 sententia,

139 2915 274 2955 instar
296 2914 417 2963 facis,
451 2915 636 2954 enituit:
673 2912 751 2951 nisi
787 2910 902 2951 forte
939 2921 1018 2961 per
1086 2908 1159 2960 qui
1195 2907 1335 2946 Solem
1371 2911 1524 2956 putant
1562 2904 1605 2942 in
1639 2903 1809 2942 Iberum
1839 2910 1958 2939 mare

140 2976 259 3017 faces
281 2978 492 3026 intelligat
514 2976 737 3023 oculos‚in
767 2974 920 3026 quibus
942 2985 1018 3024 pu·
1086 2982 1180 3010 cum
1215 2969 1376 3019 ingenti
1410 2968 1614 3007 undarum
1647 2965 1815 3015 fragore
1845 2961 1960 3002 deci-

142 3039 222 3081 dor
238 3048 283 3080 et
299 3040 512 3079 modestia
531 3038 749 3079 enituerit.
1087 3032 1202 3071 dere.
1258 3032 1409 3071 Florus
1425 3031 1478 3069 de
1493 3030 1670 3069 Decimo
1684 3029 1836 3078 Bruto,
1851 3027 1863 3048 ‘
1875 3024 1961 3065 for-

196 3106 277 3143 2⁷2
306 3104 436 3142 Decus
453 3104 565 3141 ardet
594 3100 794 3150 eburnam]
832 3099 931 3138 Non
962 3097 1022 3137 sic
1090 3096 1378 3146 midatumque
1414 3092 1617 3132 militibus
1655 3090 1807 3131 fiumen
1841 3087 1960 3127 Obli-

145 3167 251 3208 ebur
270 3168 424 3216 radiat,
453 3179 548 3206 cnm
571 3164 777 3205 infectum
812 3176 886 3203 seu
918 3164 1025 3203 tinc—
1090 3158 1225 3197 vionis
1253 3154 1467 3209 (Lethes),
1486 3162 1793 3206 peragratoque
1825 3151 1961 3190 victor

149 3236 238 3272 tum
258 3239 323 3271 est
353 3232 499 3270 colore
528 3215 759 3281 purpureo.
818 3227 1025 3268 Ovidius:
1094 3221 1257 3261 Oceani
1277 3221 1439 3268 littore,
1471 3230 1554 3258 non
1586 3217 1697 3267 prins
1729 3214 1845 3284 signa
1862 3223 1961 3251 con-

147 3292 271 3334 ‘Aut
287 3296 397 3346 quod
415 3305 468 3332 ne
489 3292 624 3343 longis
639 3290 872 3331 flavescere
892 3289 1027 3340 possit
1095 3285 1240 3335 vertit,
1272 3296 1397 3335 quum
1417 3282 1639 3321 cadentem
1669 3278 1711 3316 in
1741 3286 1871 3314 maria
1888 3272 1965 3313 So·

151 3355 207 3395 ab
237 3357 356 3395 annis
386 3356 567 3396 Maeonis
599 3353 824 3405 Assyrium
854 3350 1030 3392 foemina
1094 3349 1193 3399 lem,
1216 3348 1500 3397 obrutumque
1530 3341 1645 3394 aquis
1680 3340 1834 3390 ignem,
1876 3346 1964 3404 non

152 3418 283 3470 tingit
301 3418 436 3459 ebur!
1097 3411 1188 3451 sine
1207 3409 1388 3463 quodam
1422 3403 1634 3455 sacrilegii
1661 3407 1778 3442 metu
1808 3405 1854 3441 et
1869 3398 1976 3440 hor··
