2300 3906
316 205 426 260 832
853 216 949 253 cu.
989 206 1341 251 cuAUDlANl
1383 203 1620 244 xxviii.

319 337 456 391 Non
480 336 674 404 procul
699 332 877 386 amnis
902 331 1080 390 abest,
1102 325 1230 378 urbi
1254 324 1350 393 qui
1372 325 1608 377 nominis
1633 327 1848 386 auctor,

318 420 459 473 Ilice
480 420 585 471 sub
612 417 783 468 densa
810 413 983 481 sy-lvis
1010 414 1251 462 arctatus
1275 410 1467 476 opacis

320 505 468 557 Inter
492 507 782 567 utrumque
802 497 993 565 jugum
1019 496 1176 547 tortis
1204 493 1542 544 anfractibus
1569 492 1742 544 albet.

319 588 481 649 Inde,
507 586 744 637 salutate
767 581 958 633 libatis
982 578 1225 647 Tybride
1252 576 1549 644 NymphiS,
2050 572 2157 624 520

319 670 621 737 Excipiunt
644 682 827 729 arcuS,
855 678 1202 732 operosaque
1229 661 1424 711 semita
1451 660 1628 711 vastis

319 753 591 815 Molibus,
617 756 671 804 et
695 750 960 819 quicquid
984 752 1152 800 tantae
1171 744 1531 815 praemittitur
1555 744 1697 796 urbi.

319 837 408 889 Ac
433 836 587 889 velut
612 835 810 887 officiis
838 834 1244 902 trepidantibus
1271 846 1368 882 ora
1392 829 1594 896 puellae

319 921 432 989 Spe
456 919 721 988 propiore
748 918 855 970 tori
879 922 1049 969 mater
1075 915 1329 968 solertior
1354 917 1510 965 ornat

319 1004 663 1057 Adveniente
685 1018 880 1070 proc0,
906 1005 1200 1068 vestesque
1227 1004 1286 1050 et
1311 998 1533 1064 cingula
1555 996 1724 1050 comit
2044 992 2153 1045 525

319 1089 484 1155 Saepe
508 1102 695 1148 manu,
721 1085 995 1152 viridique
1022 1086 1276 1151 angustat
1301 1081 1517 1149 iaspide
1542 1083 1756 1147 pectus,

321 1172 761 1238 Substringitque
789 1186 1000 1222 comam
1029 1169 1276 1236 gemmiS,
1305 1171 1359 1218 et
1380 1166 1529 1218 colla
1547 1164 1740 1217 monili

321 1255 552 1319 Circuit,
567 1259 630 1321 ,et
650 1256 841 1307 baccis
867 1260 1059 1306 onerat
1085 1252 1447 1306 candentibus
1469 1266 1659 1303 aures:

319 1393 413 1432 tiem
426 1397 639 1445 patentem,
655 1392 800 1431 teritur
821 1393 874 1432 ab
904 1405 997 1443 equo
1033 1390 1291 1442 Imperatorio
1303 1404 1320 1437 ;
1352 1392 1390 1428 et
1408 1388 1510 1427 haud
1529 1388 1642 1435 longe
1674 1388 1733 1423 est
1754 1383 1904 1435 fluvius
1921 1382 2060 1422 coloris
2074 1382 2153 1422 sul-

309 1446 439 1495 furei,
463 1447 530 1497 qui
549 1449 684 1485 auctor
706 1445 794 1484 urbi
822 1446 941 1497 hujus
965 1445 1146 1493 nominis,
1173 1444 1364 1483 coercitus
1389 1441 1511 1493 sylvis
1538 1438 1711 1478 obscuris
1737 1437 1805 1476 sub
1836 1435 2045 1487 quercubus
2066 1434 2154 1484 fre-

320 1500 524 1549 quentibus
537 1500 642 1538 inter
655 1503 819 1538 montem
830 1500 1028 1548 geminum
1046 1497 1243 1548 candescit
1251 1495 1427 1546 flexibus
1444 1494 1584 1531 curvss.
1646 1491 1742 1528 Inde
1761 1488 2069 1550 aquis-delibatis
2086 1488 2152 1528 Ti-

320 1552 400 1590 bris
430 1553 606 1601 salutati,
634 1564 747 1589 arcus
767 1551 1064 1600 triumphales,
1101 1554 1139 1587 et
1169 1551 1235 1587 via
1265 1551 1404 1586 ornata
1431 1545 1625 1594 impense
1645 1546 1902 1581 monumentis
1929 1552 2095 1591 magnis,
2113 1545 2152 1580 et

318 1605 578 1654 quodcumque
594 1605 755 1653 ponitur
785 1609 883 1641 ante
903 1607 1058 1641 tantam
1076 1601 1221 1648 urbem,
1249 1600 1445 1649 recipiunt
1461 1595 1716 1636 Honorium.
1757 1595 1815 1634 Et
1839 1595 2154 1645 quemadmodum

318 1661 444 1695 mater
461 1657 679 1705 ingeniosa,
706 1667 771 1705 spe
798 1656 979 1706 proxima
1005 1654 1234 1704 nuptiarum
1251 1653 1426 1691 illustrat
1443 1662 1558 1689 manu
1571 1649 1737 1688 tremula
1754 1649 1903 1687 vultum
1920 1646 2030 1700 filioe
2047 1659 2153 1697 suae,

318 1711 550 1748 adventante
567 1721 696 1760 proco,
723 1711 762 1747 et
775 1708 917 1758 soepius
935 1709 1098 1746 dextera
1116 1719 1185 1746 sua
1204 1708 1370 1746 adornat
1386 1705 1614 1743 vestimenta
1634 1706 1673 1740 et
1690 1713 1839 1750 zonam,
1859 1705 1897 1740 et
1915 1700 2152 1750 constringit

320 1762 447 1801 sinum
467 1763 557 1813 ejus
585 1761 747 1813 ,iaspide
780 1761 916 1812 viridi,
947 1765 986 1800 et
1014 1761 1116 1810 ligat
1137 1761 1263 1799 crines
1291 1757 1509 1807 unionibus,
1534 1768 1580 1795 ac
1598 1755 1723 1805 cingit
1743 1755 1839 1794 colla
1858 1758 2007 1806 torque,
2035 1758 2151 1805 atque

1089 1898 1385 1920 eeeeeeoeeeee'·

320 1998 463 2038 oxon.
486 2010 570 2038 sec.
589 2010 647 2038 m.
666 2010 751 2039 sec.
771 1999 895 2038 coloni
913 2000 1015 2040 Vat.
1034 1998 1310 2051 (μήπω-517
1339 1997 1460 2037 abest.
1488 2009 1583 2037 cum
1602 1994 1736 2047 τελείᾳ
1754 1996 1914 2048 στιγμῇ,
1935 1993 2018 2033 duo
2029 1992 2149 2033 Med.

320 2051 422 2090 Ald.
443 2053 549 2091 Exc.
571 2052 747 2092 Gevart.
766 2053 874 2091 urbis
888 2054 989 2092 Vat.
1012 2065 1077 2103 pr.
1095 2065 1150 2092 m.
1171 2064 1236 2103 pr.
1260 2053 1400 2092 Oxon.
1423 2062 1508 2092 sec.
1542 2055 1650 2089 actor
1668 2051 1769 2088 Vat.
1790 2054 1891 2088 tert.
1912 2049 2012 2087 ictor
2028 2047 2148 2086 Med.

321 2108 561 2144 tert.-—518
589 2105 659 2143 sub
690 2110 800 2145 tensa
831 2106 952 2144 Med.
985 2112 1127 2157 quart.
1164 2109 1340 2144 arctatus
1377 2105 1490 2148 Prie.
1525 2105 1625 2143 Vat.
1665 2103 1803 2141 Livin.
1843 2108 1929 2140 vet.
1968 2099 2148 2152 Gyrald.

319 2157 422 2196 item
443 2157 575 2197 Gesn.
595 2158 694 2198 Nic.
714 2158 864 2197 Heius.
890 2164 935 2197 et
968 2159 1037 2197 ed.
1058 2158 1235 2209 Bipont.
1262 2161 1441 2196 arctatur
1461 2156 1580 2195 Leid.
1603 2167 1668 2206 pr.
1697 2155 1781 2193 duo
1802 2154 1943 2195 Oxon.
1968 2157 2150 2204 quatuor

318 2211 441 2249 Vatt.
461 2211 589 2249 Farn.
614 2212 731 2250 Rott.
750 2215 905 2250 artatus
920 2211 1067 2250 Ambr.
1090 2215 1190 2250 tert.
1211 2211 1314 2250 Exc.
1335 2211 1513 2249 Lucens.
1544 2220 1628 2248 sec.
1649 2211 1810 2258 aptatur
1828 2207 1923 2246 Pal.
1945 2206 2062 2247 Med.
2083 2218 2149 2257 pr.

319 2263 501 2302 hortatur
518 2264 545 2304 J
550 2276 616 2303 im.
637 2276 703 2314 pr.
723 2269 883 2303 arcatur
902 2266 1003 2304 Lov.
1024 2269 1070 2303 et
1088 2263 1324 2314 ascriptum
1345 2262 1383 2311 f.
1417 2266 1606 2301 arcuatur
1625 2261 1755 2300 Ovid.
1777 2265 1957 2300 arctatur
1976 2261 2044 2299 vel
2063 2272 2150 2298 arc·

321 2321 430 2355 tatus
459 2317 558 2355 vat.
599 2321 802 2366 pr.——5l9
830 2318 925 2355 totis
956 2318 1055 2356 vat.
1090 2317 1224 2368 quint.
1258 2315 1516 2363 amfractibus
1551 2315 1712 2353 Moret.
1744 2317 1966 2360 sem—520
1994 2312 2150 2352 libratis

320 2370 511 2409 Floreat.
532 2370 688 2408 Petav.
711 2382 798 2409 sec.
823 2370 985 2418 Tigride
1007 2371 1106 2409 Put.
1132 2369 1298 2420 Tybride
1320 2368 1476 2420 Nymjis
1496 2369 1600 2407 Lov.
1631 2379 1686 2406 m.
1708 2379 1771 2418 pr.
1808 2366 2006 2419 Nymphis
2028 2365 2149 2407 Leid.

319 2434 386 2473 pr.
408 2434 462 2461 m.
484 2434 550 2472 pr.
572 2422 727 2462 Pet-av.
749 2434 834 2461 sec.
855 2425 961 2463 Exc.
985 2424 1164 2462 Lucens.
1187 2421 1409 2461 sem—521
1438 2421 1585 2460 semina
1605 2432 1683 2471 pro
1713 2420 1853 2459 semita
1882 2421 1982 2459 Vat.
2009 2424 2147 2471 quart,

318 2474 438 2515 Med.
474 2487 559 2514 sec.
592 2476 699 2515 Exc.
735 2475 842 2514 Cod.
878 2476 1029 2515 Rhem.
1057 2479 1177 2515 vastae
1208 2476 1370 2515 Moret.
1403 2486 1467 2525 pr.
1499 2474 1623 2512 noctis
1655 2486 1733 2525 pro
1771 2473 1892 2512 vastis
1925 2473 2149 2512 Tholos.—

318 2531 397 2567 522
423 2528 673 2579 promittitur
691 2529 795 2568 Lov.
813 2530 1058 2580 permittitur
1077 2529 1195 2569 Med.
1226 2533 1367 2581 quart.
1401 2527 1551 2567 deerat
1585 2533 1729 2566 autem
1761 2526 1829 2566 hic
1859 2538 2003 2566 versus
2029 2526 2149 2566 Rott.

319 2585 452 2620 -523
481 2581 539 2619 At
557 2582 658 2622 Vat.
675 2583 946 2633 quint.—525
977 2587 1170 2634 vestesque
1189 2584 1296 2622 Exc.
1315 2582 1495 2621 Lucens.
1514 2593 1578 2630 pr.
1597 2585 1722 2619 vestes
1736 2580 1826 2619 sine
1841 2580 2010 2631 copuia,
2024 2580 2148 2619 Fam.

319 2634 405 2673 duo
423 2634 542 2674 Med.
563 2635 663 2675 Pat.
677 2636 846 2675 Τὴοῑοε.
863 2635 1021 2674 Moret.
1039 2648 1103 2686 pr.
1126 2635 1194 2678 ed.
1207 2635 1458 2676 Vicet.Var.
1475 2635 1562 2674 LL.
1576 2633 1645 2672 ed.
1668 2632 1798 2673 Antv.
1814 2646 1859 2673 ac
1876 2633 2034 2683 cingula
2046 2632 2148 2673 Put.

320 2686 469 2726 Ambr.
483 2699 546 2738 pr.
559 2688 714 2738 singula
736 2688 878 2728 Oxon.
892 2692 1096 2739 pr.—526
1112 2701 1247 2729 uranus
1263 2689 1347 2727 duo
1357 2689 1478 2728 Vatt.
1497 2687 1597 2728 Jun.
1614 2699 1677 2737 pr.
1693 2686 1837 2727 Oxon.
1858 2698 1942 2726 sec.
1959 2689 2148 2736 augustat

319 2740 543 2782 Med.sec.
572 2750 617 2782 et
638 2746 913 2794 quant—528
942 2747 1107 2782 vernant
1138 2755 1218 2794 pro
1243 2745 1377 2782 onerat
1400 2740 1517 2781 Med.
1551 2745 1652 2781 tert.
1678 2746 1792 2789 ornat
1807 2739 1926 2781 Med.
1955 2743 2147 2793 quart.—

1140 2868 1322 2909 NOTAE

373 2966 452 3002 520
466 2961 645 3002 salutato
659 2964 795 3004 libatis
811 2963 1198 3016 Tybride'Nymphis]
1265 2963 1542 3015 Principibus
1561 2963 1905 3004 advenientibus.
1933 2961 2040 3003 Inde
2060 2961 2145 3002 for·

318 3025 444 3066 More
486 3026 629 3077 prisco
663 3027 723 3066 sic
767 3026 1086 3066 venerabantur
1120 3025 1197 3067 flu·
1265 3042 1341 3069 san
1357 3028 1632 3080 proemittitur‚
1658 3028 1778 3080 quasi
1797 3031 2045 3066 ornamenta
2071 3027 2145 3067 illa

319 3087 448 3128 mina.
1266 3092 1486 3142 praemissa
1503 3090 1591 3129 sint
1605 3089 1658 3128 ad
1671 3089 1916 3140 Principem
1929 3088 2145 3141 excipien-

372 3154 450 3191 ⁵21
483 3154 724 3202 operosaque
744 3151 903 3203 semita]
928 3151 1010 3190 Via
1031 3151 1196 3203 magnis
1264 3152 1378 3192 dum.

319 3212 538 3265 impensis,
578 3225 817 3266 magnoque
858 3226 1005 3265 opere,
1041 3218 1194 3253 ornata
1314 3218 1394 3254 623
1433 3213 1749 3266 Trepidantibus]
1796 3213 1909 3254 Nam
1943 3214 2142 3267 quicquid

319 3274 502 3316 molibus
532 3288 584 3317 ac
610 3277 915 3327 monumentis3
950 3285 1026 3319 aut
1053 3278 1194 3318 allatis
1261 3277 1310 3317 fit
1339 3276 1626 3330 properando,
1653 3275 1705 3318 fit
1733 3290 1856 3318 manu
1874 3278 2140 3332 trepidante,

320 3339 572 3394 quibusdam
584 3340 861 3393 ornamentis,
874 3341 914 3381 id
932 3342 1046 3394 quod
1062 3341 1197 3383 fiebat
1260 3340 1458 3384 tremula.
