2300 3906
367 235 504 297 818‘
891 254 987 292 cn.
1027 242 1380 289 CLAUDIAM
1422 246 1664 287 xxvm.

366 377 771 445 spectatosque
795 373 996 424 iterum
1031 370 1164 421 nulli
1190 368 1521 421 celebrantia
1543 367 1706 419 ludos

367 461 742 514 Circumflexa
763 457 911 523 rapit
937 459 1201 507 centenus
1227 453 1435 505 saecula
1459 452 1683 504 Consul.

365 546 479 598 His
504 545 681 606 annis,
707 543 805 611 qui
827 541 1004 592 lustra
1028 540 1160 590 mihi
1183 538 1273 589 bis
1300 533 1442 590 dena
1465 540 1763 598 recensent,

367 629 575 682 Nostra
597 634 683 680 ter
705 625 985 692 Augustos
1012 625 1156 676 intra
1182 614 1457 691 pomoeria
1480 621 1614 683 vidi,

363 712 736 781 Temporibus
761 710 930 763 variis
952 728 964 762 :
1003 710 1195 761 eadem
1222 707 1321 760 sed
1347 723 1520 759 causa
1542 708 1772 776 tropaeis

354 797 560 851 ¹Civilis
585 797 865 848 dissensus
890 798 1019 846 erat.
1095 792 1310 844 Venere
1337 792 1580 859 superbi,
1645 798 1657 809 ²

363 882 588 935 Scilicet
610 885 674 933 ut
699 880 862 932 Latio
887 893 1170 946 respersos
1198 875 1462 943 sanguine
1490 892 1680 928 currus

2082 365 2188 418 390

2074 790 2183 843 395

360 1044 483 1093 sibus,
501 1047 540 1083 et
578 1044 720 1083 Consul
751 1042 980 1082 centesimus
1014 1042 1125 1082 ducit
1159 1043 1299 1082 soecula
1328 1042 1649 1095 circumfluentia,
1685 1047 1813 1094 atque
1843 1041 2068 1081 exhibitura
2088 1040 2196 1079 ludos

361 1098 542 1136 videndos
558 1108 692 1135 rursus
722 1096 880 1135 nemini.
936 1095 1060 1135 Hisce
1079 1098 1208 1147 annis,
1227 1096 1295 1147 qui
1325 1095 1498 1143 referunt
1527 1096 1622 1135 mihi
1641 1097 1766 1135 lustra
1784 1096 1945 1146 viginti,
1974 1094 2113 1144 aspexi
2132 1097 2194 1132 ter

363 1151 622 1201 Imperatores
638 1149 747 1189 intra
761 1150 893 1189 urbem
910 1161 1046 1189 meam
1065 1150 1300 1200 temporibus
1328 1149 1464 1188 variis.
1519 1152 1596 1189 Ast
1622 1150 1816 1189 discordia
1833 1149 1959 1189 civilis
1977 1152 2061 1187 erat
2078 1159 2196 1187 causa

361 1206 492 1243 eadem
510 1203 700 1244 victoriis.
756 1203 958 1243 Nimirum
983 1203 1045 1242 illi
1061 1207 1290 1254 arrogantes
1315 1206 1517 1254 venerunt,-
1536 1207 1592 1243 ut.
1607 1203 1775 1244 viderem
1788 1214 1926 1242 currus
1943 1213 2089 1251 eorum
2111 1212 2194 1240 ma·

1130 1319 1426 1334 OOOOOOOOOOOO

360 1404 542 1443 scindunt
563 1403 738 1454 legebat
774 1403 1061 1443 Heius—890
1089 1402 1365 1455 Spectatosque
1399 1415 1543 1443 omnes
1578 1403 1700 1444 Vatt.
1739 1403 1862 1442 Farn.
1901 1401 2018 1442 Prie.
2072 1402 2196 1441 Rott.

363 1457 499 1496 Oisel.
529 1456 835 1508 Spectandasque
854 1456 973 1496 Med.
1002 1461 1102 1497 tert.
1133 1457 1237 1496 item
1258 1457 1391 1496 Gesn.
1418 1457 1518 1496 Nic.
1540 1457 1689 1496 Heius.
1711 1462 1755 1495 et
1772 1456 1839 1495 ed.
1861 1456 2036 1506 Bipont.
2076 1455 2193 1504 Spec-

359 1514 562 1561 tantesque
596 1511 753 1549 Moret.
792 1522 877 1548 sec.
919 1509 1123 1560 Spectatos
1157 1510 1248 1548 sine
1270 1511 1439 1559 copula,
1469 1510 1565 1548 Pal.
1596 1510 1786 1548 Florent.
1826 1508 1947 1547 Med.
1987 1520 2050 1558 pr.
2082 1508 2192 1558 Reg.

361 1563 502 1603 Oxon.
521 1566 718 1614 [ηπ-391
751 1563 898 1600 Chiron
913 1564 1029 1613 flexa
1047 1574 1127 1611 pro
1150 1561 1413 1612 circumflexa
1431 1561 1533 1602 Jun.
1561 1573 1625 1622 pr.
1647 1561 1787 1600 Oxon.
1807 1572 1894 1600 sec.
1935 1564 2092 1599 centeno
2113 1572 2192 1610 pro

359 1619 541 1655 centenus
560 1616 667 1654 Exc.
687 1615 793 1653 Cod.
818 1615 1104 1653 Rhem.—392
1134 1614 1216 1653 Hic
1234 1614 1353 1653 Med.
1389 1619 1486 1653 tert.
1520 1614 1603 1653 His
1616 1614 1684 1653 vel
1702 1614 1744 1652 Is
1763 1613 1879 1653 Med.
1900 1625 1963 1664 pr.
2005 1614 2082 1652 Bis
2099 1613 2195 1652 Mo-

359 1674 442 1708 ret.
462 1680 527 1719 pr.
548 1669 622 1720 qui
644 1673 690 1707 et
726 1679 848 1706 annus
868 1667 1058 1706 exhibet.
1088 1668 1205 1706 annis
1218 1668 1286 1706 vel
1304 1679 1430 1706 annus
1448 1666 1637 1707 Florent.
1657 1667 1776 1707 Med.
1812 1679 1874 1718 pr.
1902 1671 2074 1706 recenset
2093 1663 2194 1707 Vat-

358 1733 425 1772 pr.
447 1721 541 1761 Pal.
562 1721 645 1759 duo
674 1721 826 1760 Petav.
847 1721 1011 1760 Bonon.
1032 1720 1192 1760 Moret.
1219 1733 1286 1771 pr.
1307 1720 1391 1759 duo
1412 1718 1557 1760 Ambr.
1584 1724 1754 1760 recenset
1773 1721 1839 1760 vel
1860 1724 2054 1759 recensent
2071 1719 2193 1759 Med.

358 1787 425 1824 pr.
452 1775 642 1814 Florent.
673 1773 826 1813 deerat
842 1774 913 1813 hic
934 1785 1079 1813 versus
1108 1774 1210 1815 Jun.
1231 1786 1296 1825 pr.
1332 1778 1376 1813 et
1397 1775 1539 1814 Oxon.
1571 1777 1794 1813 sem—393
1823 1774 1965 1814 iterum
1983 1785 2059 1824 pro
2077 1773 2190 1813 intra

357 1828 451 1867 Pal.
471 1828 575 1867 inter
594 1826 715 1871 Leid.
731 1840 796 1877 pr.
814 1828 910 1867 Vat.
929 1839 1015 1867 sec.
1036 1828 1295 1880 FarngRott.
1317 1833 1403 1866 tres
1419 1828 1539 1867 Med.
1555 1828 1709 1867 Petav.
1728 1840 1793 1878 pr.
1815 1840 1877 1867 m.
1894 1839 1957 1878 pr.
1971 1827 2193 1867 ed.Parm.

358 1887 403 1920 et
421 1882 564 1921 Vicet.
591 1882 768 1931 pomaria
806 1881 927 1920 Farn.
963 1882 1154 1920 Florent.
1186 1881 1288 1921 Put.
1322 1882 1426 1920 Exc.
1460 1881 1641 1921 Gevart.
1674 1881 1758 1921 vidi
1793 1882 1900 1920 Exc.
1936 1880 2062 1920 Laeti.
2092 1879 2195 1919 vidit

358 1934 460 1974 Vat.
476 1947 543 1985 pr.
566 1934 700 1974 Oisel.
719 1934 888 1974 Thuan.
919 1935 1084 1974 Bonon.
1119 1934 1281 1975 Moret.
1312 1947 1377 1986 pr.
1396 1935 1498 1974 Var.
1529 1936 1614 1975 LL.
1643 1935 1711 1974 ed.
1744 1934 1873 1974 Antv.
1900 1934 2070 1987 vidi-vel
2089 1933 2193 1973 vidit

357 1988 687 2027 Florent.—394
715 1988 820 2026 veris
839 2000 917 2038 pro
936 1988 1060 2027 variis
1080 1989 1186 2028 Exc.
1213 1988 1393 2028 Gevart.
1436 1992 1542 2027 certa
1557 1988 1722 2039 trophoei
1741 1988 1880 2028 Oxon.
1900 2000 1983 2027 sec.
2011 1984 2095 2026 c'lta
2111 1990 2191 2026 tro-

352 2040 433 2091 poei
463 2041 564 2082 Jun.
592 2053 659 2092 pr.
687 2041 873 2091 trophaeis
892 2041 1010 2080 Med.
1040 2046 1142 2081 tert.
1172 2042 1364 2092 triumphi
1381 2043 1482 2081 Vat.
1512 2055 1596 2081 sec.
1620 2042 1703 2081 duo
1730 2042 1850 2082 Med.
1872 2042 1975 2082 Var.
2004 2041 2090 2080 LL.
2121 2039 2191 2081 ed.

356 2094 491 2133 AntV.
538 2094 704 2144 trophaei
723 2099 907 2144 quatuor
942 2095 1066 2133 Vatt.
1107 2095 1204 2134 Pal.
1237 2095 1355 2134 Prie.
1393 2096 1512 2134 Rott.
1553 2095 1822 2134 Oisel.--395
1851 2094 2045 2134 dissensus
2083 2094 2191 2133 Exc.

356 2147 481 2186 Laeti.
509 2146 689 2194 defensus
707 2147 807 2185 Pat.
836 2158 1035 2186 succensus
1054 2147 1153 2187 Jun.
1189 2148 1331 2187 Oxon.
1361 2159 1445 2187 sec.
1477 2148 1545 2188 ed.
1580 2148 1721 2187 Vicet.
1768 2159 1963 2187 successus
1978 2146 2102 2186 Leid.
2123 2158 2189 2197 pr.

356 2200 515 2239 Moret.
547 2212 634 2240 sec.
667 2200 777 2250 Reg.
810 2199 964 2239 Petav.
996 2212 1081 2239 sec.
1112 2200 1281 2240 Tholos.
1315 2199 1463 2239 Ambr.
1486 2208 1574 2240 sec.
1607 2202 1706 2239 Var.
1740 2201 1826 2241 LL.
1847 2213 1868 2239 e
1887 2211 2023 2250 marg.
2043 2200 2190 2239 Parm.

352 2264 552 2292 succensus
569 2254 637 2291 vel
654 2265 848 2291 successus
868 2253 1010 2296 Oxou.
1029 2264 1091 2303 pr.
1133 2253 1330 2294 d‘usensus
1345 2254 1412 2292 vel
1429 2251 1628 2293 succensus
1648 2254 1800 2293 Petav.
1820 2266 1883 2304 pr.
1911 2264 2103 2292 successus
2123 2253 2193 2292 vel

356 2306 550 2346 dissensus
569 2305 689 2345 Med.
706 2311 809 2346 tert.
854 2317 1047 2345 successus
1066 2306 1134 2345 vel
1153 2306 1339 2346 discessus
1355 2307 1654 2347 Butam—396
1686 2318 1880 2358 respersus
1899 2318 1977 2358 pro
1997 2317 2192 2358 respersos

1182 2420 1365 2461 NOTAE

408 2518 487 2555 390
514 2513 665 2566 Ludos]
704 2512 954 2565 Saeculares,
973 2524 1079 2565 quos
1111 2524 1234 2552 nemo

355 2578 421 2618 bis
439 2582 625 2628 spectat.
1227 2584 1229 2586 ’

406 2646 487 2682 392
514 2640 678 2692 Lustra]
715 2642 917 2681 Lustrum
938 2641 1006 2680 vel
1024 2640 1236 2693 significat

1356 2517 1433 2554 393
1465 2515 1559 2566 Ter]
1610 2515 1823 2561 Numerus
1850 2518 1993 2554 certus
2029 2526 2108 2566 pro
2128 2513 2190 2555 in-

1303 2646 1436 2690 tores,
1456 2646 1504 2680 ut
1534 2640 1737 2680 ostendat
1770 2638 2069 2692 quanti.faciat
2089 2651 2189 2680 con-

1302 2583 1450 2617 certo:
1490 2577 1533 2616 id
1573 2583 1652 2629 est,
1688 2577 1774 2616 vidi
1804 2589 1963 2629 paucos
1994 2576 2188 2628 Impera·
2254 2587 2261 2595 ’

354 2706 719 2757 spelaeaaprorum
753 2703 1026 2757 ferarumque
1042 2705 1236 2756 aliarum,

353 2773 398 2809 et
417 2768 511 2808 loca
530 2767 689 2819 turpia,
707 2772 753 2807 et
783 2772 874 2807 tum
893 2767 1070 2806 Vossius
1099 2767 1143 2806 id
1164 2767 1235 2807 de·

354 2831 475 2871 ducit
495 2844 520 2870 a
539 2832 636 2880 luto,
665 2830 778 2882 quod
812 2829 905 2880 apri
926 2835 970 2868 et
1002 2828 1109 2870 ferae
1143 2830 1234 2870 luto

354 2893 584 2945 gaudeant,
626 2893 701 2932 ‘et
722 2891 860 2931 amica
874 2891 966 2931 luto
1003 2904 1073 2941 sus
1091 2891 1117 2932 :’
1164 2893 1235 2932 vel

353 2956 532 2995 lustrum
565 2961 634 2995 est
673 2955 858 3007 spatium
887 2954 1075 3007 quinque
1107 2967 1239 2994 anno·

355 3028 470 3056 rum:
501 3017 649 3068 sicque
668 3019 806 3057 lustra
836 3018 905 3057 bis
936 3019 1048 3057 dena
1080 3031 1155 3059 seu
1178 3019 1236 3058 vi-

354 3078 477 3130 ginti,
507 3086 606 3118 sunt
641 3085 814 3121 centum
833 3080 947 3130 anni,
976 3086 1021 3120 et
1039 3081 1144 3120 illud
1166 3081 1237 3120 de-

352 3140 477 3183 ducit
495 3139 572 3180 ἇπὸ
600 3142 672 3179 τοῦ
698 3139 819 3192 λύειν,
835 3144 995 3191 solt-ere,
1019 3148 1065 3183 et
1082 3142 1240 3196 λύτρον,

348 3204 488 3256 pretii,
509 3215 564 3244 ex
584 3203 798 3253 Varrone,
833 3205 995 3244 inserto
1016 3204 1091 3258 (ς),
1126 3207 1238 3260 quod

352 3268 365 3289 ‘
380 3266 530 3320 quinto
567 3278 733 3318 qnoque
782 3278 893 3306 anno
929 3269 1163 3320 vectigalia
1191 3275 1236 3309 et

351 3330 467 3370 ultra
498 3327 663 3369 tributa
680 3339 759 3379 per
778 3328 987 3369 Censores
1020 3332 1236 3382 persolve·

352 3391 540 3433 bantur!
596 3392 730 3433 Plura
756 3392 870 3434 idem
889 3394 1062 3436 Vossius
1079 3396 1157 3438 hac
1176 3395 1237 3436 de.

351 3468 397 3496 re
418 3456 459 3497 in
474 3455 785 3509 Etymologico.

1302 2710 1499 2755 spectum
1523 2705 1866 2757 Imperatorium.

1356 2768 1573 2819 Pomoeria]
1602 2769 1836 2808 Pomoerium
1849 2774 1915 2809 est
1938 2768 2056 2809 locus
2074 2768 2188 2809 intra

1302 2835 1348 2870 et
1367 2837 1491 2871 extra
1505 2831 1670 2883 urbem,
1688 2844 1814 2884 quem
1831 2831 1993 2884 antiqui
2021 2832 2064 2871 in
2085 2842 2189 2871 con-

1304 2892 1456 2934 dendis
1475 2944 1480 2947 .
1508 2893 1685 2934 urbibus
1742 2896 2078 2943 consecrabant;
2123 2893 2186 2935 sic

1304 2957 1466 2997 dictum
1483 2970 1507 2997 a
1523 2958 1722 2997 Varrone
1750 2958 1868 3010 quasi
1882 2957 2156 3008 postmurium.

1357 3022 1435 3058 395
1467 3019 1608 3059 Civilis
1625 3018 1838 3068 dissensus]
1880 3017 2005 3057 Bella
2025 3018 2185 3071 civilia,

1305 3087 1427 3131 gesta
1447 3089 1594 3121 contra
1613 3082 1743 3131 cives,
1756 3085 1830 3119 aut
1849 3085 1998 3119 contra
2017 3093 2090 3121 eos
2110 3083 2186 3134 qui

1306 3142 1462 3182 civium
1482 3146 1644 3192 partem
1666 3142 1709 3180 in
1729 3142 1924 3182 exercitu
1939 3142 2184 3194 habebant;

1306 3210 1413 3256 puta
1430 3204 1590 3244 bellum
1603 3204 1871 3244 Constantini
1888 3211 2038 3246 contra
2058 3206 2184 3246 Max·
2263 3196 2268 3240 ἶ

1306 3267 1485 3315 entium,
1515 3267 1753 3306 Constantii
1785 3272 1939 3307 contra
1975 3269 2186 3320 Magnam
2264 3288 2266 3290 ·

1302 3329 1425 3381 tium,
1452 3330 1742 3370 Valentiniani
1777 3336 1820 3370 et
1854 3331 2050 3371 Valentis
2084 3343 2184 3373 con-

1300 3402 1366 3434 tra
1377 3395 1637 3446 Procopium
1653 3399 1698 3434 et
1724 3394 1927 3446 Firmum,
1953 3393 2183 3435 Theodosii
2235 3398 2237 3401 ’
2259 3390 2263 3396 ’
2297 3377 2300 3400 ³

1297 3463 1449 3499 contra
1485 3458 1724 3510 Eugenium
1757 3464 1803 3499 et
1834 3457 2098 3510 Maximum3
2135 3458 2180 3498 in
2247 3463 2259 3476 ’·
