2300 3906
575 204 637 243 ιΝ
682 205 722 243 1.
764 205 936 246 cous.
978 206 1246 247 sumen.
1290 208 1411 249 Lus.
1452 210 1494 248 1.
1834 201 1942 256 587

124 319 395 372 Pallantis
415 319 661 388 jugulum
688 321 879 374 Turno
905 326 1164 378 moriente
1190 326 1373 392 piavit

123 404 352 466 AEneaS,
379 409 693 471 tractusque
715 407 848 458 rotis
872 409 1160 461 ultricibus
1185 409 1396 462 Hector

123 486 273 538 Irato
311 486 547 538 «indicta
572 486 674 538 suit
699 489 790 539 vel
816 496 1067 557 quaestus
1093 491 1320 544 Achilli.

122 569 209 620 Tu
221 585 411 636 neque
437 585 638 622 vesano
662 579 852 640 raptas
877 577 1097 628 venalia
1122 591 1283 627 curru
1839 577 1947 630 100

125 651 358 714 Funera,
386 669 487 704 nec
515 670 713 706 vanam
738 672 942 723 corpus
967 658 1264 710 meditatus
1287 659 1345 708 in
1367 673 1537 711 unum

122 734 427 799 Saevitiam,
452 741 660 790 turmas
685 742 952 807 equitum,
980 742 1336 810 peditumque
1363 748 1628 807 catervaS,

121 817 492 887 Hostilesque
519 821 716 887 globos
744 825 954 876 tumulo
979 827 1260 892 posternis
1284 827 1468 880 amici.

122 900 337 953 Inferiis
364 919 495 969 gens
520 909 637 957 tota
664 907 854 959 datur:
892 925 992 959 nec
1021 909 1316 974 Mulciber,
1344 917 1535 965 auctor

123 983 412 1038 Mendacis
437 989 635 1056 clypei,
670 991 1051 1060 fabricataque
1081 994 1301 1047 vatibus
1329 1011 1483 1047 arma
1839 989 1948 1047 105

121 1067 374 1122 Conatus
391 1073 585 1139 juvere
607 1079 749 1125 tuos,
823 1074 937 1126 Tot
958 1077 1195 1129 barbara
1219 1080 1372 1131 solus

123 1150 306 1205 Millia
320 1156 438 1223 jam
466 1156 682 1223 pridem
706 1157 966 1210 miseram
989 1162 1271 1213 vastantia
1294 1141 1544 1214 Thracen

119 1305 160 1342 le
182 1303 308 1344 Turni
320 1321 336 1352 ,·
355 1310 393 1346 et
408 1307 572 1359 Hector,
591 1314 771 1361 raptatus
789 1324 907 1352 curru
924 1312 1094 1363 vindice,
1114 1312 1202 1361 fuit
1221 1313 1319 1353 ultio
1335 1314 1396 1352 vel
1419 1313 1567 1351 lucrum
1583 1309 1734 1351 Achilli
1750 1310 1949 1351 iracundo·

126 1355 186 1395 Tu
203 1369 320 1409 vero,
347 1371 372 1399 ο
391 1360 588 1410 Stilicho,
606 1375 726 1414 neque
745 1366 874 1404 trahis
893 1366 936 1404 in
955 1379 1072 1406 curru
1090 1367 1224 1405 insano
1243 1368 1431 1406 cadavera
1449 1365 1660 1415 vendenda,
1679 1370 1728 1403 ut
1743 1363 1950 1413 Achilles,

122 1421 245 1460 neque
263 1413 432 1464 concipis
449 1416 718 1456 crudelitatem
736 1419 891 1458 inanem
911 1419 955 1459 in
974 1433 1091 1459 unum
1105 1432 1255 1470 corpus,
1289 1425 1339 1459 ut
1354 1419 1528 1469 AEneas,
1557 1418 1630 1457 sed
1651 1421 1800 1456 mactas
1825 1418 1876 1456 ad
1892 1429 1951 1456 se-

115 1463 290 1512 pulcrum
303 1469 450 1506 sodalis
470 1468 662 1509 Promoti
681 1471 763 1510 alas
781 1472 966 1522 equitum,
999 1477 1037 1512 et
1057 1474 1230 1513 cohortes
1243 1473 1436 1524 peditum,
1473 1475 1512 1511 et
1529 1471 1746 1521 manipulos
1762 1471 1952 1509 hostium.-

121 1517 229 1555 natio
250 1520 427 1558 universa
445 1522 666 1562 immolatur
684 1526 860 1574 exequiis
878 1526 985 1573 eius:
1011 1539 1131 1577 neque
1156 1527 1349 1566 Vulcanus
1377 1524 1531 1573 artifex
1550 1530 1618 1563 est
1641 1524 1741 1563 scuti
1764 1522 1953 1573 fabulosi,

120 1580 239 1620 neque
249 1583 360 1611 arma
373 1573 541 1624 conflata
552 1587 575 1614 a
582 1576 707 1626 poetis
718 1578 952 1626 adiuverunt
966 1578 1133 1630 impetus
1144 1583 1243 1619 tuos.
1264 1580 1326 1617 Tu
1336 1590 1435 1617 unus
1448 1578 1647 1629 premebas
1658 1581 1716 1615 tot
1726 1577 1851 1616 millia
1865 1576 1956 1615 bar·

121 1621 300 1662 hararum
302 1625 532 1674 jamdudum
540 1630 764 1679 populantia
779 1631 983 1671 Thraciam
990 1634 1282 1684 deplorandam,
1291 1632 1440 1671 inclusa
1450 1630 1638 1670 limitibus
1646 1630 1756 1669 vallis
1763 1633 1950 1680 angustoe.

885 1738 1181 1755 OOOOOOOOOO‘&

7 1551 10 1578 μ

7 1633 11 1660 ι

9 1778 14 1868 ἰ
121 1807 186 1846 ρι’.
217 1797 339 1836 ambo
377 1799 554 1851 Moreti,
580 1802 666 1841 duo
699 1803 844 1842 Oxou.
889 1805 1101 1843 Basternas
1137 1805 1240 1845 Vat.
1278 1809 1381 1844 tert.
1411 1805 1574 1843 Bonon.
1618 1803 1822 1843 Valternos
1848 1800 1951 1842 Vat.

10 1870 14 1899 ξ
122 1861 206 1888 sec.
258 1851 472 1891 Vanternos
507 1854 627 1894 Leid.
663 1867 729 1904 pr.
780 1857 930 1895 Petav.
973 1868 1057 1896 sec.
1109 1858 1232 1897 Med.
1270 1863 1372 1898 tert.
1413 1858 1496 1896 inc.
1530 1856 1680 1896 Heins.
1725 1857 1829 1895 Lov.
1865 1853 1949 1894 duo

11 1912 40 1974 ξ.
121 1901 271 1942 Ambr.
292 1904 396 1944 Exc.
431 1905 612 1947 Gevart.
647 1908 750 1948 Var.
788 1909 874 1949 LL.
907 1908 976 1948 ed.
1012 1908 1141 1949 Antv.
1190 1911 1397 1950 Vasternas
1427 1910 1521 1948 Pal.
1560 1910 1686 1949 Farn.
1724 1907 1846 1946 Med.
1886 1919 1951 1957 pr.

120 1955 313 1995 Florent.
347 1958 516 1999 Tliuan.
571 1961 788 2000 Basternas
824 1962 906 2001 duo
929 1963 1053 2001 Vatt.
1087 1962 1141 2002 de
1178 1962 1388 2002 Basternis
1415 1962 1500 2001 vid.
1535 1962 1713 2001 Salmas.
1748 1959 1803 1998 ad
1832 1959 1952 2000 Hist.

12 1981 15 2065 Ι
123 2009 230 2059 Aug.
264 2021 306 2060 p.
326 2013 393 2052 92.
437 2013 567 2063 potuit
584 2026 663 2053 una
682 2013 802 2053 Med.
822 2019 963 2066 quart.
1006 2016 1147 2065 rapina
1178 2017 1245 2055 vel
1277 2016 1394 2055 ruina
1423 2014 1542 2054 Med.
1564 2016 1736 2065 pix—97
1765 2013 1954 2051 tumulum

121 2061 220 2102 vat.
241 2075 327 2102 sec.
349 2064 520 2105 Tholos.
563 2067 831 2118 Pallanti-eque
841 2068 982 2116 jugum
1002 2068 1156 2108 Petav.
1177 2081 1264 2108 sec.
1287 2070 1392 2108 Exc.
1410 2069 1590 2108 Gevart.
1632 2065 1821 2106 victribus
1838 2064 1958 2106 Prie.

121 2115 223 2156 Jun.
244 2128 305 2166 pr.
326 2118 431 2158 Exc.
454 2120 711 2160 Laeti.—1oo
739 2125 852 2172 rapto
883 2121 1044 2161 Thuan.
1080 2126 1216 2173 captas
1244 2122 1406 2161 Moret.
1440 2133 1507 2172 pr.
1552 2125 1689 2171 raptas
1720 2119 1788 2157 vel
1819 2121 1960 2169 raptus

13 2127 18 2214 i
124 2167 262 2212 Oxoel.
284 2174 482 2219 pr.—101
500 2186 585 2223 qua>
602 2186 743 2213 vanam
757 2175 876 2214 Rott.
892 2175 1043 2214 variam
1063 2176 1156 2215 Pal.
1174 2175 1297 2215 Med.
1321 2187 1383 2225 pr.
1402 2174 1563 2214 Thuan.
1592 2172 1794 2212 meditaris
1812 2183 1956 2211 omnes

14 2218 19 2284 ἱ
121 2220 243 2261 vatt.
275 2223 368 2262 Pal.
389 2226 505 2265 Rott.
525 2227 633 2267 Exc.
655 2227 777 2269 Laeti.
806 2228 1017 2267 meditatus
1036 2229 1140 2269 Lov.
1179 2228 1383 2268 meditaris
1400 2229 1468 2266 vel
1483 2227 1696 2267 meditatus
1724 2226 1867 2265 Oxou.
1887 2237 1955 2276 pr.

15 2288 19 2346 1
121 2277 255 2315 —103
285 2278 444 2317 tumulis
458 2279 580 2319 Med.
599 2292 686 2319 sec.
716 2281 871 2320 stimulo
890 2280 1008 2320 Med.
1030 2286 1131 2321 tert.
1172 2283 1318 2321 tumulo
1337 2282 1459 2320 amico
1486 2279 1662 2331 legebat
1680 2279 1957 2318 Heinsius.—

16 2348 20 2390 5
123 2329 201 2367 104
225 2329 345 2380 Inque
354 2329 458 2377 feris
479 2333 576 2372 Pat.
605 2337 714 2372 actor
732 2340 819 2373 tres
836 2334 959 2374 Vatt.
981 2334 1076 2375 Pal.
1091 2334 1212 2374 Med.
1227 2347 1294 2386 pr.
1316 2335 1426 2385 Reg.
1446 2334 1530 2372 inc.
1549 2332 1698 2371 Heius.
1726 2335 1834 2371 actus
1852 2331 1954 2371 Pat.

122 2384 254 2420 —105
277 2383 423 2422 viribus
443 2385 548 2436 Reg.
565 2399 660 2425 cum
679 2387 832 2426 Glossa
845 2392 1078 2438 sequente:
1101 2388 1151 2427 In
1170 2387 1400 2437 quibusdam
1416 2386 1548 2425 Libris
1563 2384 1727 2423 habetur
1740 2385 1959 2433 VATmUs,

123 2436 222 2483 quod
240 2436 458 2484 elegantius
472 2440 633 2479 dictum.
664 2439 707 2478 id
721 2444 794 2487 est,
813 2453 899 2490 quoe
919 2440 1120 2479 mendacia
1137 2440 1350 2479 Poetarum
1355 2439 1582 2491 finxerunt.
1616 2436 1714 2476 libro
1732 2438 1780 2476 de
1795 2437 1956 2488 nuptiis.

122 2487 134 2506 ‘
154 2486 279 2526 Unde
299 2489 560 2539 Cupidineas
581 2492 759 2531 armavit
776 2491 890 2531 fama
909 2493 1117 2543 sagittas!
1147 2499 1192 2531 et
1212 2492 1329 2541 alibi,
1347 2493 1359 2513 ‘
1378 2503 1480 2542 quos
1496 2491 1605 2529 ditat
1622 2488 1769 2528 fabula
1786 2487 1959 2529 ramos!

124 2539 277 2578 vatibus
296 2541 362 2579 vel
385 2541 530 2581 viribus
550 2544 692 2583 Oxon.
711 2549 911 2593 pre-106
930 2546 1105 2584 Conatur
1123 2545 1224 2584 Pat.
1253 2548 1312 2583 tot
1326 2544 1451 2583 millia
1469 2545 1573 2582 solus
1588 2542 1772 2582 Barbara
1793 2543 1954 2581 Moret.

125 2597 327 2642 piu—107
360 2595 553 2634 Militiam
574 2597 693 2636 Med.
714 2602 815 2637 tert.
861 2597 1020 2636 Milicia
1039 2599 1108 2636 vel
1130 2598 1265 2637 Millia
1287 2598 1377 2647 jam
1397 2596 1515 2636 Med.
1538 2608 1603 2647 pr.
1648 2596 1829 2635 miseram
1849 2595 1955 2635 Exc.

125 2645 307 2685 Lucens.
330 2659 396 2698 pr.
435 2650 590 2687 missam
609 2649 679 2688 ed.
696 2649 841 2689 Vicet.
874 2649 1075 2698 jactantia
1095 2652 1198 2690 Var.
1223 2651 1308 2690 LL.
1331 2650 1400 2689 ed.
1417 2648 1549 2689 Antv.
1575 2661 1630 2689 m.
1651 2660 1718 2700 pr.
1765 2648 1957 2688 Thracem

125 2698 227 2737 Vat.
259 2705 399 2751 quart.
435 2701 529 2740 Pal.
560 2703 678 2741 Rott.
715 2703 900 2743 Florent.
931 2708 1117 2755 quatuor
1150 2702 1302 2742 Medd.
1333 2703 1439 2754 Reg.
1473 2707 1561 2742 tres
1595 2703 1750 2742 Petav.
1785 2702 1954 2740 Bonon.

123 2751 290 2792 Tholos.
313 2752 462 2793 Ambr.
493 2766 580 2795 sec.
603 2756 710 2794 Exc.
745 2756 927 2796 Lucens.
961 2768 1028 2807 pr.
1063 2756 1131 2795 ed.
1152 2756 1299 2796 Vicet.
1333 2756 1509 2796 Thracen
1527 2755 1645 2796 Pric.
1679 2755 1839 2795 More-t.
1869 2765 1955 2794 sec.

177 2950 230 2987 97
262 2946 416 2998 Piavit]
458 2947 664 2999 Expiavit
696 2952 877 2988 mortem
910 2949 1007 2989 Pal·
1128 2952 1206 2988 100
1258 2949 1423 3001 Vesano]
1480 2949 1617 2988 Curru
1654 2948 1870 2988 vesaniam
1910 2952 1957 2987 et

126 3009 252 3049 lautis
269 3011 387 3049 velut
412 3011 573 3050 crimen
603 3010 831 3050 admissum
852 3024 876 3051 a
895 3011 1005 3051 Tur·
1073 3011 1179 3050 iram
1197 3010 1441 3051 indecoram
1462 3015 1684 3063 arguente.

127 3071 283 3123 no,qui
312 3071 410 3111 ideo
441 3072 683 3113 immolatus
703 3078 771 3113 est
791 3073 845 3112 ab
870 3073 1007 3114 AEnea
1128 3077 1205 3114 103
1248 3074 1401 3125 Amici]
1446 3074 1660 3124 Promoti,
1693 3073 1767 3125 qui
1797 3074 1957 3114 amicus

127 3133 286 3174 umbris
303 3134 525 3175 Pallantis.
638 3132 641 3135 ’
1073 3142 1167 3176 erat
1202 3136 1465 3188 Stilichonis,
1498 3141 1544 3177 et
1575 3137 1672 3176 ideo
1705 3137 1759 3176 ab
1789 3137 1868 3176 hoc
1889 3141 1957 3176 est

29 3243 31 3246 Ι
181 3199 236 3235 99
256 3197 456 3249 Quoeslus]
475 3198 642 3238 Dicunt
662 3197 870 3240 Achillem
887 3199 1008 3238 Pria·
1072 3199 1322 3241 vindicatus.

26 3249 32 3308 ²,
53 3309 59 3314 ἱ
130 3268 198 3297 mo
219 3259 461 3312 vendidisse
482 3262 669 3302 cadaver
687 3262 895 3302 Hectoris
916 3275 942 3302 a
960 3274 1006 3302 se
1128 3265 1205 3301 105
1237 3261 1472 3313 Fabricata]
1499 3261 1685 3302 Inventa
1708 3266 1752 3300 et
1771 3259 1957 3301 conflata

29 3314 33 3375 ’ᾖ
130 3321 303 3374 raptati.
355 3323 562 3377 Virgilius
584 3337 594 3363 ε
633 3324 645 3346 ⁴
669 3324 1008 3378 Exanimumque
1076 3337 1102 3364 a
1117 3324 1216 3364 solis
1235 3323 1398 3375 Poetis,
1425 3330 1470 3364 et
1488 3323 1587 3364 ideo
1606 3325 1774 3364 mendax
1792 3323 1959 3373 clypeus,

31 3389 32 3393 ’
133 3393 234 3423 auro
254 3393 406 3436 corpus
425 3385 641 3429 vendebat
656 3385 874 3430 Achilles?
1076 3386 1122 3435 id
1141 3392 1223 3441 est,
1239 3382 1380 3430 fictus.

37 3846 40 3859 l
