<?xml version="1.0" encoding="UTF-8"?>
<!DOCTYPE html PUBLIC "-//W3C//DTD XHTML 1.0 Transitional//EN"
    "http://www.w3.org/TR/xhtml1/DTD/xhtml1-transitional.dtd">
<html xmlns="http://www.w3.org/1999/xhtml" xml:lang="en" lang="en">
 <head>
  <title>
</title>
<meta http-equiv="Content-Type" content="text/html;charset=utf-8" />
  <meta name='ocr-system' content='tesseract 3.04.00' />
  <meta name='ocr-capabilities' content='ocr_page ocr_carea ocr_par ocr_line ocrx_word'/>
</head>
<body>
  <div class='ocr_page' id='page_1' title='image "./operaomniaexedit02clauuoft/operaomniaexedit02clauuoft_0438.png"; bbox 0 0 2300 3906; ppageno 0'>
   <div class='ocr_carea' id='block_1_1' title="bbox 342 194 1651 250">
    <p class='ocr_par' dir='ltr' id='par_1_1' title="bbox 342 194 1651 250">
     <span class='ocr_line' id='line_1_1' title="bbox 342 194 1651 250; baseline 0.002 -3"><span class='ocrx_word' id='word_1_1' title='bbox 342 194 453 248; x_wconf 82' lang='grc'><strong>940</strong></span> <span class='ocrx_word' id='word_1_2' title='bbox 876 212 972 250; x_wconf 68' lang='lat' dir='ltr'><strong>cr..</strong></span> <span class='ocrx_word' id='word_1_3' title='bbox 1014 207 1372 248; x_wconf 72' lang='lat' dir='ltr'><strong>oLAUmANi</strong></span> <span class='ocrx_word' id='word_1_4' title='bbox 1413 209 1651 249; x_wconf 79' lang='lat' dir='ltr'><strong>xxxlv.</strong></span> 
     </span>
    </p>
   </div>
   <div class='ocr_carea' id='block_1_2' title="bbox 339 325 1731 647">
    <p class='ocr_par' dir='ltr' id='par_1_2' title="bbox 342 325 1657 476">
     <span class='ocr_line' id='line_1_2' title="bbox 342 325 1657 394; baseline 0.002 -16"><span class='ocrx_word' id='word_1_5' title='bbox 342 325 482 380; x_wconf 88' lang='lat' dir='ltr'><strong>Caci</strong></span> <span class='ocrx_word' id='word_1_6' title='bbox 505 328 726 379; x_wconf 84' lang='lat' dir='ltr'><strong>flamma</strong></span> <span class='ocrx_word' id='word_1_7' title='bbox 747 327 921 394; x_wconf 86' lang='lat' dir='ltr'><strong>perit:</strong></span> <span class='ocrx_word' id='word_1_8' title='bbox 958 325 1149 377; x_wconf 89' lang='lat' dir='ltr'><strong>rubuit</strong></span> <span class='ocrx_word' id='word_1_9' title='bbox 1172 325 1430 379; x_wconf 83' lang='lat' dir='ltr'><strong>Busiride</strong></span> <span class='ocrx_word' id='word_1_10' title='bbox 1454 327 1657 381; x_wconf 87' lang='lat' dir='ltr'><strong>Nilus:</strong></span> 
     </span>
     <span class='ocr_line' id='line_1_3' title="bbox 413 409 1490 476; baseline -0.003 -13"><span class='ocrx_word' id='word_1_11' title='bbox 413 411 711 463; x_wconf 84' lang='lat' dir='ltr'><strong>Prostratis</strong></span> <span class='ocrx_word' id='word_1_12' title='bbox 736 410 926 461; x_wconf 90' lang='lat' dir='ltr'><strong>rubuit</strong></span> <span class='ocrx_word' id='word_1_13' title='bbox 943 410 1236 476; x_wconf 83' lang='lat' dir='ltr'><strong>nubigenis</strong></span> <span class='ocrx_word' id='word_1_14' title='bbox 1264 409 1490 464; x_wconf 69' lang='lat' dir='ltr'><strong>Pholoe.</strong></span> 
     </span>
    </p>

    <p class='ocr_par' dir='ltr' id='par_1_3' title="bbox 339 493 1731 647">
     <span class='ocr_line' id='line_1_4' title="bbox 339 493 1731 561; baseline 0.003 -16"><span class='ocrx_word' id='word_1_15' title='bbox 339 493 423 545; x_wconf 89' lang='lat' dir='ltr'><strong>Te</strong></span> <span class='ocrx_word' id='word_1_16' title='bbox 450 495 647 561; x_wconf 86' lang='lat' dir='ltr'><strong>Libyci</strong></span> <span class='ocrx_word' id='word_1_17' title='bbox 674 499 931 560; x_wconf 82' lang='lat' dir='ltr'><strong>stupuere</strong></span> <span class='ocrx_word' id='word_1_18' title='bbox 960 496 1110 545; x_wconf 88' lang='lat' dir='ltr'><strong>sinus</strong></span> <span class='ocrx_word' id='word_1_19' title='bbox 1133 512 1145 546; x_wconf 91' lang='lat'><strong>:</strong></span> <span class='ocrx_word' id='word_1_20' title='bbox 1184 500 1240 546; x_wconf 82' lang='lat' dir='ltr'><strong>te</strong></span> <span class='ocrx_word' id='word_1_21' title='bbox 1265 494 1731 554; x_wconf 81' lang='lat' dir='ltr'><strong>maximusAtlas</strong></span> 
     </span>
     <span class='ocr_line' id='line_1_5' title="bbox 414 572 1701 647; baseline 0.003 -19"><span class='ocrx_word' id='word_1_22' title='bbox 414 577 664 640; x_wconf 83' lang='lat' dir='ltr'><strong>Horruit,</strong></span> <span class='ocrx_word' id='word_1_23' title='bbox 692 579 956 644; x_wconf 84' lang='lat' dir='ltr'><strong>imposito</strong></span> <span class='ocrx_word' id='word_1_24' title='bbox 983 594 1109 629; x_wconf 90' lang='lat' dir='ltr'><strong>cum</strong></span> <span class='ocrx_word' id='word_1_25' title='bbox 1131 594 1435 646; x_wconf 88' lang='lat' dir='ltr'><strong>premerere</strong></span> <span class='ocrx_word' id='word_1_26' title='bbox 1460 579 1608 647; x_wconf 89' lang='lat' dir='ltr'><strong>polo.</strong></span> <span class='ocrx_word' id='word_1_27' title='bbox 1696 572 1701 574; x_wconf 45' lang='grc'><strong><em>’</em></strong></span> 
     </span>
    </p>
   </div>
   <div class='ocr_carea' id='block_1_3' title="bbox 2098 499 2171 552">
    <p class='ocr_par' dir='ltr' id='par_1_4' title="bbox 2098 499 2171 552">
     <span class='ocr_line' id='line_1_6' title="bbox 2098 499 2171 552; baseline 0 -2"><span class='ocrx_word' id='word_1_28' title='bbox 2098 499 2171 552; x_wconf 87' lang='grc'><strong>45</strong></span> 
     </span>
    </p>
   </div>
   <div class='ocr_carea' id='block_1_4' title="bbox 339 738 2175 905">
    <p class='ocr_par' dir='ltr' id='par_1_5' title="bbox 339 738 2175 905">
     <span class='ocr_line' id='line_1_7' title="bbox 344 738 2171 800; baseline 0.004 -24"><span class='ocrx_word' id='word_1_29' title='bbox 344 738 426 777; x_wconf 85' lang='lat' dir='ltr'><strong>culi</strong></span> <span class='ocrx_word' id='word_1_30' title='bbox 447 751 598 778; x_wconf 80' lang='lat' dir='ltr'><strong>cervam</strong></span> <span class='ocrx_word' id='word_1_31' title='bbox 615 754 627 778; x_wconf 92' lang='grc'><strong>.·</strong></span> <span class='ocrx_word' id='word_1_32' title='bbox 654 740 762 788; x_wconf 78' lang='lat' dir='ltr'><strong>ignis</strong></span> <span class='ocrx_word' id='word_1_33' title='bbox 785 740 881 779; x_wconf 89' lang='lat' dir='ltr'><strong>Caci</strong></span> <span class='ocrx_word' id='word_1_34' title='bbox 901 741 1163 792; x_wconf 78' lang='lat' dir='ltr'><strong>extinguitur.</strong></span> <span class='ocrx_word' id='word_1_35' title='bbox 1202 741 1326 781; x_wconf 85' lang='lat' dir='ltr'><strong>Nilus</strong></span> <span class='ocrx_word' id='word_1_36' title='bbox 1350 742 1499 782; x_wconf 80' lang='lat' dir='ltr'><strong>tinctus</strong></span> <span class='ocrx_word' id='word_1_37' title='bbox 1515 747 1572 782; x_wconf 87' lang='lat' dir='ltr'><strong>est</strong></span> <span class='ocrx_word' id='word_1_38' title='bbox 1587 743 1792 794; x_wconf 80' lang='lat' dir='ltr'><strong>sanguine</strong></span> <span class='ocrx_word' id='word_1_39' title='bbox 1812 744 2041 792; x_wconf 66' lang='lat' dir='ltr'><strong>Busiridi-35</strong></span> <span class='ocrx_word' id='word_1_40' title='bbox 2072 744 2171 800; x_wconf 70' lang='lat' dir='ltr'><strong>Pha·</strong></span> 
     </span>
     <span class='ocr_line' id='line_1_8' title="bbox 340 791 2175 849; baseline 0.004 -20"><span class='ocrx_word' id='word_1_41' title='bbox 340 791 399 829; x_wconf 84' lang='lat' dir='ltr'><strong>lo&#39;e&#39;</strong></span> <span class='ocrx_word' id='word_1_42' title='bbox 414 793 563 831; x_wconf 80' lang='lat' dir='ltr'><strong>maduit</strong></span> <span class='ocrx_word' id='word_1_43' title='bbox 583 795 785 843; x_wconf 84' lang='lat' dir='ltr'><strong>sanguine</strong></span> <span class='ocrx_word' id='word_1_44' title='bbox 808 795 1093 834; x_wconf 78' lang='lat' dir='ltr'><strong>Centaurorum</strong></span> <span class='ocrx_word' id='word_1_45' title='bbox 1110 795 1335 835; x_wconf 82' lang='lat' dir='ltr'><strong>occisorum.</strong></span> <span class='ocrx_word' id='word_1_46' title='bbox 1394 797 1449 836; x_wconf 87' lang='lat' dir='ltr'><strong>Te</strong></span> <span class='ocrx_word' id='word_1_47' title='bbox 1481 796 1617 836; x_wconf 79' lang='lat' dir='ltr'><strong>littora</strong></span> <span class='ocrx_word' id='word_1_48' title='bbox 1633 797 1771 849; x_wconf 77' lang='lat' dir='ltr'><strong>Libyoe</strong></span> <span class='ocrx_word' id='word_1_49' title='bbox 1791 799 2003 837; x_wconf 80' lang='lat' dir='ltr'><strong>timuerunt</strong></span> <span class='ocrx_word' id='word_1_50' title='bbox 2018 812 2032 843; x_wconf 93' lang='lat'><strong>,·</strong></span> <span class='ocrx_word' id='word_1_51' title='bbox 2057 798 2175 838; x_wconf 81' lang='lat' dir='ltr'><strong>Atlas</strong></span> 
     </span>
     <span class='ocr_line' id='line_1_9' title="bbox 339 845 2169 905; baseline 0.004 -22"><span class='ocrx_word' id='word_1_52' title='bbox 339 845 555 885; x_wconf 82' lang='lat' dir='ltr'><strong>altissimus</strong></span> <span class='ocrx_word' id='word_1_53' title='bbox 567 850 606 885; x_wconf 89' lang='lat' dir='ltr'><strong>te</strong></span> <span class='ocrx_word' id='word_1_54' title='bbox 628 848 840 898; x_wconf 78' lang='lat' dir='ltr'><strong>obstupuit,</strong></span> <span class='ocrx_word' id='word_1_55' title='bbox 866 860 952 887; x_wconf 85' lang='lat' dir='ltr'><strong>cum</strong></span> <span class='ocrx_word' id='word_1_56' title='bbox 970 848 1104 896; x_wconf 81' lang='lat' dir='ltr'><strong>serres</strong></span> <span class='ocrx_word' id='word_1_57' title='bbox 1118 850 1253 888; x_wconf 86' lang='lat' dir='ltr'><strong>coelum</strong></span> <span class='ocrx_word' id='word_1_58' title='bbox 1270 850 1552 900; x_wconf 72' lang='lat' dir='ltr'><strong>superpositam</strong></span> <span class='ocrx_word' id='word_1_59' title='bbox 1564 863 1580 897; x_wconf 91' lang='lat'><em>;</em></span> <span class='ocrx_word' id='word_1_60' title='bbox 1607 863 1834 903; x_wconf 77' lang='lat' dir='ltr'><strong>suspensum</strong></span> <span class='ocrx_word' id='word_1_61' title='bbox 1854 857 1910 891; x_wconf 86' lang='lat' dir='ltr'><strong>est</strong></span> <span class='ocrx_word' id='word_1_62' title='bbox 1918 852 2081 905; x_wconf 84' lang='lat' dir='ltr'><strong>firmius</strong></span> <span class='ocrx_word' id='word_1_63' title='bbox 2099 852 2169 891; x_wconf 77' lang='lat' dir='ltr'><strong>hu-</strong></span> 
     </span>
    </p>
   </div>
   <div class='ocr_carea' id='block_1_5' title="bbox 1107 954 1403 970">
    <p class='ocr_par' dir='ltr' id='par_1_6' title="bbox 1107 954 1403 970">
     <span class='ocr_line' id='line_1_10' title="bbox 1107 954 1403 970; baseline 0 0"><span class='ocrx_word' id='word_1_64' title='bbox 1107 954 1403 970; x_wconf 51' lang='lat'><strong>“““““““““</strong></span> 
     </span>
    </p>
   </div>
   <div class='ocr_carea' id='block_1_6' title="bbox 333 1017 2175 1875">
    <p class='ocr_par' dir='ltr' id='par_1_7' title="bbox 333 1017 2175 1875">
     <span class='ocr_line' id='line_1_11' title="bbox 339 1017 2168 1076; baseline 0.004 -19"><span class='ocrx_word' id='word_1_65' title='bbox 339 1017 482 1058; x_wconf 88' lang='lat' dir='ltr'><strong>Parm.</strong></span> <span class='ocrx_word' id='word_1_66' title='bbox 499 1019 641 1059; x_wconf 79' lang='lat' dir='ltr'><strong>celeres</strong></span> <span class='ocrx_word' id='word_1_67' title='bbox 657 1031 734 1071; x_wconf 89' lang='lat' dir='ltr'><strong>pro</strong></span> <span class='ocrx_word' id='word_1_68' title='bbox 752 1021 923 1061; x_wconf 72' lang='lat' dir='ltr'><strong>volucres</strong></span> <span class='ocrx_word' id='word_1_69' title='bbox 940 1020 1024 1061; x_wconf 93' lang='lat' dir='ltr'><strong>duo</strong></span> <span class='ocrx_word' id='word_1_70' title='bbox 1044 1022 1198 1062; x_wconf 85' lang='lat' dir='ltr'><strong>Petav.</strong></span> <span class='ocrx_word' id='word_1_71' title='bbox 1222 1022 1324 1063; x_wconf 90' lang='lat' dir='ltr'><strong>Var.</strong></span> <span class='ocrx_word' id='word_1_72' title='bbox 1357 1023 1445 1063; x_wconf 88' lang='lat' dir='ltr'><strong>LL.</strong></span> <span class='ocrx_word' id='word_1_73' title='bbox 1464 1035 1489 1063; x_wconf 89' lang='lat' dir='ltr'><strong>e</strong></span> <span class='ocrx_word' id='word_1_74' title='bbox 1523 1036 1656 1075; x_wconf 84' lang='lat' dir='ltr'><strong>marg.</strong></span> <span class='ocrx_word' id='word_1_75' title='bbox 1675 1024 1930 1065; x_wconf 81' lang='lat' dir='ltr'><strong>Parm.—43</strong></span> <span class='ocrx_word' id='word_1_76' title='bbox 1957 1024 2168 1076; x_wconf 84' lang='lat' dir='ltr'><strong>rubuitque</strong></span> 
     </span>
     <span class='ocr_line' id='line_1_12' title="bbox 341 1071 2169 1128; baseline 0.005 -20"><span class='ocrx_word' id='word_1_77' title='bbox 341 1071 532 1111; x_wconf 86' lang='lat' dir='ltr'><strong>Florent.</strong></span> <span class='ocrx_word' id='word_1_78' title='bbox 566 1073 675 1124; x_wconf 85' lang='lat' dir='ltr'><strong>Reg.</strong></span> <span class='ocrx_word' id='word_1_79' title='bbox 715 1075 798 1114; x_wconf 91' lang='lat' dir='ltr'><strong>inc.</strong></span> <span class='ocrx_word' id='word_1_80' title='bbox 834 1075 986 1115; x_wconf 81' lang='lat' dir='ltr'><strong>Heius.</strong></span> <span class='ocrx_word' id='word_1_81' title='bbox 1021 1076 1103 1115; x_wconf 91' lang='lat' dir='ltr'><strong>duo</strong></span> <span class='ocrx_word' id='word_1_82' title='bbox 1138 1077 1290 1115; x_wconf 83' lang='lat' dir='ltr'><strong>Petav.</strong></span> <span class='ocrx_word' id='word_1_83' title='bbox 1322 1077 1537 1128; x_wconf 76' lang='lat' dir='ltr'><strong>tribuitque</strong></span> <span class='ocrx_word' id='word_1_84' title='bbox 1568 1079 1762 1118; x_wconf 75' lang='lat' dir='ltr'><strong>Busiride</strong></span> <span class='ocrx_word' id='word_1_85' title='bbox 1798 1079 1896 1118; x_wconf 86' lang='lat' dir='ltr'><strong>Put.</strong></span> <span class='ocrx_word' id='word_1_86' title='bbox 1934 1078 2018 1117; x_wconf 90' lang='lat' dir='ltr'><strong>duo</strong></span> <span class='ocrx_word' id='word_1_87' title='bbox 2047 1076 2169 1118; x_wconf 83' lang='lat' dir='ltr'><strong>Med.</strong></span> 
     </span>
     <span class='ocr_line' id='line_1_13' title="bbox 341 1124 2171 1178; baseline 0.004 -15"><span class='ocrx_word' id='word_1_88' title='bbox 341 1124 491 1165; x_wconf 87' lang='lat' dir='ltr'><strong>Heins.</strong></span> <span class='ocrx_word' id='word_1_89' title='bbox 514 1126 572 1164; x_wconf 94' lang='lat' dir='ltr'><strong>H.</strong></span> <span class='ocrx_word' id='word_1_90' title='bbox 601 1127 817 1178; x_wconf 80' lang='lat' dir='ltr'><strong>tribuitque</strong></span> <span class='ocrx_word' id='word_1_91' title='bbox 857 1129 1049 1168; x_wconf 80' lang='lat' dir='ltr'><strong>Busirida</strong></span> <span class='ocrx_word' id='word_1_92' title='bbox 1087 1130 1183 1168; x_wconf 83' lang='lat' dir='ltr'><strong>Nilo</strong></span> <span class='ocrx_word' id='word_1_93' title='bbox 1218 1130 1371 1171; x_wconf 87' lang='lat' dir='ltr'><strong>Petav.</strong></span> <span class='ocrx_word' id='word_1_94' title='bbox 1389 1135 1585 1171; x_wconf 60' lang='lat' dir='ltr'><strong>see—44</strong></span> <span class='ocrx_word' id='word_1_95' title='bbox 1621 1132 1795 1172; x_wconf 79' lang='lat' dir='ltr'><strong>Vastatis</strong></span> <span class='ocrx_word' id='word_1_96' title='bbox 1831 1131 1971 1171; x_wconf 85' lang='lat' dir='ltr'><strong>Oxou.</strong></span> <span class='ocrx_word' id='word_1_97' title='bbox 2009 1143 2094 1169; x_wconf 86' lang='lat' dir='ltr'><strong>sec.</strong></span> <span class='ocrx_word' id='word_1_98' title='bbox 2116 1143 2171 1170; x_wconf 87' lang='lat' dir='ltr'><strong>m.</strong></span> 
     </span>
     <span class='ocr_line' id='line_1_14' title="bbox 342 1178 2170 1235; baseline 0.004 -20"><span class='ocrx_word' id='word_1_99' title='bbox 342 1189 428 1218; x_wconf 86' lang='lat' dir='ltr'><strong>sec.</strong></span> <span class='ocrx_word' id='word_1_100' title='bbox 457 1178 590 1217; x_wconf 87' lang='lat' dir='ltr'><strong>rubuit</strong></span> <span class='ocrx_word' id='word_1_101' title='bbox 606 1181 706 1220; x_wconf 88' lang='lat' dir='ltr'><strong>Jun.</strong></span> <span class='ocrx_word' id='word_1_102' title='bbox 728 1194 789 1232; x_wconf 86' lang='lat' dir='ltr'><strong>pr.</strong></span> <span class='ocrx_word' id='word_1_103' title='bbox 810 1182 1003 1222; x_wconf 86' lang='lat' dir='ltr'><strong>chartac.</strong></span> <span class='ocrx_word' id='word_1_104' title='bbox 1033 1183 1183 1223; x_wconf 84' lang='lat' dir='ltr'><strong>Heius.</strong></span> <span class='ocrx_word' id='word_1_105' title='bbox 1214 1185 1316 1224; x_wconf 84' lang='lat' dir='ltr'><strong>Vat.</strong></span> <span class='ocrx_word' id='word_1_106' title='bbox 1351 1197 1417 1235; x_wconf 88' lang='lat' dir='ltr'><strong>pr.</strong></span> <span class='ocrx_word' id='word_1_107' title='bbox 1452 1185 1560 1225; x_wconf 91' lang='lat' dir='ltr'><strong>Cod.</strong></span> <span class='ocrx_word' id='word_1_108' title='bbox 1594 1185 1834 1224; x_wconf 88' lang='lat' dir='ltr'><strong>Bartholin.</strong></span> <span class='ocrx_word' id='word_1_109' title='bbox 1867 1186 1975 1224; x_wconf 83' lang='lat' dir='ltr'><strong>Exc.</strong></span> <span class='ocrx_word' id='word_1_110' title='bbox 2014 1184 2170 1224; x_wconf 85' lang='lat' dir='ltr'><strong>Petav.</strong></span> 
     </span>
     <span class='ocr_line' id='line_1_15' title="bbox 340 1232 2166 1282; baseline 0.003 -12"><span class='ocrx_word' id='word_1_111' title='bbox 340 1236 477 1282; x_wconf 85' lang='lat' dir='ltr'><strong>quart.</strong></span> <span class='ocrx_word' id='word_1_112' title='bbox 497 1232 566 1271; x_wconf 89' lang='lat' dir='ltr'><strong>ed.</strong></span> <span class='ocrx_word' id='word_1_113' title='bbox 585 1234 727 1274; x_wconf 87' lang='lat' dir='ltr'><strong>Vicet.</strong></span> <span class='ocrx_word' id='word_1_114' title='bbox 757 1237 909 1275; x_wconf 83' lang='lat' dir='ltr'><strong>maduit</strong></span> <span class='ocrx_word' id='word_1_115' title='bbox 930 1243 1015 1275; x_wconf 84' lang='lat' dir='ltr'><strong>tres</strong></span> <span class='ocrx_word' id='word_1_116' title='bbox 1032 1237 1155 1276; x_wconf 80' lang='lat' dir='ltr'><strong>Vatt.</strong></span> <span class='ocrx_word' id='word_1_117' title='bbox 1193 1243 1238 1276; x_wconf 92' lang='lat' dir='ltr'><strong>et</strong></span> <span class='ocrx_word' id='word_1_118' title='bbox 1272 1238 1312 1276; x_wconf 90' lang='lat' dir='ltr'><strong>d.</strong></span> <span class='ocrx_word' id='word_1_119' title='bbox 1334 1238 1429 1277; x_wconf 85' lang='lat' dir='ltr'><strong>Pal.</strong></span> <span class='ocrx_word' id='word_1_120' title='bbox 1451 1239 1644 1278; x_wconf 88' lang='lat' dir='ltr'><strong>Florent.</strong></span> <span class='ocrx_word' id='word_1_121' title='bbox 1667 1239 1751 1278; x_wconf 91' lang='lat' dir='ltr'><strong>duo</strong></span> <span class='ocrx_word' id='word_1_122' title='bbox 1779 1238 1900 1278; x_wconf 90' lang='lat' dir='ltr'><strong>Med.</strong></span> <span class='ocrx_word' id='word_1_123' title='bbox 1936 1237 2087 1277; x_wconf 89' lang='lat' dir='ltr'><strong>Heins.</strong></span> <span class='ocrx_word' id='word_1_124' title='bbox 2106 1236 2166 1276; x_wconf 90' lang='lat' dir='ltr'><strong>H.</strong></span> 
     </span>
     <span class='ocr_line' id='line_1_16' title="bbox 340 1284 2165 1340; baseline 0.004 -18"><span class='ocrx_word' id='word_1_125' title='bbox 340 1291 384 1323; x_wconf 83' lang='lat' dir='ltr'><strong>et</strong></span> <span class='ocrx_word' id='word_1_126' title='bbox 398 1284 481 1325; x_wconf 91' lang='lat' dir='ltr'><strong>inc.</strong></span> <span class='ocrx_word' id='word_1_127' title='bbox 515 1286 649 1337; x_wconf 89' lang='lat' dir='ltr'><strong>ejusd.</strong></span> <span class='ocrx_word' id='word_1_128' title='bbox 680 1288 778 1328; x_wconf 88' lang='lat' dir='ltr'><strong>Put.</strong></span> <span class='ocrx_word' id='word_1_129' title='bbox 800 1290 910 1340; x_wconf 86' lang='lat' dir='ltr'><strong>Reg.</strong></span> <span class='ocrx_word' id='word_1_130' title='bbox 932 1290 1095 1328; x_wconf 87' lang='lat' dir='ltr'><strong>Bonon.</strong></span> <span class='ocrx_word' id='word_1_131' title='bbox 1130 1291 1300 1331; x_wconf 81' lang='lat' dir='ltr'><strong>Tholos.</strong></span> <span class='ocrx_word' id='word_1_132' title='bbox 1322 1291 1407 1330; x_wconf 88' lang='lat' dir='ltr'><strong>duo</strong></span> <span class='ocrx_word' id='word_1_133' title='bbox 1423 1292 1545 1331; x_wconf 91' lang='lat' dir='ltr'><strong>Voss.</strong></span> <span class='ocrx_word' id='word_1_134' title='bbox 1565 1298 1655 1331; x_wconf 88' lang='lat' dir='ltr'><strong>tres</strong></span> <span class='ocrx_word' id='word_1_135' title='bbox 1691 1293 1844 1331; x_wconf 84' lang='lat' dir='ltr'><strong>Petav.</strong></span> <span class='ocrx_word' id='word_1_136' title='bbox 1882 1291 1983 1330; x_wconf 88' lang='lat' dir='ltr'><strong>Var.</strong></span> <span class='ocrx_word' id='word_1_137' title='bbox 2020 1291 2105 1330; x_wconf 86' lang='lat' dir='ltr'><strong>LL.</strong></span> <span class='ocrx_word' id='word_1_138' title='bbox 2140 1301 2165 1329; x_wconf 86' lang='lat' dir='ltr'><strong>e</strong></span> 
     </span>
     <span class='ocr_line' id='line_1_17' title="bbox 335 1339 2169 1395; baseline 0.003 -18"><span class='ocrx_word' id='word_1_139' title='bbox 335 1349 470 1389; x_wconf 86' lang='lat' dir='ltr'><strong>marg.</strong></span> <span class='ocrx_word' id='word_1_140' title='bbox 491 1339 745 1381; x_wconf 79' lang='lat' dir='ltr'><strong>Parni.—45</strong></span> <span class='ocrx_word' id='word_1_141' title='bbox 777 1343 834 1382; x_wconf 89' lang='lat' dir='ltr'><strong>Et</strong></span> <span class='ocrx_word' id='word_1_142' title='bbox 851 1342 990 1393; x_wconf 84' lang='lat' dir='ltr'><strong>Libyci</strong></span> <span class='ocrx_word' id='word_1_143' title='bbox 1006 1344 1108 1382; x_wconf 85' lang='lat' dir='ltr'><strong>Vat.</strong></span> <span class='ocrx_word' id='word_1_144' title='bbox 1131 1356 1197 1394; x_wconf 90' lang='lat' dir='ltr'><strong>pr.</strong></span> <span class='ocrx_word' id='word_1_145' title='bbox 1225 1349 1405 1395; x_wconf 76' lang='lat' dir='ltr'><strong>stupuere</strong></span> <span class='ocrx_word' id='word_1_146' title='bbox 1421 1346 1607 1384; x_wconf 83' lang='lat' dir='ltr'><strong>Florem.</strong></span> <span class='ocrx_word' id='word_1_147' title='bbox 1627 1345 1712 1383; x_wconf 88' lang='lat' dir='ltr'><strong>duo</strong></span> <span class='ocrx_word' id='word_1_148' title='bbox 1732 1344 1850 1384; x_wconf 91' lang='lat' dir='ltr'><strong>Med.</strong></span> <span class='ocrx_word' id='word_1_149' title='bbox 1867 1343 2022 1383; x_wconf 89' lang='lat' dir='ltr'><strong>Heins.</strong></span> <span class='ocrx_word' id='word_1_150' title='bbox 2043 1343 2100 1382; x_wconf 90' lang='lat' dir='ltr'><strong>H.</strong></span> <span class='ocrx_word' id='word_1_151' title='bbox 2121 1348 2169 1382; x_wconf 87' lang='lat' dir='ltr'><strong>et</strong></span> 
     </span>
     <span class='ocr_line' id='line_1_18' title="bbox 337 1390 2170 1446; baseline 0.004 -17"><span class='ocrx_word' id='word_1_152' title='bbox 337 1390 420 1432; x_wconf 87' lang='lat' dir='ltr'><strong>inc.</strong></span> <span class='ocrx_word' id='word_1_153' title='bbox 441 1392 578 1443; x_wconf 78' lang='lat' dir='ltr'><strong>ejiisd.</strong></span> <span class='ocrx_word' id='word_1_154' title='bbox 602 1394 704 1433; x_wconf 81' lang='lat' dir='ltr'><strong>Put.</strong></span> <span class='ocrx_word' id='word_1_155' title='bbox 720 1396 827 1446; x_wconf 83' lang='lat' dir='ltr'><strong>Reg.</strong></span> <span class='ocrx_word' id='word_1_156' title='bbox 849 1397 1015 1436; x_wconf 91' lang='lat' dir='ltr'><strong>Bonon.</strong></span> <span class='ocrx_word' id='word_1_157' title='bbox 1036 1397 1210 1435; x_wconf 87' lang='lat' dir='ltr'><strong>Tholos.</strong></span> <span class='ocrx_word' id='word_1_158' title='bbox 1229 1397 1313 1436; x_wconf 92' lang='lat' dir='ltr'><strong>duo</strong></span> <span class='ocrx_word' id='word_1_159' title='bbox 1336 1399 1463 1437; x_wconf 83' lang='lat' dir='ltr'><strong>Voss.</strong></span> <span class='ocrx_word' id='word_1_160' title='bbox 1485 1397 1571 1437; x_wconf 89' lang='lat' dir='ltr'><strong>duo</strong></span> <span class='ocrx_word' id='word_1_161' title='bbox 1587 1398 1743 1437; x_wconf 82' lang='lat' dir='ltr'><strong>Petav.</strong></span> <span class='ocrx_word' id='word_1_162' title='bbox 1764 1398 1866 1436; x_wconf 88' lang='lat' dir='ltr'><strong>Vat.</strong></span> <span class='ocrx_word' id='word_1_163' title='bbox 1898 1397 2039 1436; x_wconf 86' lang='lat' dir='ltr'><strong>Livin.</strong></span> <span class='ocrx_word' id='word_1_164' title='bbox 2061 1397 2170 1436; x_wconf 82' lang='lat' dir='ltr'><strong>Exc.</strong></span> 
     </span>
     <span class='ocr_line' id='line_1_19' title="bbox 335 1444 2171 1500; baseline 0.003 -17"><span class='ocrx_word' id='word_1_165' title='bbox 335 1444 491 1484; x_wconf 81' lang='lat' dir='ltr'><strong>Petav.</strong></span> <span class='ocrx_word' id='word_1_166' title='bbox 512 1452 653 1497; x_wconf 85' lang='lat' dir='ltr'><strong>quart.</strong></span> <span class='ocrx_word' id='word_1_167' title='bbox 682 1449 853 1498; x_wconf 85' lang='lat' dir='ltr'><strong>stipuere</strong></span> <span class='ocrx_word' id='word_1_168' title='bbox 873 1450 979 1500; x_wconf 86' lang='lat' dir='ltr'><strong>Reg.</strong></span> <span class='ocrx_word' id='word_1_169' title='bbox 999 1461 1055 1488; x_wconf 87' lang='lat' dir='ltr'><strong>m.</strong></span> <span class='ocrx_word' id='word_1_170' title='bbox 1075 1461 1139 1499; x_wconf 87' lang='lat' dir='ltr'><strong>pr.</strong></span> <span class='ocrx_word' id='word_1_171' title='bbox 1159 1450 1311 1489; x_wconf 83' lang='lat' dir='ltr'><strong>Petav.</strong></span> <span class='ocrx_word' id='word_1_172' title='bbox 1332 1462 1413 1500; x_wconf 48' lang='lat' dir='ltr'><strong>prk</strong></span> <span class='ocrx_word' id='word_1_173' title='bbox 1424 1450 1589 1488; x_wconf 83' lang='lat' dir='ltr'><strong>timuere</strong></span> <span class='ocrx_word' id='word_1_174' title='bbox 1602 1451 1703 1489; x_wconf 88' lang='lat' dir='ltr'><strong>Vat.</strong></span> <span class='ocrx_word' id='word_1_175' title='bbox 1724 1462 1790 1500; x_wconf 87' lang='lat' dir='ltr'><strong>pr.</strong></span> <span class='ocrx_word' id='word_1_176' title='bbox 1810 1449 1998 1489; x_wconf 86' lang='lat' dir='ltr'><strong>chartac.</strong></span> <span class='ocrx_word' id='word_1_177' title='bbox 2019 1450 2171 1490; x_wconf 76' lang='lat' dir='ltr'><strong>Heius.</strong></span> 
     </span>
     <span class='ocr_line' id='line_1_20' title="bbox 338 1497 2170 1542; baseline 0.003 -6"><span class='ocrx_word' id='word_1_178' title='bbox 338 1497 443 1538; x_wconf 88' lang='lat' dir='ltr'><strong>Cod.</strong></span> <span class='ocrx_word' id='word_1_179' title='bbox 461 1499 701 1539; x_wconf 85' lang='lat' dir='ltr'><strong>Bartholin.</strong></span> <span class='ocrx_word' id='word_1_180' title='bbox 719 1501 788 1540; x_wconf 90' lang='lat' dir='ltr'><strong>ed.</strong></span> <span class='ocrx_word' id='word_1_181' title='bbox 809 1502 952 1541; x_wconf 83' lang='lat' dir='ltr'><strong>Vicet.</strong></span> <span class='ocrx_word' id='word_1_182' title='bbox 981 1504 1177 1539; x_wconf 82' lang='lat' dir='ltr'><strong>maximus</strong></span> <span class='ocrx_word' id='word_1_183' title='bbox 1193 1502 1319 1540; x_wconf 75' lang='lat' dir='ltr'><strong>Atlas</strong></span> <span class='ocrx_word' id='word_1_184' title='bbox 1349 1501 1456 1541; x_wconf 91' lang='lat' dir='ltr'><strong>Cod.</strong></span> <span class='ocrx_word' id='word_1_185' title='bbox 1476 1502 1717 1541; x_wconf 87' lang='lat' dir='ltr'><strong>Bartholin.</strong></span> <span class='ocrx_word' id='word_1_186' title='bbox 1751 1500 1901 1541; x_wconf 90' lang='lat' dir='ltr'><strong>Ambr.</strong></span> <span class='ocrx_word' id='word_1_187' title='bbox 1927 1507 2027 1542; x_wconf 86' lang='lat' dir='ltr'><strong>tert.</strong></span> <span class='ocrx_word' id='word_1_188' title='bbox 2060 1503 2170 1542; x_wconf 73' lang='lat' dir='ltr'><strong>Exe-</strong></span> 
     </span>
     <span class='ocr_line' id='line_1_21' title="bbox 336 1550 2172 1605; baseline 0.004 -16"><span class='ocrx_word' id='word_1_189' title='bbox 336 1550 494 1590; x_wconf 85' lang='lat' dir='ltr'><strong>Petav.</strong></span> <span class='ocrx_word' id='word_1_190' title='bbox 511 1559 650 1601; x_wconf 84' lang='lat' dir='ltr'><strong>quart.</strong></span> <span class='ocrx_word' id='word_1_191' title='bbox 666 1553 735 1591; x_wconf 88' lang='lat' dir='ltr'><strong>ed.</strong></span> <span class='ocrx_word' id='word_1_192' title='bbox 758 1554 898 1592; x_wconf 87' lang='lat' dir='ltr'><strong>Vicet.</strong></span> <span class='ocrx_word' id='word_1_193' title='bbox 927 1553 1096 1592; x_wconf 68' lang='lat' dir='ltr'><strong>inaxime</strong></span> <span class='ocrx_word' id='word_1_194' title='bbox 1118 1554 1214 1593; x_wconf 87' lang='lat' dir='ltr'><strong>Vat.</strong></span> <span class='ocrx_word' id='word_1_195' title='bbox 1250 1566 1314 1604; x_wconf 92' lang='lat' dir='ltr'><strong>pr.</strong></span> <span class='ocrx_word' id='word_1_196' title='bbox 1336 1554 1452 1592; x_wconf 85' lang='lat' dir='ltr'><strong>unde</strong></span> <span class='ocrx_word' id='word_1_197' title='bbox 1482 1555 1653 1593; x_wconf 81' lang='lat' dir='ltr'><strong>maxime</strong></span> <span class='ocrx_word' id='word_1_198' title='bbox 1685 1559 1724 1594; x_wconf 89' lang='lat' dir='ltr'><strong>et</strong></span> <span class='ocrx_word' id='word_1_199' title='bbox 1753 1555 1929 1605; x_wconf 82' lang='lat' dir='ltr'><strong>legebat</strong></span> <span class='ocrx_word' id='word_1_200' title='bbox 1949 1555 2172 1596; x_wconf 74' lang='lat' dir='ltr'><strong>Heinsius.</strong></span> 
     </span>
     <span class='ocr_line' id='line_1_22' title="bbox 337 1604 2174 1655; baseline 0.003 -14"><span class='ocrx_word' id='word_1_201' title='bbox 337 1604 510 1641; x_wconf 80' lang='lat' dir='ltr'><strong>maxime</strong></span> <span class='ocrx_word' id='word_1_202' title='bbox 531 1604 666 1642; x_wconf 85' lang='lat' dir='ltr'><strong>Tethis</strong></span> <span class='ocrx_word' id='word_1_203' title='bbox 684 1605 808 1645; x_wconf 86' lang='lat' dir='ltr'><strong>Voss.</strong></span> <span class='ocrx_word' id='word_1_204' title='bbox 829 1618 893 1655; x_wconf 85' lang='lat' dir='ltr'><strong>p-r.</strong></span> <span class='ocrx_word' id='word_1_205' title='bbox 913 1618 970 1644; x_wconf 87' lang='lat' dir='ltr'><strong>m.</strong></span> <span class='ocrx_word' id='word_1_206' title='bbox 985 1617 1070 1645; x_wconf 90' lang='lat' dir='ltr'><strong>sec.</strong></span> <span class='ocrx_word' id='word_1_207' title='bbox 1091 1607 1191 1645; x_wconf 89' lang='lat' dir='ltr'><strong>Vat.</strong></span> <span class='ocrx_word' id='word_1_208' title='bbox 1213 1618 1296 1646; x_wconf 83' lang='lat' dir='ltr'><strong>sec.</strong></span> <span class='ocrx_word' id='word_1_209' title='bbox 1312 1607 1484 1646; x_wconf 80' lang='lat' dir='ltr'><strong>maxima</strong></span> <span class='ocrx_word' id='word_1_210' title='bbox 1506 1608 1641 1647; x_wconf 77' lang='lat' dir='ltr'><strong>Tethis</strong></span> <span class='ocrx_word' id='word_1_211' title='bbox 1661 1614 1748 1648; x_wconf 84' lang='lat' dir='ltr'><strong>tres</strong></span> <span class='ocrx_word' id='word_1_212' title='bbox 1764 1609 1885 1648; x_wconf 89' lang='lat' dir='ltr'><strong>Vatt.</strong></span> <span class='ocrx_word' id='word_1_213' title='bbox 1914 1608 2011 1649; x_wconf 88' lang='lat' dir='ltr'><strong>Pal.</strong></span> <span class='ocrx_word' id='word_1_214' title='bbox 2040 1609 2174 1648; x_wconf 84' lang='lat' dir='ltr'><strong>maxi-</strong></span> 
     </span>
     <span class='ocr_line' id='line_1_23' title="bbox 337 1656 2171 1713; baseline 0.004 -19"><span class='ocrx_word' id='word_1_215' title='bbox 337 1667 401 1694; x_wconf 89' lang='lat' dir='ltr'><strong>ma</strong></span> <span class='ocrx_word' id='word_1_216' title='bbox 419 1656 565 1707; x_wconf 78' lang='lat' dir='ltr'><strong>Tethys</strong></span> <span class='ocrx_word' id='word_1_217' title='bbox 584 1657 774 1696; x_wconf 88' lang='lat' dir='ltr'><strong>Florent.</strong></span> <span class='ocrx_word' id='word_1_218' title='bbox 799 1659 883 1697; x_wconf 91' lang='lat' dir='ltr'><strong>duo</strong></span> <span class='ocrx_word' id='word_1_219' title='bbox 897 1659 1016 1697; x_wconf 84' lang='lat' dir='ltr'><strong>Med.</strong></span> <span class='ocrx_word' id='word_1_220' title='bbox 1033 1659 1185 1699; x_wconf 84' lang='lat' dir='ltr'><strong>Heius.</strong></span> <span class='ocrx_word' id='word_1_221' title='bbox 1203 1659 1259 1699; x_wconf 89' lang='lat' dir='ltr'><strong>H.</strong></span> <span class='ocrx_word' id='word_1_222' title='bbox 1280 1667 1327 1699; x_wconf 90' lang='lat' dir='ltr'><strong>et</strong></span> <span class='ocrx_word' id='word_1_223' title='bbox 1355 1661 1439 1700; x_wconf 90' lang='lat' dir='ltr'><strong>inc.</strong></span> <span class='ocrx_word' id='word_1_224' title='bbox 1468 1661 1606 1712; x_wconf 85' lang='lat' dir='ltr'><strong>ejusd.</strong></span> <span class='ocrx_word' id='word_1_225' title='bbox 1625 1662 1727 1702; x_wconf 81' lang='lat' dir='ltr'><strong>Pnt.</strong></span> <span class='ocrx_word' id='word_1_226' title='bbox 1751 1663 1858 1713; x_wconf 88' lang='lat' dir='ltr'><strong>Reg.</strong></span> <span class='ocrx_word' id='word_1_227' title='bbox 1879 1661 2046 1702; x_wconf 90' lang='lat' dir='ltr'><strong>Bonon.</strong></span> <span class='ocrx_word' id='word_1_228' title='bbox 2065 1663 2171 1702; x_wconf 75' lang='lat' dir='ltr'><strong>&#39;rno-</strong></span> 
     </span>
     <span class='ocr_line' id='line_1_24' title="bbox 333 1707 2171 1764; baseline 0.004 -18"><span class='ocrx_word' id='word_1_229' title='bbox 333 1707 411 1748; x_wconf 91' lang='lat' dir='ltr'><strong>los.</strong></span> <span class='ocrx_word' id='word_1_230' title='bbox 431 1709 515 1748; x_wconf 90' lang='lat' dir='ltr'><strong>duo</strong></span> <span class='ocrx_word' id='word_1_231' title='bbox 534 1709 633 1750; x_wconf 90' lang='lat' dir='ltr'><strong>Jun.</strong></span> <span class='ocrx_word' id='word_1_232' title='bbox 654 1710 736 1750; x_wconf 90' lang='lat' dir='ltr'><strong>duo</strong></span> <span class='ocrx_word' id='word_1_233' title='bbox 759 1710 903 1751; x_wconf 80' lang='lat' dir='ltr'><strong>oxon.</strong></span> <span class='ocrx_word' id='word_1_234' title='bbox 924 1713 1048 1751; x_wconf 87' lang='lat' dir='ltr'><strong>Voss.</strong></span> <span class='ocrx_word' id='word_1_235' title='bbox 1071 1725 1136 1764; x_wconf 90' lang='lat' dir='ltr'><strong>pr.</strong></span> <span class='ocrx_word' id='word_1_236' title='bbox 1155 1726 1210 1752; x_wconf 92' lang='lat' dir='ltr'><strong>m.</strong></span> <span class='ocrx_word' id='word_1_237' title='bbox 1226 1726 1291 1764; x_wconf 86' lang='lat' dir='ltr'><strong>pr.</strong></span> <span class='ocrx_word' id='word_1_238' title='bbox 1314 1720 1401 1754; x_wconf 87' lang='lat' dir='ltr'><strong>tres</strong></span> <span class='ocrx_word' id='word_1_239' title='bbox 1421 1715 1577 1754; x_wconf 85' lang='lat' dir='ltr'><strong>Petav.</strong></span> <span class='ocrx_word' id='word_1_240' title='bbox 1596 1716 1698 1755; x_wconf 85' lang='lat' dir='ltr'><strong>Vat.</strong></span> <span class='ocrx_word' id='word_1_241' title='bbox 1722 1715 1860 1755; x_wconf 81' lang='lat' dir='ltr'><strong>Livin.</strong></span> <span class='ocrx_word' id='word_1_242' title='bbox 1879 1715 2080 1754; x_wconf 83' lang='lat' dir='ltr'><strong>Heinsius</strong></span> <span class='ocrx_word' id='word_1_243' title='bbox 2098 1727 2171 1754; x_wconf 87' lang='lat' dir='ltr'><strong>an-</strong></span> 
     </span>
     <span class='ocr_line' id='line_1_25' title="bbox 333 1765 2175 1817; baseline 0.005 -17"><span class='ocrx_word' id='word_1_244' title='bbox 333 1767 564 1802; x_wconf 86' lang='lat' dir='ltr'><strong>notaverat</strong></span> <span class='ocrx_word' id='word_1_245' title='bbox 579 1775 695 1815; x_wconf 85' lang='lat' dir='ltr'><strong>seqq.</strong></span> <span class='ocrx_word' id='word_1_246' title='bbox 726 1765 738 1786; x_wconf 88' lang='lat'>‘</span> <span class='ocrx_word' id='word_1_247' title='bbox 760 1765 903 1816; x_wconf 74' lang='lat' dir='ltr'><strong>Tethys</strong></span> <span class='ocrx_word' id='word_1_248' title='bbox 917 1766 1036 1804; x_wconf 85' lang='lat' dir='ltr'><strong>solem</strong></span> <span class='ocrx_word' id='word_1_249' title='bbox 1050 1766 1199 1817; x_wconf 78' lang='lat' dir='ltr'><strong>excipit</strong></span> <span class='ocrx_word' id='word_1_250' title='bbox 1219 1767 1352 1807; x_wconf 92' lang='lat' dir='ltr'><strong>Ovid.</strong></span> <span class='ocrx_word' id='word_1_251' title='bbox 1380 1768 1453 1815; x_wconf 80' lang='lat' dir='ltr'><strong>lib.</strong></span> <span class='ocrx_word' id='word_1_252' title='bbox 1469 1779 1518 1807; x_wconf 90' lang='lat'><strong>11.</strong></span> <span class='ocrx_word' id='word_1_253' title='bbox 1539 1769 1652 1808; x_wconf 88' lang='lat' dir='ltr'><strong>Met.</strong></span> <span class='ocrx_word' id='word_1_254' title='bbox 1669 1768 1762 1807; x_wconf 88' lang='lat' dir='ltr'><strong>Val.</strong></span> <span class='ocrx_word' id='word_1_255' title='bbox 1785 1769 1905 1808; x_wconf 84' lang='lat' dir='ltr'><strong>Flac.</strong></span> <span class='ocrx_word' id='word_1_256' title='bbox 1938 1768 2011 1809; x_wconf 88' lang='lat' dir='ltr'><strong>lib.</strong></span> <span class='ocrx_word' id='word_1_257' title='bbox 2026 1780 2079 1808; x_wconf 80' lang='grc' dir='ltr'><strong>ιι.</strong></span> <span class='ocrx_word' id='word_1_258' title='bbox 2111 1781 2175 1809; x_wconf 84' lang='lat' dir='ltr'><strong>vs.</strong></span> 
     </span>
     <span class='ocr_line' id='line_1_26' title="bbox 335 1817 2174 1875; baseline 0.004 -20"><span class='ocrx_word' id='word_1_259' title='bbox 335 1817 402 1856; x_wconf 83' lang='lat'><strong>34.</strong></span> <span class='ocrx_word' id='word_1_260' title='bbox 422 1820 468 1855; x_wconf 89' lang='lat' dir='ltr'><strong>et</strong></span> <span class='ocrx_word' id='word_1_261' title='bbox 488 1828 609 1869; x_wconf 87' lang='lat' dir='ltr'><strong>seqq.</strong></span> <span class='ocrx_word' id='word_1_262' title='bbox 632 1817 729 1857; x_wconf 89' lang='lat' dir='ltr'><strong>vide</strong></span> <span class='ocrx_word' id='word_1_263' title='bbox 747 1818 888 1858; x_wconf 89' lang='lat' dir='ltr'><strong>locum</strong></span> <span class='ocrx_word' id='word_1_264' title='bbox 921 1831 947 1858; x_wconf 89' lang='lat' dir='ltr'><strong>a</strong></span> <span class='ocrx_word' id='word_1_265' title='bbox 962 1831 1030 1859; x_wconf 90' lang='lat' dir='ltr'><strong>me</strong></span> <span class='ocrx_word' id='word_1_266' title='bbox 1050 1820 1324 1860; x_wconf 89' lang='lat' dir='ltr'><strong>emendatum</strong></span> <span class='ocrx_word' id='word_1_267' title='bbox 1346 1821 1418 1862; x_wconf 86' lang='lat' dir='ltr'><strong>lib.</strong></span> <span class='ocrx_word' id='word_1_268' title='bbox 1434 1833 1485 1862; x_wconf 81' lang='grc' dir='ltr'><strong>ιι.</strong></span> <span class='ocrx_word' id='word_1_269' title='bbox 1507 1834 1547 1874; x_wconf 88' lang='lat' dir='ltr'><strong>p.</strong></span> <span class='ocrx_word' id='word_1_270' title='bbox 1567 1825 1635 1862; x_wconf 83' lang='lat'><strong>26.</strong></span> <span class='ocrx_word' id='word_1_271' title='bbox 1656 1821 1820 1863; x_wconf 84' lang='lat' dir='ltr'><strong>a.’—46</strong></span> <span class='ocrx_word' id='word_1_272' title='bbox 1846 1824 1938 1862; x_wconf 82' lang='lat' dir='ltr'><strong>dum</strong></span> <span class='ocrx_word' id='word_1_273' title='bbox 1953 1833 2174 1875; x_wconf 78' lang='lat' dir='ltr'><strong>premerere</strong></span> 
     </span>
    </p>
   </div>
   <div class='ocr_carea' id='block_1_7' title="bbox 1165 1941 1344 1992">
    <p class='ocr_par' dir='ltr' id='par_1_8' title="bbox 1165 1941 1344 1992">
     <span class='ocr_line' id='line_1_27' title="bbox 1165 1941 1344 1992; baseline 0.011 -12"><span class='ocrx_word' id='word_1_274' title='bbox 1165 1941 1344 1992; x_wconf 68' lang='lat' dir='ltr'><strong>Nom:</strong></span> 
     </span>
    </p>
   </div>
   <div class='ocr_carea' id='block_1_8' title="bbox 294 2018 1216 3458">
    <p class='ocr_par' dir='ltr' id='par_1_9' title="bbox 330 2018 1216 2318">
     <span class='ocr_line' id='line_1_28' title="bbox 333 2018 1214 2071; baseline 0.007 -16"><span class='ocrx_word' id='word_1_275' title='bbox 333 2022 580 2068; x_wconf 78' lang='lat' dir='ltr'><strong>repugnent</strong></span> <span class='ocrx_word' id='word_1_276' title='bbox 609 2018 806 2071; x_wconf 89' lang='lat' dir='ltr'><strong>Physici)</strong></span> <span class='ocrx_word' id='word_1_277' title='bbox 838 2020 1037 2060; x_wconf 89' lang='lat' dir='ltr'><strong>cornibus</strong></span> <span class='ocrx_word' id='word_1_278' title='bbox 1072 2022 1214 2061; x_wconf 87' lang='lat' dir='ltr'><strong>aureis</strong></span> 
     </span>
     <span class='ocr_line' id='line_1_29' title="bbox 333 2079 1216 2135; baseline 0.006 -17"><span class='ocrx_word' id='word_1_279' title='bbox 333 2079 491 2119; x_wconf 83' lang='lat' dir='ltr'><strong>Dianae</strong></span> <span class='ocrx_word' id='word_1_280' title='bbox 513 2080 760 2121; x_wconf 86' lang='lat' dir='ltr'><strong>dedicatam</strong></span> <span class='ocrx_word' id='word_1_281' title='bbox 782 2095 835 2121; x_wconf 87' lang='lat' dir='ltr'><strong>ex</strong></span> <span class='ocrx_word' id='word_1_282' title='bbox 866 2083 1070 2135; x_wconf 85' lang='lat' dir='ltr'><strong>Pindaro,</strong></span> <span class='ocrx_word' id='word_1_283' title='bbox 1103 2086 1216 2123; x_wconf 84' lang='lat' dir='ltr'><strong>Her-</strong></span> 
     </span>
     <span class='ocr_line' id='line_1_30' title="bbox 335 2143 1215 2198; baseline 0.006 -16"><span class='ocrx_word' id='word_1_284' title='bbox 335 2143 451 2182; x_wconf 88' lang='lat' dir='ltr'><strong>cules</strong></span> <span class='ocrx_word' id='word_1_285' title='bbox 472 2143 655 2193; x_wconf 87' lang='lat' dir='ltr'><strong>domuit,</strong></span> <span class='ocrx_word' id='word_1_286' title='bbox 674 2151 748 2184; x_wconf 84' lang='lat' dir='ltr'><strong>aut</strong></span> <span class='ocrx_word' id='word_1_287' title='bbox 767 2146 944 2192; x_wconf 85' lang='lat' dir='ltr'><strong>retibus,</strong></span> <span class='ocrx_word' id='word_1_288' title='bbox 966 2152 1042 2186; x_wconf 87' lang='lat' dir='ltr'><strong>aut</strong></span> <span class='ocrx_word' id='word_1_289' title='bbox 1071 2160 1215 2198; x_wconf 76' lang='lat' dir='ltr'><strong>cursu,</strong></span> 
     </span>
     <span class='ocr_line' id='line_1_31' title="bbox 333 2206 1216 2257; baseline 0.007 -14"><span class='ocrx_word' id='word_1_290' title='bbox 333 2209 408 2244; x_wconf 88' lang='lat' dir='ltr'><strong>aut</strong></span> <span class='ocrx_word' id='word_1_291' title='bbox 427 2206 830 2257; x_wconf 79' lang='lat' dir='ltr'><strong>somnojacentem:</strong></span> <span class='ocrx_word' id='word_1_292' title='bbox 860 2208 953 2247; x_wconf 80' lang='lat' dir='ltr'><strong>haec</strong></span> <span class='ocrx_word' id='word_1_293' title='bbox 968 2208 1216 2249; x_wconf 87' lang='lat' dir='ltr'><strong>incredibili</strong></span> 
     </span>
     <span class='ocr_line' id='line_1_32' title="bbox 330 2267 946 2318; baseline 0.005 -12"><span class='ocrx_word' id='word_1_294' title='bbox 330 2267 490 2318; x_wconf 86' lang='lat' dir='ltr'><strong>pedum</strong></span> <span class='ocrx_word' id='word_1_295' title='bbox 511 2269 738 2308; x_wconf 86' lang='lat' dir='ltr'><strong>celeritate</strong></span> <span class='ocrx_word' id='word_1_296' title='bbox 758 2271 946 2310; x_wconf 84' lang='lat' dir='ltr'><strong>valebat.</strong></span> 
     </span>
    </p>

    <p class='ocr_par' dir='ltr' id='par_1_10' title="bbox 330 2330 1216 2562">
     <span class='ocr_line' id='line_1_33' title="bbox 385 2330 1215 2384; baseline 0.005 -16"><span class='ocrx_word' id='word_1_297' title='bbox 385 2333 438 2369; x_wconf 83' lang='grc'><strong>43</strong></span> <span class='ocrx_word' id='word_1_298' title='bbox 471 2330 587 2379; x_wconf 86' lang='lat' dir='ltr'><strong>Caci]</strong></span> <span class='ocrx_word' id='word_1_299' title='bbox 636 2331 775 2370; x_wconf 88' lang='lat' dir='ltr'><strong>Cacus</strong></span> <span class='ocrx_word' id='word_1_300' title='bbox 806 2331 995 2383; x_wconf 89' lang='lat' dir='ltr'><strong>Abigeus</strong></span> <span class='ocrx_word' id='word_1_301' title='bbox 1024 2332 1215 2384; x_wconf 88' lang='lat' dir='ltr'><strong>semifer,</strong></span> 
     </span>
     <span class='ocr_line' id='line_1_34' title="bbox 332 2392 1216 2441; baseline 0.005 -10"><span class='ocrx_word' id='word_1_302' title='bbox 332 2392 521 2432; x_wconf 84' lang='lat' dir='ltr'><strong>Vulcani</strong></span> <span class='ocrx_word' id='word_1_303' title='bbox 549 2392 675 2441; x_wconf 86' lang='lat' dir='ltr'><strong>filius,</strong></span> <span class='ocrx_word' id='word_1_304' title='bbox 707 2393 902 2434; x_wconf 89' lang='lat' dir='ltr'><strong>flammas</strong></span> <span class='ocrx_word' id='word_1_305' title='bbox 937 2394 1140 2435; x_wconf 88' lang='lat' dir='ltr'><strong>vomebat</strong></span> <span class='ocrx_word' id='word_1_306' title='bbox 1172 2396 1216 2435; x_wconf 89' lang='lat' dir='ltr'><strong>in</strong></span> 
     </span>
     <span class='ocr_line' id='line_1_35' title="bbox 330 2456 1215 2510; baseline 0.007 -16"><span class='ocrx_word' id='word_1_307' title='bbox 330 2456 569 2508; x_wconf 89' lang='lat' dir='ltr'><strong>Campania</strong></span> <span class='ocrx_word' id='word_1_308' title='bbox 613 2458 754 2497; x_wconf 84' lang='lat' dir='ltr'><strong>Italiae</strong></span> <span class='ocrx_word' id='word_1_309' title='bbox 783 2459 958 2510; x_wconf 82' lang='lat' dir='ltr'><strong>regione</strong></span> <span class='ocrx_word' id='word_1_310' title='bbox 980 2472 992 2509; x_wconf 91' lang='lat'>;</span> <span class='ocrx_word' id='word_1_311' title='bbox 1037 2459 1113 2499; x_wconf 84' lang='lat' dir='ltr'><strong>sed</strong></span> <span class='ocrx_word' id='word_1_312' title='bbox 1160 2460 1215 2500; x_wconf 90' lang='lat' dir='ltr'><strong>ab</strong></span> 
     </span>
     <span class='ocr_line' id='line_1_36' title="bbox 332 2518 865 2562; baseline 0.009 -5"><span class='ocrx_word' id='word_1_313' title='bbox 332 2518 529 2558; x_wconf 85' lang='lat' dir='ltr'><strong>Hercule</strong></span> <span class='ocrx_word' id='word_1_314' title='bbox 549 2522 769 2560; x_wconf 88' lang='lat' dir='ltr'><strong>extinctus</strong></span> <span class='ocrx_word' id='word_1_315' title='bbox 785 2528 865 2562; x_wconf 90' lang='lat' dir='ltr'><strong>est.</strong></span> 
     </span>
    </p>

    <p class='ocr_par' dir='ltr' id='par_1_11' title="bbox 324 2582 1211 2813">
     <span class='ocr_line' id='line_1_37' title="bbox 384 2582 1211 2637; baseline 0.005 -16"><span class='ocrx_word' id='word_1_316' title='bbox 384 2582 590 2633; x_wconf 80' lang='lat' dir='ltr'><strong>Busiride]</strong></span> <span class='ocrx_word' id='word_1_317' title='bbox 619 2584 800 2635; x_wconf 81' lang='lat' dir='ltr'><strong>Busiris,</strong></span> <span class='ocrx_word' id='word_1_318' title='bbox 834 2585 1030 2636; x_wconf 86' lang='lat' dir='ltr'><strong>Neptuni</strong></span> <span class='ocrx_word' id='word_1_319' title='bbox 1059 2589 1105 2625; x_wconf 92' lang='lat' dir='ltr'><strong>et</strong></span> <span class='ocrx_word' id='word_1_320' title='bbox 1122 2584 1211 2637; x_wconf 57' lang='lat' dir='ltr'><strong>{Li-</strong></span> 
     </span>
     <span class='ocr_line' id='line_1_38' title="bbox 327 2644 1210 2701; baseline 0.006 -16"><span class='ocrx_word' id='word_1_321' title='bbox 327 2644 426 2696; x_wconf 84' lang='lat' dir='ltr'><strong>byae</strong></span> <span class='ocrx_word' id='word_1_322' title='bbox 445 2648 614 2698; x_wconf 87' lang='lat' dir='ltr'><strong>Epaphi</strong></span> <span class='ocrx_word' id='word_1_323' title='bbox 645 2647 745 2688; x_wconf 86' lang='lat' dir='ltr'><strong>filiae</strong></span> <span class='ocrx_word' id='word_1_324' title='bbox 778 2647 908 2699; x_wconf 88' lang='lat' dir='ltr'><strong>filius,</strong></span> <span class='ocrx_word' id='word_1_325' title='bbox 937 2649 1130 2701; x_wconf 86' lang='lat' dir='ltr'><strong>hospites</strong></span> <span class='ocrx_word' id='word_1_326' title='bbox 1166 2651 1210 2690; x_wconf 90' lang='lat' dir='ltr'><strong>in</strong></span> 
     </span>
     <span class='ocr_line' id='line_1_39' title="bbox 324 2707 1210 2762; baseline 0.007 -15"><span class='ocrx_word' id='word_1_327' title='bbox 324 2707 511 2760; x_wconf 83' lang='lat' dir='ltr'><strong>AEgypto</strong></span> <span class='ocrx_word' id='word_1_328' title='bbox 532 2710 800 2762; x_wconf 83' lang='lat' dir='ltr'><strong>immolabat,</strong></span> <span class='ocrx_word' id='word_1_329' title='bbox 835 2711 913 2750; x_wconf 84' lang='lat' dir='ltr'><strong>sed</strong></span> <span class='ocrx_word' id='word_1_330' title='bbox 932 2712 986 2751; x_wconf 83' lang='lat' dir='ltr'><strong>ab</strong></span> <span class='ocrx_word' id='word_1_331' title='bbox 1016 2712 1210 2753; x_wconf 84' lang='lat' dir='ltr'><strong>Hercule</strong></span> 
     </span>
     <span class='ocr_line' id='line_1_40' title="bbox 325 2769 671 2813; baseline 0.012 -5"><span class='ocrx_word' id='word_1_332' title='bbox 325 2769 570 2811; x_wconf 88' lang='lat' dir='ltr'><strong>immolatus</strong></span> <span class='ocrx_word' id='word_1_333' title='bbox 593 2778 671 2813; x_wconf 89' lang='lat' dir='ltr'><strong>est.</strong></span> 
     </span>
    </p>

    <p class='ocr_par' dir='ltr' id='par_1_12' title="bbox 294 2836 1213 3458">
     <span class='ocr_line' id='line_1_41' title="bbox 379 2836 1213 2890; baseline 0.007 -17"><span class='ocrx_word' id='word_1_334' title='bbox 379 2837 433 2874; x_wconf 83' lang='grc'><strong>44</strong></span> <span class='ocrx_word' id='word_1_335' title='bbox 454 2836 695 2888; x_wconf 82' lang='lat' dir='ltr'><strong>Nubigem&#39;s]</strong></span> <span class='ocrx_word' id='word_1_336' title='bbox 726 2837 967 2890; x_wconf 60' lang='lat' dir='ltr'><strong>Nubigenae</strong></span> <span class='ocrx_word' id='word_1_337' title='bbox 986 2844 1086 2878; x_wconf 91' lang='lat' dir='ltr'><strong>sunt</strong></span> <span class='ocrx_word' id='word_1_338' title='bbox 1106 2840 1213 2879; x_wconf 82' lang='lat' dir='ltr'><strong>Cen·</strong></span> 
     </span>
     <span class='ocr_line' id='line_1_42' title="bbox 328 2896 1212 2954; baseline 0.01 -21"><span class='ocrx_word' id='word_1_339' title='bbox 328 2896 460 2944; x_wconf 81' lang='lat' dir='ltr'><strong>tauri,</strong></span> <span class='ocrx_word' id='word_1_340' title='bbox 479 2897 571 2936; x_wconf 90' lang='lat' dir='ltr'><strong>nati</strong></span> <span class='ocrx_word' id='word_1_341' title='bbox 588 2910 642 2937; x_wconf 84' lang='lat' dir='ltr'><strong>ex</strong></span> <span class='ocrx_word' id='word_1_342' title='bbox 664 2899 817 2939; x_wconf 81' lang='lat' dir='ltr'><strong>Ixione</strong></span> <span class='ocrx_word' id='word_1_343' title='bbox 848 2906 894 2940; x_wconf 91' lang='lat' dir='ltr'><strong>et</strong></span> <span class='ocrx_word' id='word_1_344' title='bbox 922 2902 1037 2940; x_wconf 87' lang='lat' dir='ltr'><strong>nube</strong></span> <span class='ocrx_word' id='word_1_345' title='bbox 1057 2914 1212 2954; x_wconf 88' lang='lat' dir='ltr'><strong>suppo-</strong></span> 
     </span>
     <span class='ocr_line' id='line_1_43' title="bbox 323 2956 1212 3017; baseline 0.011 -21"><span class='ocrx_word' id='word_1_346' title='bbox 323 2956 410 2996; x_wconf 80' lang='lat' dir='ltr'><strong>sita</strong></span> <span class='ocrx_word' id='word_1_347' title='bbox 434 2970 459 2996; x_wconf 88' lang='lat' dir='ltr'><strong>a</strong></span> <span class='ocrx_word' id='word_1_348' title='bbox 477 2959 663 3010; x_wconf 85' lang='lat' dir='ltr'><strong>Junone,</strong></span> <span class='ocrx_word' id='word_1_349' title='bbox 683 2975 810 3013; x_wconf 89' lang='lat' dir='ltr'><strong>quam</strong></span> <span class='ocrx_word' id='word_1_350' title='bbox 839 2964 962 3003; x_wconf 86' lang='lat' dir='ltr'><strong>Ixion</strong></span> <span class='ocrx_word' id='word_1_351' title='bbox 983 2965 1039 3004; x_wconf 87' lang='lat' dir='ltr'><strong>de</strong></span> <span class='ocrx_word' id='word_1_352' title='bbox 1060 2972 1212 3017; x_wconf 83' lang='lat' dir='ltr'><strong>stupro</strong></span> 
     </span>
     <span class='ocr_line' id='line_1_44' title="bbox 325 3019 1210 3070; baseline 0.014 -12"><span class='ocrx_word' id='word_1_353' title='bbox 325 3019 542 3060; x_wconf 72' lang='lat' dir='ltr'><strong>solicitare</strong></span> <span class='ocrx_word' id='word_1_354' title='bbox 563 3034 689 3062; x_wconf 86' lang='lat' dir='ltr'><strong>ausus</strong></span> <span class='ocrx_word' id='word_1_355' title='bbox 707 3024 865 3066; x_wconf 87' lang='lat' dir='ltr'><strong>fuerat.</strong></span> <span class='ocrx_word' id='word_1_356' title='bbox 915 3029 1121 3068; x_wconf 85' lang='lat' dir='ltr'><strong>Centauri</strong></span> <span class='ocrx_word' id='word_1_357' title='bbox 1140 3043 1210 3070; x_wconf 83' lang='lat' dir='ltr'><strong>au-</strong></span> 
     </span>
     <span class='ocr_line' id='line_1_45' title="bbox 326 3088 1208 3145; baseline 0.012 -21"><span class='ocrx_word' id='word_1_358' title='bbox 326 3088 415 3126; x_wconf 83' lang='lat' dir='ltr'><strong>tem</strong></span> <span class='ocrx_word' id='word_1_359' title='bbox 460 3092 559 3126; x_wconf 88' lang='lat' dir='ltr'><strong>sunt</strong></span> <span class='ocrx_word' id='word_1_360' title='bbox 605 3090 760 3138; x_wconf 87' lang='lat' dir='ltr'><strong>partim</strong></span> <span class='ocrx_word' id='word_1_361' title='bbox 803 3092 1010 3143; x_wconf 84' lang='lat' dir='ltr'><strong>homines,</strong></span> <span class='ocrx_word' id='word_1_362' title='bbox 1051 3095 1208 3145; x_wconf 89' lang='lat' dir='ltr'><strong>partim</strong></span> 
     </span>
     <span class='ocr_line' id='line_1_46' title="bbox 328 3144 1211 3201; baseline 0.012 -14"><span class='ocrx_word' id='word_1_363' title='bbox 328 3147 446 3201; x_wconf 81' lang='lat' dir='ltr'><strong>equi,</strong></span> <span class='ocrx_word' id='word_1_364' title='bbox 487 3150 634 3201; x_wconf 80' lang='lat' dir='ltr'><strong>sicque</strong></span> <span class='ocrx_word' id='word_1_365' title='bbox 667 3144 808 3191; x_wconf 77' lang='lat' dir='ltr'><strong>mixta&#39;</strong></span> <span class='ocrx_word' id='word_1_366' title='bbox 831 3159 984 3194; x_wconf 87' lang='lat' dir='ltr'><strong>natura</strong></span> <span class='ocrx_word' id='word_1_367' title='bbox 1003 3163 1211 3197; x_wconf 85' lang='lat' dir='ltr'><strong>monstro·</strong></span> 
     </span>
     <span class='ocr_line' id='line_1_47' title="bbox 294 3211 1212 3270; baseline 0.012 -21"><span class='ocrx_word' id='word_1_368' title='bbox 294 3230 295 3233; x_wconf 37' lang='lat'>¹</span> <span class='ocrx_word' id='word_1_369' title='bbox 324 3211 365 3250; x_wconf 72' lang='lat' dir='ltr'><strong>si</strong></span> <span class='ocrx_word' id='word_1_370' title='bbox 383 3223 395 3250; x_wconf 70' lang='grc' dir='ltr'><strong><em>ε</em></strong></span> <span class='ocrx_word' id='word_1_371' title='bbox 425 3211 502 3250; x_wconf 88' lang='lat' dir='ltr'><strong>hos</strong></span> <span class='ocrx_word' id='word_1_372' title='bbox 522 3212 689 3252; x_wconf 86' lang='lat' dir='ltr'><strong>domuit</strong></span> <span class='ocrx_word' id='word_1_373' title='bbox 701 3214 930 3265; x_wconf 87' lang='lat' dir='ltr'><strong>Hercules,</strong></span> <span class='ocrx_word' id='word_1_374' title='bbox 947 3229 1083 3270; x_wconf 87' lang='lat' dir='ltr'><strong>prope</strong></span> <span class='ocrx_word' id='word_1_375' title='bbox 1100 3220 1212 3260; x_wconf 85' lang='lat' dir='ltr'><strong>Pho-</strong></span> 
     </span>
     <span class='ocr_line' id='line_1_48' title="bbox 326 3273 1212 3324; baseline 0.012 -11"><span class='ocrx_word' id='word_1_376' title='bbox 326 3273 428 3314; x_wconf 68' lang='lat' dir='ltr'><strong>loen</strong></span> <span class='ocrx_word' id='word_1_377' title='bbox 445 3283 633 3315; x_wconf 81' lang='lat' dir='ltr'><strong>montem</strong></span> <span class='ocrx_word' id='word_1_378' title='bbox 655 3276 854 3318; x_wconf 72' lang='lat' dir='ltr'><strong>Arcadiae</strong></span> <span class='ocrx_word' id='word_1_379' title='bbox 875 3286 950 3319; x_wconf 79' lang='lat' dir='ltr'><strong>aut</strong></span> <span class='ocrx_word' id='word_1_380' title='bbox 973 3282 1212 3324; x_wconf 71' lang='lat' dir='ltr'><strong>Thessaliae.</strong></span> 
     </span>
     <span class='ocr_line' id='line_1_49' title="bbox 328 3337 1210 3396; baseline 0.008 -18"><span class='ocrx_word' id='word_1_381' title='bbox 328 3337 524 3379; x_wconf 86' lang='lat' dir='ltr'><strong>Nolebat</strong></span> <span class='ocrx_word' id='word_1_382' title='bbox 556 3340 610 3379; x_wconf 84' lang='lat' dir='ltr'><strong>iis</strong></span> <span class='ocrx_word' id='word_1_383' title='bbox 644 3340 800 3381; x_wconf 89' lang='lat' dir='ltr'><strong>bellum</strong></span> <span class='ocrx_word' id='word_1_384' title='bbox 812 3340 978 3382; x_wconf 84' lang='lat' dir='ltr'><strong>‘inferre</strong></span> <span class='ocrx_word' id='word_1_385' title='bbox 1004 3344 1210 3396; x_wconf 78' lang='lat' dir='ltr'><strong>injustum</strong></span> 
     </span>
     <span class='ocr_line' id='line_1_50' title="bbox 326 3399 1211 3458; baseline 0.007 -16"><span class='ocrx_word' id='word_1_386' title='bbox 326 3399 560 3456; x_wconf 77' lang='lat' dir='ltr'><strong>Hercules,</strong></span> <span class='ocrx_word' id='word_1_387' title='bbox 573 3402 655 3444; x_wconf 79' lang='lat' dir='ltr'><strong>sed</strong></span> <span class='ocrx_word' id='word_1_388' title='bbox 674 3403 840 3444; x_wconf 78' lang='lat' dir='ltr'><strong>curavit</strong></span> <span class='ocrx_word' id='word_1_389' title='bbox 857 3416 903 3446; x_wconf 79' lang='lat' dir='ltr'><strong>se</strong></span> <span class='ocrx_word' id='word_1_390' title='bbox 920 3405 1109 3458; x_wconf 80' lang='lat' dir='ltr'><strong>hospitio</strong></span> <span class='ocrx_word' id='word_1_391' title='bbox 1120 3420 1211 3448; x_wconf 83' lang='lat' dir='ltr'><strong>sus-</strong></span> 
     </span>
    </p>
   </div>
   <div class='ocr_carea' id='block_1_9' title="bbox 1281 2020 2171 2437">
    <p class='ocr_par' dir='ltr' id='par_1_13' title="bbox 1281 2020 2171 2437">
     <span class='ocr_line' id='line_1_51' title="bbox 1282 2020 2169 2074; baseline 0 -12"><span class='ocrx_word' id='word_1_392' title='bbox 1282 2022 1369 2074; x_wconf 90' lang='lat' dir='ltr'><strong>cipi</strong></span> <span class='ocrx_word' id='word_1_393' title='bbox 1390 2034 1415 2062; x_wconf 89' lang='lat' dir='ltr'><strong>a</strong></span> <span class='ocrx_word' id='word_1_394' title='bbox 1433 2022 1599 2071; x_wconf 78' lang='lat' dir='ltr'><strong>Pholo3</strong></span> <span class='ocrx_word' id='word_1_395' title='bbox 1621 2034 1719 2074; x_wconf 87' lang='lat' dir='ltr'><strong>quo,</strong></span> <span class='ocrx_word' id='word_1_396' title='bbox 1739 2034 1834 2062; x_wconf 85' lang='lat' dir='ltr'><strong>cum</strong></span> <span class='ocrx_word' id='word_1_397' title='bbox 1855 2020 2169 2072; x_wconf 82' lang='lat' dir='ltr'><strong>generosissimi</strong></span> 
     </span>
     <span class='ocr_line' id='line_1_52' title="bbox 1281 2080 2171 2136; baseline -0.001 -11"><span class='ocrx_word' id='word_1_398' title='bbox 1281 2086 1369 2125; x_wconf 83' lang='lat' dir='ltr'><strong>vini</strong></span> <span class='ocrx_word' id='word_1_399' title='bbox 1388 2087 1518 2125; x_wconf 87' lang='lat' dir='ltr'><strong>cadus</strong></span> <span class='ocrx_word' id='word_1_400' title='bbox 1538 2091 1822 2136; x_wconf 83' lang='lat' dir='ltr'><strong>promeretur,</strong></span> <span class='ocrx_word' id='word_1_401' title='bbox 1841 2080 2049 2123; x_wconf 80' lang='lat' dir='ltr'><strong>Centauri</strong></span> <span class='ocrx_word' id='word_1_402' title='bbox 2068 2083 2171 2124; x_wconf 88' lang='lat' dir='ltr'><strong>odo-</strong></span> 
     </span>
     <span class='ocr_line' id='line_1_53' title="bbox 1281 2146 2166 2199; baseline 0 -13"><span class='ocrx_word' id='word_1_403' title='bbox 1281 2160 1328 2186; x_wconf 91' lang='lat' dir='ltr'><strong>re</strong></span> <span class='ocrx_word' id='word_1_404' title='bbox 1365 2148 1450 2186; x_wconf 87' lang='lat' dir='ltr'><strong>vini</strong></span> <span class='ocrx_word' id='word_1_405' title='bbox 1489 2148 1635 2187; x_wconf 85' lang='lat' dir='ltr'><strong>allecti</strong></span> <span class='ocrx_word' id='word_1_406' title='bbox 1675 2146 1994 2196; x_wconf 84' lang='lat' dir='ltr'><strong>confluxerunt,</strong></span> <span class='ocrx_word' id='word_1_407' title='bbox 2036 2146 2166 2199; x_wconf 90' lang='lat' dir='ltr'><strong>idque</strong></span> 
     </span>
     <span class='ocr_line' id='line_1_54' title="bbox 1282 2208 2167 2259; baseline 0.001 -12"><span class='ocrx_word' id='word_1_408' title='bbox 1282 2214 1535 2259; x_wconf 83' lang='lat' dir='ltr'><strong>rapuerunt.</strong></span> <span class='ocrx_word' id='word_1_409' title='bbox 1595 2208 1808 2247; x_wconf 87' lang='lat' dir='ltr'><strong>Hercules</strong></span> <span class='ocrx_word' id='word_1_410' title='bbox 1858 2214 2011 2247; x_wconf 86' lang='lat' dir='ltr'><strong>nactus</strong></span> <span class='ocrx_word' id='word_1_411' title='bbox 2066 2209 2167 2248; x_wconf 84' lang='lat' dir='ltr'><strong>hinc</strong></span> 
     </span>
     <span class='ocr_line' id='line_1_55' title="bbox 1282 2269 2170 2322; baseline 0.003 -14"><span class='ocrx_word' id='word_1_412' title='bbox 1282 2271 1551 2309; x_wconf 86' lang='lat' dir='ltr'><strong>occasionem</strong></span> <span class='ocrx_word' id='word_1_413' title='bbox 1567 2282 1639 2309; x_wconf 88' lang='lat' dir='ltr'><strong>eos</strong></span> <span class='ocrx_word' id='word_1_414' title='bbox 1654 2281 1799 2307; x_wconf 81' lang='lat' dir='ltr'><strong>omnes</strong></span> <span class='ocrx_word' id='word_1_415' title='bbox 1815 2269 2049 2322; x_wconf 84' lang='lat' dir='ltr'><strong>interemit,</strong></span> <span class='ocrx_word' id='word_1_416' title='bbox 2067 2270 2170 2322; x_wconf 78' lang='lat' dir='ltr'><strong>quia</strong></span> 
     </span>
     <span class='ocr_line' id='line_1_56' title="bbox 1282 2330 2171 2387; baseline 0.003 -17"><span class='ocrx_word' id='word_1_417' title='bbox 1282 2330 1395 2371; x_wconf 77' lang='grc' dir='ltr'><strong><em>ἄδικα</em></strong></span> <span class='ocrx_word' id='word_1_418' title='bbox 1411 2334 1591 2383; x_wconf 80' lang='grc' dir='ltr'><strong><em>δρῶντας,</em></strong></span> <span class='ocrx_word' id='word_1_419' title='bbox 1616 2330 1765 2380; x_wconf 71' lang='lat' dir='ltr'><strong>injusta</strong></span> <span class='ocrx_word' id='word_1_420' title='bbox 1774 2330 1986 2380; x_wconf 83' lang='lat' dir='ltr'><strong>facientes.</strong></span> <span class='ocrx_word' id='word_1_421' title='bbox 2040 2332 2171 2387; x_wconf 81' lang='lat' dir='ltr'><strong>Poly-</strong></span> 
     </span>
     <span class='ocr_line' id='line_1_57' title="bbox 1284 2407 1415 2437; baseline 0.023 -3"><span class='ocrx_word' id='word_1_422' title='bbox 1284 2407 1415 2437; x_wconf 85' lang='lat' dir='ltr'><strong>aenus.</strong></span> 
     </span>
    </p>
   </div>
   <div class='ocr_carea' id='block_1_10' title="bbox 1276 2522 2170 3269">
    <p class='ocr_par' dir='ltr' id='par_1_14' title="bbox 1276 2522 2170 3269">
     <span class='ocr_line' id='line_1_58' title="bbox 1284 2522 2170 2576; baseline 0.003 -14"><span class='ocrx_word' id='word_1_423' title='bbox 1284 2522 1496 2575; x_wconf 87' lang='lat' dir='ltr'><strong>peridum,</strong></span> <span class='ocrx_word' id='word_1_424' title='bbox 1513 2536 1567 2563; x_wconf 90' lang='lat' dir='ltr'><strong>ex</strong></span> <span class='ocrx_word' id='word_1_425' title='bbox 1586 2524 1741 2576; x_wconf 90' lang='lat' dir='ltr'><strong>quibus</strong></span> <span class='ocrx_word' id='word_1_426' title='bbox 1762 2523 1976 2563; x_wconf 90' lang='lat' dir='ltr'><strong>Hercules</strong></span> <span class='ocrx_word' id='word_1_427' title='bbox 1990 2524 2170 2565; x_wconf 85' lang='lat' dir='ltr'><strong>abstulit</strong></span> 
     </span>
     <span class='ocr_line' id='line_1_59' title="bbox 1282 2586 2166 2638; baseline 0 -12"><span class='ocrx_word' id='word_1_428' title='bbox 1282 2599 1410 2638; x_wconf 86' lang='lat' dir='ltr'><strong>poma</strong></span> <span class='ocrx_word' id='word_1_429' title='bbox 1429 2599 1560 2627; x_wconf 86' lang='lat' dir='ltr'><strong>aurea</strong></span> <span class='ocrx_word' id='word_1_430' title='bbox 1579 2592 1749 2626; x_wconf 85' lang='lat' dir='ltr'><strong>servata</strong></span> <span class='ocrx_word' id='word_1_431' title='bbox 1768 2599 1791 2626; x_wconf 92' lang='lat' dir='ltr'><strong>a</strong></span> <span class='ocrx_word' id='word_1_432' title='bbox 1811 2587 1995 2626; x_wconf 87' lang='lat' dir='ltr'><strong>dracone</strong></span> <span class='ocrx_word' id='word_1_433' title='bbox 2015 2600 2025 2626; x_wconf 78' lang='lat' dir='ltr'><strong><em>z</em></strong></span> <span class='ocrx_word' id='word_1_434' title='bbox 2054 2586 2166 2628; x_wconf 80' lang='lat' dir='ltr'><strong>sinus</strong></span> 
     </span>
     <span class='ocr_line' id='line_1_60' title="bbox 1280 2647 2140 2689; baseline 0 -1"><span class='ocrx_word' id='word_1_435' title='bbox 1280 2649 1433 2689; x_wconf 87' lang='lat' dir='ltr'><strong>alludit</strong></span> <span class='ocrx_word' id='word_1_436' title='bbox 1453 2649 1504 2688; x_wconf 87' lang='lat' dir='ltr'><strong>ad</strong></span> <span class='ocrx_word' id='word_1_437' title='bbox 1520 2647 1657 2689; x_wconf 84' lang='lat' dir='ltr'><strong>flexus</strong></span> <span class='ocrx_word' id='word_1_438' title='bbox 1674 2648 1884 2687; x_wconf 84' lang='lat' dir='ltr'><strong>Draconis</strong></span> <span class='ocrx_word' id='word_1_439' title='bbox 1904 2653 1950 2688; x_wconf 91' lang='lat' dir='ltr'><strong>et</strong></span> <span class='ocrx_word' id='word_1_440' title='bbox 1968 2648 2140 2689; x_wconf 86' lang='lat' dir='ltr'><strong>littoris.</strong></span> 
     </span>
     <span class='ocr_line' id='line_1_61' title="bbox 1333 2712 2166 2764; baseline -0.004 -11"><span class='ocrx_word' id='word_1_441' title='bbox 1333 2713 1470 2764; x_wconf 85' lang='lat' dir='ltr'><strong>Atlas]</strong></span> <span class='ocrx_word' id='word_1_442' title='bbox 1493 2712 1614 2752; x_wconf 81' lang='lat' dir='ltr'><strong>Atlas</strong></span> <span class='ocrx_word' id='word_1_443' title='bbox 1637 2712 1734 2751; x_wconf 86' lang='lat' dir='ltr'><strong>Rex</strong></span> <span class='ocrx_word' id='word_1_444' title='bbox 1753 2713 1852 2751; x_wconf 90' lang='lat' dir='ltr'><strong>olim</strong></span> <span class='ocrx_word' id='word_1_445' title='bbox 1870 2712 2166 2762; x_wconf 57' lang='lat' dir='ltr'><strong>Mauritaniam</strong></span> 
     </span>
     <span class='ocr_line' id='line_1_62' title="bbox 1280 2775 2165 2827; baseline 0 -12"><span class='ocrx_word' id='word_1_446' title='bbox 1280 2775 1356 2815; x_wconf 88' lang='lat' dir='ltr'><strong>sed</strong></span> <span class='ocrx_word' id='word_1_447' title='bbox 1387 2777 1539 2816; x_wconf 83' lang='lat' dir='ltr'><strong>Persei</strong></span> <span class='ocrx_word' id='word_1_448' title='bbox 1573 2777 1718 2827; x_wconf 88' lang='lat' dir='ltr'><strong>capite</strong></span> <span class='ocrx_word' id='word_1_449' title='bbox 1756 2775 1981 2814; x_wconf 74' lang='lat' dir='ltr'><strong>Medusaeo</strong></span> <span class='ocrx_word' id='word_1_450' title='bbox 2014 2786 2165 2815; x_wconf 82' lang='lat' dir='ltr'><strong>versus</strong></span> 
     </span>
     <span class='ocr_line' id='line_1_63' title="bbox 1281 2837 2164 2891; baseline -0.003 -12"><span class='ocrx_word' id='word_1_451' title='bbox 1281 2839 1409 2879; x_wconf 82' lang='lat' dir='ltr'><strong>estin</strong></span> <span class='ocrx_word' id='word_1_452' title='bbox 1431 2845 1637 2888; x_wconf 88' lang='lat' dir='ltr'><strong>montem,</strong></span> <span class='ocrx_word' id='word_1_453' title='bbox 1671 2838 1742 2891; x_wconf 91' lang='lat' dir='ltr'><strong>qui</strong></span> <span class='ocrx_word' id='word_1_454' title='bbox 1773 2850 1893 2877; x_wconf 92' lang='lat' dir='ltr'><strong>mons</strong></span> <span class='ocrx_word' id='word_1_455' title='bbox 1914 2844 1980 2877; x_wconf 88' lang='lat' dir='ltr'><strong>est</strong></span> <span class='ocrx_word' id='word_1_456' title='bbox 2014 2837 2164 2877; x_wconf 70' lang='lat' dir='ltr'><strong>alti-si-</strong></span> 
     </span>
     <span class='ocr_line' id='line_1_64' title="bbox 1281 2899 2163 2951; baseline -0.005 -9"><span class='ocrx_word' id='word_1_457' title='bbox 1281 2915 1374 2942; x_wconf 90' lang='lat' dir='ltr'><strong>mus</strong></span> <span class='ocrx_word' id='word_1_458' title='bbox 1407 2903 1450 2941; x_wconf 92' lang='lat' dir='ltr'><strong>in</strong></span> <span class='ocrx_word' id='word_1_459' title='bbox 1485 2902 1750 2942; x_wconf 83' lang='lat' dir='ltr'><strong>Mauritania</strong></span> <span class='ocrx_word' id='word_1_460' title='bbox 1778 2900 1940 2940; x_wconf 86' lang='lat' dir='ltr'><strong>Africae</strong></span> <span class='ocrx_word' id='word_1_461' title='bbox 1970 2899 2163 2951; x_wconf 81' lang='lat' dir='ltr'><strong>regione,</strong></span> 
     </span>
     <span class='ocr_line' id='line_1_65' title="bbox 1280 2961 2161 3020; baseline -0.007 -13"><span class='ocrx_word' id='word_1_462' title='bbox 1280 2967 1353 3020; x_wconf 92' lang='lat' dir='ltr'><strong>qui</strong></span> <span class='ocrx_word' id='word_1_463' title='bbox 1390 2979 1488 3006; x_wconf 89' lang='lat' dir='ltr'><strong>cum</strong></span> <span class='ocrx_word' id='word_1_464' title='bbox 1524 2967 1679 3005; x_wconf 88' lang='lat' dir='ltr'><strong>coelum</strong></span> <span class='ocrx_word' id='word_1_465' title='bbox 1715 2965 1960 3010; x_wconf 85' lang='lat' dir='ltr'><strong>sustineret,</strong></span> <span class='ocrx_word' id='word_1_466' title='bbox 1999 2966 2043 2999; x_wconf 88' lang='lat' dir='ltr'><strong>et</strong></span> <span class='ocrx_word' id='word_1_467' title='bbox 2067 2961 2161 3012; x_wconf 85' lang='lat' dir='ltr'><strong>jam</strong></span> 
     </span>
     <span class='ocr_line' id='line_1_66' title="bbox 1278 3024 2163 3076; baseline -0.007 -7"><span class='ocrx_word' id='word_1_468' title='bbox 1278 3041 1409 3069; x_wconf 88' lang='lat' dir='ltr'><strong>onere</strong></span> <span class='ocrx_word' id='word_1_469' title='bbox 1443 3027 1636 3068; x_wconf 86' lang='lat' dir='ltr'><strong>defessus</strong></span> <span class='ocrx_word' id='word_1_470' title='bbox 1672 3025 1799 3076; x_wconf 85' lang='lat' dir='ltr'><strong>foret,</strong></span> <span class='ocrx_word' id='word_1_471' title='bbox 1849 3025 2011 3064; x_wconf 78' lang='lat' dir='ltr'><strong>Coelnm</strong></span> <span class='ocrx_word' id='word_1_472' title='bbox 2050 3024 2163 3063; x_wconf 83' lang='lat' dir='ltr'><strong>Her-</strong></span> 
     </span>
     <span class='ocr_line' id='line_1_67' title="bbox 1277 3087 2161 3143; baseline -0.003 -11"><span class='ocrx_word' id='word_1_473' title='bbox 1277 3093 1363 3132; x_wconf 90' lang='lat' dir='ltr'><strong>culi</strong></span> <span class='ocrx_word' id='word_1_474' title='bbox 1382 3091 1616 3143; x_wconf 79' lang='lat' dir='ltr'><strong>proceriori</strong></span> <span class='ocrx_word' id='word_1_475' title='bbox 1642 3095 1774 3141; x_wconf 79' lang='lat' dir='ltr'><strong>atque</strong></span> <span class='ocrx_word' id='word_1_476' title='bbox 1791 3088 2014 3127; x_wconf 82' lang='lat' dir='ltr'><strong>valentiori</strong></span> <span class='ocrx_word' id='word_1_477' title='bbox 2038 3087 2161 3129; x_wconf 89' lang='lat' dir='ltr'><strong>dedit</strong></span> 
     </span>
     <span class='ocr_line' id='line_1_68' title="bbox 1276 3150 2160 3195; baseline -0.005 0"><span class='ocrx_word' id='word_1_478' title='bbox 1276 3154 1569 3195; x_wconf 82' lang='lat' dir='ltr'><strong>sustinendum</strong></span> <span class='ocrx_word' id='word_1_479' title='bbox 1587 3167 1597 3192; x_wconf 73' lang='grc' dir='ltr'><strong>ι</strong></span> <span class='ocrx_word' id='word_1_480' title='bbox 1626 3152 1708 3191; x_wconf 88' lang='lat' dir='ltr'><strong>hoc</strong></span> <span class='ocrx_word' id='word_1_481' title='bbox 1728 3151 1913 3190; x_wconf 85' lang='lat' dir='ltr'><strong>refertur</strong></span> <span class='ocrx_word' id='word_1_482' title='bbox 1933 3152 1985 3189; x_wconf 89' lang='lat' dir='ltr'><strong>ad</strong></span> <span class='ocrx_word' id='word_1_483' title='bbox 2007 3150 2160 3192; x_wconf 87' lang='lat' dir='ltr'><strong>Astro-</strong></span> 
     </span>
     <span class='ocr_line' id='line_1_69' title="bbox 1277 3214 2162 3269; baseline -0.002 -12"><span class='ocrx_word' id='word_1_484' title='bbox 1277 3218 1447 3269; x_wconf 79' lang='lat' dir='ltr'><strong>logiam,</strong></span> <span class='ocrx_word' id='word_1_485' title='bbox 1477 3229 1602 3267; x_wconf 87' lang='lat' dir='ltr'><strong>quam</strong></span> <span class='ocrx_word' id='word_1_486' title='bbox 1631 3214 1757 3255; x_wconf 89' lang='lat' dir='ltr'><strong>Atlas</strong></span> <span class='ocrx_word' id='word_1_487' title='bbox 1780 3214 2013 3254; x_wconf 89' lang='lat' dir='ltr'><strong>Herculem</strong></span> <span class='ocrx_word' id='word_1_488' title='bbox 2034 3214 2162 3255; x_wconf 85' lang='lat' dir='ltr'><strong>doce·</strong></span> 
     </span>
    </p>
   </div>
   <div class='ocr_carea' id='block_1_11' title="bbox 1279 3281 2161 3394">
    <p class='ocr_par' dir='ltr' id='par_1_15' title="bbox 1279 3281 2161 3394">
     <span class='ocr_line' id='line_1_70' title="bbox 1279 3281 2161 3394; baseline -0.001 -12"><span class='ocrx_word' id='word_1_489' title='bbox 1279 3281 1383 3382; x_wconf 49' lang='lat' dir='ltr'><strong>bago</strong></span> <span class='ocrx_word' id='word_1_490' title='bbox 1412 3340 1605 3393; x_wconf 85' lang='lat' dir='ltr'><strong>Horruit]</strong></span> <span class='ocrx_word' id='word_1_491' title='bbox 1649 3341 1703 3380; x_wconf 89' lang='lat' dir='ltr'><strong>Id</strong></span> <span class='ocrx_word' id='word_1_492' title='bbox 1731 3345 1813 3394; x_wconf 90' lang='lat' dir='ltr'><strong>est,</strong></span> <span class='ocrx_word' id='word_1_493' title='bbox 1838 3340 2059 3393; x_wconf 79' lang='lat' dir='ltr'><strong>perculsus</strong></span> <span class='ocrx_word' id='word_1_494' title='bbox 2087 3339 2161 3381; x_wconf 89' lang='lat' dir='ltr'><strong>ob-</strong></span> 
     </span>
    </p>
   </div>
   <div class='ocr_carea' id='block_1_12' title="bbox 1277 3406 1458 3458">
    <p class='ocr_par' dir='ltr' id='par_1_16' title="bbox 1277 3406 1458 3458">
     <span class='ocr_line' id='line_1_71' title="bbox 1277 3406 1458 3458; baseline -0.006 -11"><span class='ocrx_word' id='word_1_495' title='bbox 1277 3406 1458 3458; x_wconf 84' lang='lat' dir='ltr'><strong>stupuit.</strong></span> 
     </span>
    </p>
   </div>
   <div class='ocr_carea' id='block_1_13' title="bbox 1335 2459 2247 2513">
    <p class='ocr_par' dir='ltr' id='par_1_17' title="bbox 1335 2459 2247 2513">
     <span class='ocr_line' id='line_1_72' title="bbox 1335 2459 2247 2513; baseline 0.002 -14"><span class='ocrx_word' id='word_1_496' title='bbox 1335 2464 1386 2500; x_wconf 77' lang='lat'><strong>45</strong></span> <span class='ocrx_word' id='word_1_497' title='bbox 1416 2460 1558 2513; x_wconf 81' lang='lat' dir='ltr'><strong>Libyci</strong></span> <span class='ocrx_word' id='word_1_498' title='bbox 1575 2459 1703 2510; x_wconf 85' lang='lat' dir='ltr'><strong>sinus]</strong></span> <span class='ocrx_word' id='word_1_499' title='bbox 1745 2460 1800 2500; x_wconf 92' lang='lat' dir='ltr'><strong>Id</strong></span> <span class='ocrx_word' id='word_1_500' title='bbox 1821 2466 1901 2510; x_wconf 86' lang='lat' dir='ltr'><strong>est,</strong></span> <span class='ocrx_word' id='word_1_501' title='bbox 1921 2459 2034 2500; x_wconf 87' lang='lat' dir='ltr'><strong>horti</strong></span> <span class='ocrx_word' id='word_1_502' title='bbox 2053 2460 2166 2501; x_wconf 90' lang='lat' dir='ltr'><strong>Hes·</strong></span> <span class='ocrx_word' id='word_1_503' title='bbox 2240 2460 2247 2461; x_wconf 58' lang='grc'><em>’</em></span> 
     </span>
    </p>
   </div>
  </div>
 </body>
</html>
