2300 3906
644 234 706 271 IN
753 233 1119 273 EUTROPNJM
1165 234 1282 272 mn.
1325 236 1391 273 ιι.
1799 227 1906 282 527

86 350 324 419 Jamque
347 351 448 404 iter
471 351 526 401 in
553 353 755 416 gremio
780 355 938 419 pacis
962 356 1186 408 solenne
1211 357 1482 425 parabant

88 435 180 487 Ad
204 452 406 498 murm,
433 432 671 502 Ancyra,
697 442 838 499 tuOS‚
867 445 1091 491 auctore
1113 446 1386 508 repertum

89 519 375 587 Eutropio,
404 520 583 586 pelagi
608 536 674 570 ne
703 521 870 573 taedia
894 523 1056 590 longa
1083 526 1345 587 subirent,
1749 570 1757 577 .

88 603 198 654 Sed
224 619 362 670 vaga
385 604 615 655 lascivis
640 604 827 656 flueret
851 607 1191 660 discursibus
1218 614 1379 660 aetas.
1805 612 1909 663 100

90 686 248 738 Unde
271 691 449 739 tamen
471 691 628 739 tanta
652 689 914 742 sublimes
939 692 1083 743 mole
1108 692 1382 755 redibant,

87 768 206 822 Ceu
234 770 445 823 vinctos
470 773 739 824 traherent
768 772 994 837 Medos,
1023 775 1330 843 Indumque
1355 776 1642 828 bibissent.

159 853 308 907 Ecce
335 861 518 908 autem
542 855 700 909 flavis
726 857 1008 910 Gradivus
1035 859 1104 910 ab
1130 876 1308 927 usque
1335 859 1565 912 Gelonis

86 937 240 992 Arva
267 945 548 992 cruentato
573 943 852 1008 repetebat
877 942 1119 995 Thracia
1143 959 1324 995 curru.

82 1079 305 1118 redeuntem
342 1077 522 1126 Favonii,
549 1081 588 1116 et
621 1078 801 1125 germina
828 1078 1037 1118 trudebant
1057 1079 1183 1129 fiores
1204 1081 1365 1130 primos.
1421 1081 1587 1130 Jamque
1621 1082 1662 1120 in
1688 1081 1775 1121 sinu
1801 1083 1912 1134 pacis

84 1131 336 1181 accingebant
367 1130 510 1170 facere
530 1132 634 1170 viam
651 1132 843 1171 solennem
861 1133 912 1170 ad
943 1132 1082 1171 moenia
1111 1137 1194 1183 tua,
1212 1145 1237 1171 o
1257 1133 1431 1187 Ancyra,
1448 1133 1559 1172 viam
1581 1135 1840 1184 excogitatam
1859 1136 1912 1175 ab

87 1185 279 1235 Eutropio
298 1185 509 1235 inventore,
538 1196 587 1223 ne
605 1183 780 1230 fastidia
813 1185 929 1235 longa
960 1187 1082 1224 maris
1100 1186 1440 1235 incommodarent‚
1468 1188 1534 1224 sed
1552 1190 1668 1225 oestas
1685 1188 1913 1237 vagabunda

84 1238 298 1277 elaberetur
315 1237 593 1277 mutationibus
607 1237 767 1287 gratis.-
794 1239 893 1276 unde
910 1241 1040 1277 tamen
1056 1239 1351 1278 revertebantur
1382 1239 1536 1290 superbi
1567 1243 1678 1279 tanto
1706 1245 1912 1291 apparatu,

86 1291 197 1343 quasi
232 1293 464 1330 adducerent
500 1291 640 1330 Medos
674 1291 859 1342 captivos,
893 1296 933 1331 et
965 1292 1232 1332 exhausissent
1254 1293 1410 1331 Indum.
1466 1293 1569 1331 Eece
1587 1297 1718 1333 autem
1734 1295 1849 1335 Mars
1867 1296 1915 1334 ab

84 1357 203 1397 usque
242 1345 401 1384 Gelonis
414 1345 670 1397 flaventibuS,
706 1345 861 1385 redibat
897 1345 939 1384 in
972 1358 1088 1396 agros
1135 1347 1330 1396 Thracioe,
1367 1350 1498 1386 rectus
1534 1359 1650 1386 curru
1684 1348 1914 1398 sanguineo.
1957 1386 1965 1395 ,

852 1437 1144 1452 eeeeeeeeee

87 1491 209 1533 Leid.
225 1504 288 1543 pr.
309 1496 354 1531 et
375 1491 683 1544 septemdecim
714 1491 803 1541 alii,
824 1497 869 1530 et
894 1489 960 1530 ed.
979 1490 1121 1531 Vicet.
1163 1491 1341 1541 germina
1361 1493 1425 1532 vel
1437 1493 1620 1541 gramina
1636 1493 1845 1533 Fun—97
1874 1494 1916 1532 in

85 1545 200 1596 genio
213 1546 382 1586 Tholos.
426 1558 445 1585 e
461 1545 613 1596 gremio
631 1545 731 1585 vat.
753 1557 812 1596 pr.
831 1545 965 1584 oisel.
1002 1546 1141 1596 paucis
1173 1553 1256 1586 vet.
1290 1547 1395 1598 Gyr.
1431 1546 1549 1585 Leid.
1572 1559 1656 1586 sec.
1672 1559 1728 1585 m.
1751 1559 1812 1597 pr.
1833 1547 1915 1585 Bo-

87 1611 187 1638 non.
205 1600 372 1639 Tholas.
393 1599 514 1638 Med.
535 1604 672 1651 quart.
694 1600 798 1638 Exc.
821 1598 1003 1637 Lucem.
1021 1604 1216 1639 sem—98
1243 1600 1403 1652 Ancyra
1438 1601 1538 1639 Vat.
1580 1612 1643 1650 pr.
1682 1605 1768 1638 vet.
1807 1600 1914 1650 Gyr.

90 1653 195 1692 Exc.
234 1653 415 1692 Lux-ens.
448 1665 534 1692 soc.
577 1652 759 1703 Ancyrra
795 1651 914 1691 Med.
950 1657 1050 1691 tert.
1099 1653 1256 1704 Ansyra
1276 1654 1381 1692 Exc.
1403 1653 1508 1693 Cod.
1531 1653 1679 1693 Rbem.
1726 1653 1915 1703 Amphisa

88 1705 191 1747 Jun.
210 1717 276 1756 pr.
318 1706 496 1757 Anphira
515 1704 635 1745 Leid.
653 1717 715 1755 pr.
737 1706 835 1744 Put.
853 1706 1017 1744 Thuan.
1038 1706 1199 1747 Mazar.
1215 1708 1313 1746 Var.
1330 1708 1416 1746 LL.
1435 1719 1458 1745 e
1472 1719 1604 1757 marg.
1625 1706 1769 1745 Parni.
1814 1708 1909 1745 Am-

84 1758 202 1810 phira
224 1759 344 1798 Leid.
364 1764 506 1798 semet
524 1758 675 1809 viginti
694 1758 882 1809 quinque
903 1758 1038 1797 Codd.
1054 1759 1158 1798 Exc.
1179 1760 1357 1799 Gevart.
1398 1760 1539 1811 Anfira
1560 1760 1693 1799 Oisel.
1737 1759 1913 1811 Amphy-

88 1824 135 1851 ra
151 1813 252 1851 Var.
272 1813 354 1850 LL.
375 1811 444 1850 ed.
462 1811 590 1850 Antv.
635 1814 766 1850 actore
802 1811 922 1851 Leid.
951 1823 1038 1851 see.
1070 1811 1154 1851 duo
1186 1813 1302 1852 Vatt.
1332 1819 1377 1852 et
1403 1814 1522 1852 Med.
1545 1813 1639 1851 Pal.
1658 1813 1741 1850 inc.
1762 1812 1914 1856 Heius.

89 1864 175 1904 duo
196 1865 349 1903 PetaV.
369 1868 414 1903 et
434 1862 583 1903 Ambr.
606 1865 774 1905 Bonon.
794 1864 965 1902 Tholos.
988 1865 1093 1902 Lov.
1125 1866 1284 1906 Moret.
1305 1878 1387 1905 sec.
1411 1866 1554 1904 Oxou.
1577 1877 1661 1904 see.
1694 1866 1795 1904 Var.
1828 1866 1914 1905 LL.

90 1930 115 1957 e
130 1929 262 1967 marg.
283 1918 428 1956 Parm.
447 1922 492 1956 et
512 1916 580 1957 ed.
598 1916 859 1956 Antv.—-100
887 1915 1121 1954 discursibus
1139 1918 1274 1957 Oisel.
1319 1918 1541 1957 decursibus
1568 1918 1693 1957 Farn.
1725 1919 1915 1958 Florent.

89 1971 243 2011 Petav.
263 1982 348 2010 sec.
387 1974 484 2009 aetas
502 1974 685 2021 quatuor
702 1971 824 2008 Vatt.
846 1969 941 2009 Pal.
957 1969 1083 2008 Farn.
1103 1970 1220 2011 Prie.
1237 1971 1338 2010 Put.
1358 1971 1455 2009 Pat.
1483 1971 1651 2009 Tholos.
1697 1974 1814 2009 cestus
1831 1971 1916 2011 duo

90 2024 212 2065 Leia.
231 2036 327 2063 cum
356 2023 584 2062 duodecim
605 2023 712 2071 aliis,
730 2024 837 2062 Exc.
860 2023 1039 2062 Gevart.
1064 2023 1241 2062 Lucens.
1262 2036 1328 2073 pr.
1348 2024 1416 2065 ed.
1436 2024 1577 2062 Parm.
1593 2029 1638 2062 et
1655 2023 1795 2063 Vicet.
1815 2025 1917 2064 Var.

90 2077 177 2117 LL.
192 2077 259 2117 ed.
277 2076 409 2116 Antv,
455 2080 552 2115 oetas
570 2076 636 2116 vel
654 2080 760 2115 aestae
777 2077 877 2115 Vat.
896 2088 960 2126 pr.
982 2077 1101 2114 Rott.
1125 2076 1232 2128 Reg.
1259 2078 1412 2117 PetaV.
1435 2082 1534 2116 tert.
1556 2078 1793 2116 Lov.——101
1825 2078 1919 2115 mole

89 2131 193 2170 Vat.
213 2143 277 2182 pr.
297 2138 340 2170 et
361 2142 446 2170 sec.
466 2131 583 2170 Prie.
605 2130 724 2169 Rott.
745 2130 827 2168 duo
863 2128 1016 2168 Leidd.
1054 2129 1197 2168 Oxon.
1233 2142 1319 2170 sec.
1341 2131 1425 2169 inc.
1449 2131 1596 2169 Heins.
1623 2131 1723 2169 Put.
1754 2131 1917 2170 Mazar.

93 2189 181 2224 tres
198 2185 351 2224 Petav.
369 2190 550 2236 quatuor
568 2183 687 2223 Med.
720 2184 886 2222 Bonon.
907 2183 1002 2222 Pat.
1021 2183 1189 2222 Tholas·
1209 2185 1312 2224 Lov.
1333 2190 1420 2223 tres
1441 2183 1591 2222 Ambr.
1613 2185 1718 2223 Exc.
1739 2183 1918 2224 Gevart.

91 2237 201 2277 Laeti
219 2242 263 2276 et
281 2239 461 2277 Lucens.
478 2249 560 2278 sec.
575 2238 678 2277 Var.
696 2237 781 2276 LL.
802 2248 826 2275 e
846 2248 981 2288 marg.
1003 2237 1146 2276 Pau-m.
1165 2236 1263 2278 And.
1285 2238 1387 2276 item
1408 2237 1510 2278 Var.
1530 2237 1596 2276 ed.
1626 2237 1760 2277 Antv.
1806 2238 1916 2275 laude

90 2292 191 2331 Vat.
213 2296 316 2331 tert.
333 2292 457 2333 Farn.
503 2291 600 2330 mole
619 2290 687 2330 vel
706 2291 820 2329 laude
840 2290 945 2334 Reg.
986 2290 1160 2330 redirent
1180 2291 1333 2331 Petav.
1354 2296 1456 2331 tert.
1475 2304 1532 2330 m.
1550 2293 1772 2330 sec.—102
1799 2290 1921 2329 victos

91 2349 180 2384 tres
199 2344 322 2385 Vatt.
342 2345 436 2383 Pal.
459 2344 576 2383 Med.
605 2356 667 2395 pr.
686 2344 852 2383 Thoan.
885 2344 1046 2382 Moret.
1068 2356 1155 2383 sec.
1172 2344 1237 2384 ed.
1258 2345 1403 2384 Vicet.
1448 2345 1596 2383 vinctos
1615 2345 1719 2383 Exc.
1739 2345 1918 2383 Lucens.

92 2409 156 2448 pr.
202 2398 323 2438 victos
341 2399 408 2437 vel
425 2397 574 2436 vinctos
595 2399 700 2447 fleg.
744 2397 899 2436 Medios
918 2397 1057 2436 Oxon.
1077 2409 1161 2436 sec·
1208 2398 1419 2448 Indumque
1439 2399 1538 2437 Vat.
1560 2410 1622 2447 pr.
1654 2398 1737 2435 inc.
1768 2395 1918 2435 Heius.

91 2451 199 2502 ch.
218 2451 302 2491 duo
340 2451 493 2491 Petav.
524 2451 628 2490 Exc.
661 2451 770 2489 Laeti
805 2456 851 2489 et
888 2451 1070 2490 Lucens.
1097 2462 1160 2499 pr.
1205 2451 1394 2500 Indosque
1413 2450 1530 2488 Med.
1553 2455 1650 2489 tert.
1694 2449 1920 2498 Tigrimque

91 2504 250 2544 Moret.
272 2516 335 2555 pr.
379 2504 588 2554 Nilumque
609 2503 725 2543 Leid.
745 2515 809 2553 pr.
833 2503 932 2541 Vat.
952 2514 1040 2541 sec.
1076 2503 1171 2542 Pal.
1192 2503 1275 2541 duo
1306 2502 1422 2542 Med.
1449 2503 1609 2541 Thuan.
1635 2501 1736 2540 Put.
1757 2513 1811 2539 m.
1832 2512 1917 2541 sec.

88 2556 258 2596 Thalos.
289 2557 373 2595 duo
402 2555 548 2595 Ambr.
579 2558 678 2597 Jun.
707 2568 771 2606 pr.
801 2556 960 2594 Moret.
982 2554 1149 2595 sec.ed.
1168 2556 1308 2594 Vicet.
1357 2556 1568 2605 Indumque
1596 2555 1663 2593 vel
1703 2555 1916 2604 Nilumque

93 2609 196 2651 Lov.
250 2609 440 2648 subissent
475 2610 744 2649 Oisel.-—103
791 2610 960 2658 adusque
990 2608 1096 2659 Reg.
1129 2608 1230 2649 Jun.
1261 2611 1459 2659 pr.—104
1488 2607 1711 2659 repetebant
1730 2608 1828 2647 Vat.
1850 2618 1918 2658 pr.

100 2793 107 2797 “’
129 2789 199 2825 97
229 2785 411 2837 Solenne]
443 2784 568 2827 Quod
587 2783 638 2825 fit
653 2784 827 2836 singulis
840 2784 974 2824 annis.
1042 2781 1212 2823 flueret.

95 2849 221 2889 Unde
242 2862 264 2888 a
280 2848 528 2901 quibusdam
543 2848 711 2899 solenne,
725 2847 845 2900 quasi
862 2846 975 2900 quod
1095 2850 1148 2885 99
1177 2846 1319 2896 Pelagi
1335 2846 1475 2898 taedia]
1517 2847 1585 2886 Ne
1616 2848 1732 2885 mare
1762 2845 1919 2886 incom-

98 2914 149 2955 fit
167 2902 254 2955 solo
271 2927 394 2955 anno.
1041 2909 1210 2948 modum
1231 2908 1345 2950 foret
1365 2910 1733 2961 Constantinopoli
1750 2921 1921 2949 manen-

152 2983 205 3018 98
220 2978 398 3030 Ancyra]
412 2980 521 3018 Duae
534 2983 633 3017 sunt
649 2977 853 3028 Ancyrae,
870 2978 975 3016 alte·
1043 2973 1167 3012 tibus.

95 3040 200 3080 rain
216 3041 404 3092 Phrygia
419 3054 430 3090 ;
445 3041 579 3080 altera
596 3039 638 3079 in
654 3039 842 3090 Galatia,
858 3039 976 3078 dicta
1098 3040 1176 3076 100
1211 3037 1321 3087 Vaga
1357 3035 1472 3086 oetas]
1517 3037 1626 3078 Quae
1658 3035 1777 3074 velut
1795 3046 1921 3086 vaga-

97 3103 274 3155 Ancyra
308 3103 362 3142 ab
402 3104 596 3143 anchoris
634 3102 804 3142 navium
839 3115 864 3140 a
893 3102 976 3141 Mi-
1042 3101 1187 3141 hunda
1203 3107 1287 3152 est,
1307 3101 1408 3141 dum
1428 3101 1534 3141 alius
1555 3106 1599 3140 et
1617 3101 1723 3139 alius
1741 3098 1920 3139 subinde

100 3166 291 3206 thridate
311 3170 560 3216 captarum;
580 3164 743 3216 ἄγκυρα,
763 3165 946 3204 anchora.
1043 3164 1162 3203 locus
1181 3164 1385 3203 amoenior
1405 3168 1608 3202 mutatur.

141 3229 372 3279 Repertum]
386 3229 635 3280 Eutropius,
649 3228 895 3268 deliciarum
912 3241 976 3267 ar·
1099 3230 1174 3266 103
1207 3226 1385 3277 Gelonis]
1429 3226 1617 3266 Gelones
1650 3224 1716 3264 vel
1751 3221 1922 3270 Geloni,

98 3290 228 3340 tifex,
247 3297 397 3332 auctor
415 3291 512 3342 fuit,
531 3297 580 3331 ut
599 3292 834 3343 voluptatis
855 3302 979 3330 causa
1044 3290 1191 3342 populi
1223 3296 1322 3330 sunt
1349 3289 1564 3329 interioris
1583 3287 1787 3339 Scythiae,
1805 3286 1919 3337 iique

105 3353 148 3394 in
167 3355 272 3394 urbe
292 3354 467 3407 Ancyra
496 3360 621 3394 aestas
651 3359 874 3405 ageretur;
898 3353 979 3392 sic·
1046 3353 1255 3400 bellicosi,
1275 3353 1493 3404 Martique
1511 3351 1614 3391 cari.

101 3408 185 3469 que
249 3424 389 3467 aestas,
452 3419 515 3457 his
559 3418 678 3458 velut
714 3416 979 3456 'discursibus
1100 3419 1178 3455 104
1211 3416 1394 3467 Thracia]
1449 3414 1517 3454 Ibi
1561 3419 1686 3453 natus
1728 3409 1917 3451 creditur

101 3491 152 3520 ac
182 3480 485 3520 mutationibus
501 3481 637 3520 lenius
667 3480 981 3533 jucundiusque
1046 3481 1180 3532 Mars,
1199 3479 1254 3519 ob
1273 3478 1412 3531 gentis
1430 3475 1647 3517 ferociam.
