2300 3906
681 288 760 327 DE
798 287 882 327 v1.
921 288 1094 328 cous,
1134 289 1367 328 HONoR.
1827 278 1934 331 819

120 411 485 480 Aspicerem‘?
523 411 885 479 quisquamne
908 414 1018 481 piae
1041 414 1287 467 laetanda
1310 415 1519 482 parenti

120 494 393 547 Natorum
416 495 654 547 lamenta
677 498 869 562 putet?
910 496 1127 548 Periere
1152 498 1384 566 tyranni,

119 577 230 629 Sed
255 579 413 630 nobis
439 579 646 644 periere
670 584 870 631 tamen.
940 578 1079 632 Cum
1109 579 1334 633 Gallica
1353 581 1517 649 vulgo

119 661 324 713 Praelia
340 661 593 728 jactaret,
621 665 796 717 tacuit
817 665 1124 726 Pharsalia,
1151 663 1361 716 Caesar.

118 743 372 812 Namque
398 745 534 796 inter
560 748 742 799 socias
770 750 921 801 acies
947 734 1291 816 cognataque
1317 748 1473 816 signa

126 827 198 879 Ut
222 829 366 879 vinci
393 830 670 892 miserum,
697 849 971 900 nunquam
995 831 1200 884 vicisse
1226 832 1486 884 decorum
1510 837 1612 885 est.

118 911 395 964 Restituat
418 912 659 979 priscum
680 931 777 982 per
797 921 847 966 te
877 917 995 984 jam
1015 915 1191 982 gloria
1215 931 1422 967 morem

117 994 338 1058 Verior,
364 999 418 1047 et
442 994 675 1048 fructum
701 998 931 1051 sincerae
951 998 1131 1050 laudis
1154 1000 1224 1051 ab
1248 1000 1408 1052 hoste
1445 1004 1449 1007 “

1820 667 1928 718 400

116 1146 248 1185 dentes
261 1158 395 1184 cruore
425 1147 616 1186 Italorum
638 1146 658 1188 ζ)
708 1148 773 1187 An
802 1151 945 1201 aliquis
961 1152 1162 1192 existimet
1181 1153 1305 1204 fletus
1321 1152 1499 1205 filiorum
1517 1163 1610 1192 esse
1624 1156 1762 1202 gratos
1786 1149 1935 1194 matri?

117 1199 290 1260 Tyrqnni
308 1199 497 1246 obierunt,
524 1201 590 1239 sed
607 1201 783 1241 obierunt
802 1207 938 1242 'tamen
963 1217 1040 1255 pro
1071 1205 1191 1244 nobis.
1245 1205 1384 1246 Julius
1423 1206 1570 1255 Coesar,
1601 1218 1687 1244 cum
1716 1207 1935 1246 venditaret

112 1261 259 1303 passam
277 1251 374 1291 bella
407 1253 577 1302 Gallica,
611 1254 724 1293 siluit
756 1256 1000 1296 Pharsalica.
1059 1258 1215 1296 Etenim
1251 1258 1351 1296 sicut
1381 1258 1484 1296 inter
1515 1258 1708 1296 exercitus
1737 1263 1934 1308 cognatos,

115 1309 154 1343 et
188 1305 332 1344 vexilla
367 1311 532 1355 cognata
563 1306 780 1346 miserabile
808 1315 874 1347 est
903 1310 1093 1360 superari,
1119 1321 1314 1361 nunquam
1343 1310 1557 1358 gloriosum
1593 1314 1650 1348 est
1684 1312 1933 1361 superavisse.

0 1374 2 1385 ν
46 1400 53 1408 ,
118 1358 257 1398 Honor
272 1359 423 1407 Juseior
440 1372 540 1399 nunc
557 1365 712 1400 renovet
740 1373 812 1412 per
829 1365 869 1400 te
895 1362 1205 1402 consuetudinem
1235 1362 1448 1413 antiquam,
1466 1366 1503 1401 et
1538 1361 1641 1410 refer
1660 1363 1756 1402 mihi
1784 1363 1831 1402 ab
1850 1365 1935 1403 Ιιοε.

6 3179 7 3182 Ὗ
41 3208 48 3294 s

44 3300 50 3343 ἱ

6 3396 13 3436 ὶ
45 3345 54 3468 ιι
126 3398 181 3439 Id
215 3404 298 3452 est,
329 3402 545 3442 exereitus
563 3402 828 3454 conscriptos
857 3414 912 3442 ex
930 3414 1004 3454 pa-

49 3477 56 3565 ἵ

883 1491 1157 1507 “coaeter-te

114 1584 213 1625 Vat.
230 1598 294 1636 pr.
322 1595 377 1625 m2
407 1597 473 1637 prr.
517 1586 668 1625 cinctus
684 1591 761 1637 'pro
781 1597 916 1625 currus
947 1587 1029 1624 ine..
1052 1586 1338 1626 Heins.—39⁷
1371 1586 1615 1638 Respicerem
1647 1587 1750 1626 Put.
1785 1587 1932 1630 Ambr.

117 1648 183 1691 pr*-
210 1641 391 1679 lactanda
410 1651 486 1689 pro
504 1639 675 1678 loetanda
696 1639 839 1678 Oxon.
859 1637 945 1678 s‘ec.
974 1640 1166 1678 laudanda
1185 1637 1332 1679 Ambr.
1355 1645 1458 1679 tert.
1486 1641 1642 1679 laudata
1663 1641 1764 1679 Put.
1786 1640 1934 1683 Ambr.

116 1704 183 1743 pr.
215 1692 370 1732 Sched.
408 1692 521 1731 Gud.
562 1696 678 1743 putet
697 1691 810 1743 Reg.
838 1691 981 1731 Oxou.
1002 1704 1066 1742 pr.
1106 1695 1222 1742 putat
1241 1704 1386 1731 omnes
1406 1694 1527 1732 Vatt.
1548 1693 1641 1733 Pal.
1661 1694 1788 1732 Fam.
1819 1694 1937 1734 Prie.

115 1746 238 1786 Rott.
268 1745 405 1786 Oisel.
429 1746 580 1796 periere
597 1747 758 1797 tyranni
781 1744 878 1784 vat.
898 1757 962 1795 pr.
984 1744 1099 1784 Prie.
1119 1757 1175 1783 m.
1197 1757 1283 1783 sec.
1304 1746 1467 1785 Bonon.
1489 1747 1590 1784 Vat.
1613 1746 1751 1784 Livin.
1773 1747 1935 1787 Moret.

114 1810 200 1838 sec.
218 1798 358 1847 favere
377 1799 555 1850 tyrannis
575 1795 759 1850 quatuo?
791 1798 912 1837 Vatt.
931 1798 1025 1837 Pal.
1056 1799 1181 1837 Fam.
1202 1799 1322 1837 Rott.
1353 1799 1466 1838 Prie.
1487 1811 1540 1837 m.
1567 1802 1768 1849 pr.—399
1800 1799 1937 1838 Gallia

115 1852 219 1892 Put.
267 1864 362 1890 rura
384 1864 459 1902 pro
475 1853 591 1901 vulgo
610 1852 703 1890 Pal.
721 1851 842 1891 Med.
863 1862 928 1902 pr.
961 1852 1077 1900 vulgo
1098 1851 1164 1889 vel
1183 1864 1280 1890 rura
1306 1851 1422 1891 Med.
1445 1854 1680 1891 tem—400
1709 1851 1938 1892 Pharsalica

116 1905 223 1944 Exc.
253 1905 437 1944 Lucens.
468 1916 543 1954 vpr.
586 1904 796 1943 Phaffsalia
830 1909 1014 1955 quatuor
1046 1904 1168 1944 Vatt.
1200 1905 1327 1943 Farn.
1374 1904 1507 1944 Oisel.
1542 1903 1652 1942 Prie.
1699 1911 1784 1943 tres
1818 1905 1936 1945 Med.

116 1958 224 2009 Reg.
244 1957 410 1996 Mazar.
433 1956 580 1997 Ambr.
601 1969 665 2008 pr.
687 1957 783 1997 Pat.
807 1956 891 1995 duo
915 1956 1070 1996 Petav.
1095 1957 1199 1997 [ον.
1229 1957 1330 1997 Jun.
1350 1962 1395 1995 et
1424 1956 1563 1995 Oxon.
1586 1969 1650 2006 pr.
1671 1955 1754 1995 duo
1783 1957 1934 1996 Leidd.

116 2012 223 2051 Exc.
243 2010 412 2050 Schott.
430 2010 606 2050 Gevart.
641 2010 708 2049 ed.
724 2010 867 2049 Vicet.
887 2015 931 2048 et
957 2009 1236 2048 Parm.—401
1264 2009 1467 2060 vicinaque
1496 2010 1562 2048 vel
1582 2013 1817 2060 cognataque
1835 2011 1936 2049 Vat.

115 2068 216 2104 tert.
248 2068 294 2103 et
324 2075 410 2103 sec.
443 2075 499 2102 m.
521 2066 721 2114 pr.—-102
749 2062 930 2102 miserum
948 2065 1004 2100 est
1037 2063 1133 2101 Pat.
1164 2061 1313 2100 Ambr.
1347 2074 1430 2101 sec.
1471 2061 1528 2099 sic
1546 2066 1604 2100 est
1636 2073 1713 2112 pro
1746 2075 1938 2113 nunquam

116 2117 267 2157 Ambr.
287 2129 353 2167 pr.
384 2119 560 2156 decorum
576 2120 634 2155 est
653 2117 754 2155 Vat.
774 2120 874 2154 tert.
895 2115 989 2153 Pal.
1007 2114 1124 2154 Prie.
1140 2120 1228 2153 tres
1245 2114 1497 2153 Mem—403
1522 2114 1714 2153 Restituit
1733 2115 1830 2154 Vat.
1851 2127 1937 2154 sec.

116 2182 172 2210 m.
192 2182 259 2223 pr.
278 2171 384 2210 Exc.
403 2170 509 2211 Cod.
526 2170 674 2209 Rhem‘
698 2168 901 2208 Restituta
918 2167 1077 2208 Moret.
1098 2179 1161 2218 pr.
1184 2167 1265 2214 y'am
1276 2179 1350 2218 per
1366 2171 1405 2205 te
1421 2167 1522 2208 Put.
1543 2166 1690 2206 Ambr.
1712 2179 1776 2219 pr.
1803 2180 1939 2207 nomen

943 2287 1120 2329 No'rAE

118 2395 269 2448 quibus
289 2397 483 2445 omnibus
511 2396 633 2436 bellis
664 2395 784 2435 multi
811 2396 993 2435 Romani

119 2459 232 2498 cives
253 2460 430 2510 periere.

172 2527 252 2563 399
281 2524 361 2563 Sed
378 2524 506 2574 nobis]
553 2523 648 2563 Etsi
667 2522 839 2574 tyranni
859 2525 997 2572 eraut,

119 2590 242 2625 erant
276 2590 417 2624 tamen
451 2590 524 2624 aut
560 2586 692 2634 cives,
729 2590 802 2623 aut
840 2584 995 2622 civium

119 2648 338 2687 exercitus
383 2647 614 2697 habebant,
657 2646 730 2698 qui
776 2646 998 2698 perierunt

119 2708 255 2757 nobis,
275 2709 317 2748 id
335 2715 416 2760 est,
436 2714 581 2749 nostro
599 2708 764 2748 damno.

177 2771 334 2810 Gallica
362 2771 502 2822 proelia
520 2770 690 2820 jactaret
717 2770 871 2821 Coesar]
898 2770 996 2810 Suis

119 2833 433 2872 commentariis
471 2845 496 2871 a
530 2833 736 2874 Cicerone
771 2838 816 2872 et
851 2832 996 2872 Hirtio

120 2895 185 2935 its
208 2897 408 2936 laudatis.
834 2919 847 2929 ·

119 2967 126 2982 ³
174 2962 254 2999 400
285 2959 420 2999 Tacuit
435 2957 659 3010 Pharsalia]
693 2961 804 3011 Nam
833 2971 1001 3011 semper

122 3023 306 3063 tacenda
318 3028 382 3062 est
400 3023 543 3062 clades
565 3024 714 3062 civilis.
756 3025 767 3046 ‘
790 3025 999 3063 Lauream

121 3097 203 3126 nee
223 3087 404 3128 Senatus
423 3087 617 3139 cuiquam
639 3088 774 3138 dedit,
791 3100 871 3127 nec
891 3087 1000 3139 quis·

125 3160 250 3200 quam
283 3149 361 3188 sibi
396 3149 488 3189 dari
506 3150 777 3201 desideravit,
811 3150 1000 3190 civitatis

124 3217 246 3263 parte
275 3212 570 3264 lacrymante.'
625 3213 822 3253 Valerius
862 3212 1001 3252 Maxi-

125 3285 232 3315 mus.

179 3340 258 3377 491
287 3334 422 3378 Sucina
451 3341 553 3378 acies
583 3343 820 3389 cognataque
866 3337 1002 3389 signa]

1063 2393 1198 2434 tribus
1234 2397 1384 2433 contra
1410 2391 1534 2440 filios,
1564 2403 1617 2430 ex
1649 2390 1748 2430 filiis
1785 2396 1940 2430 contra

1061 2461 1222 2509 patres,
1249 2468 1302 2495 ex
1318 2454 1569 2494 fratribusin
1586 2451 1759 2503 fratres,
1790 2454 1936 2504 quales

1062 2524 1163 2559 sunt
1195 2519 1342 2558 civiles
1370 2517 1600 2568 exercitus,
1628 2516 1809 2568 ideoque
1839 2529 1937 2568 cog-

1062 2582 1166 2622 nati.

1114 2634 1196 2684 '402
1238 2644 1448 2694 Nunquam
1482 2643 1619 2682 vicisse
1648 2643 1826 2682 decorum
1862 2643 1939 2694 est]

1062 2708 1202 2747 Testis
1238 2707 1359 2746 miles
1408 2706 1481 2745 ille
1522 2706 1826 2757 Pompeianus,
1867 2708 1938 2759 qui

1065 2782 1160 2810 cum
1197 2774 1326 2809 oestro
1362 2768 1522 2808 bellico
1561 2768 1764 2819 abreptus
1795 2770 1938 2809 Serto-

1064 2834 1228 2872 rianum
1242 2832 1418 2871 militem
1433 2830 1677 2879 occidisset,
1695 2830 1939 2881 spoliatum·

1067 2909 1148 2949 que
1184 2895 1363 2935 fratrem
1403 2906 1525 2934 suum
1557 2905 1649 2932 esse
1681 2894 1940 2945 agnovisset,

1066 2958 1245 2998 ‘eodem
1278 2957 1434 3009 gladio,
1462 2956 1684 3008 quoillum
1715 2956 1941 2995 intereme-

1066 3026 1150 3070 rat,
1194 3025 1343 3072 pectus
1389 3031 1511 3058 suum
1550 3017 1942 3058 transverberavit!

1066 3083 1258 3122 Valerius
1271 3081 1502 3121 Maximus.
1639 3080 1648 3090 ’
1931 3106 1935 3109 -

1119 3148 1198 3185 403
1230 3142 1450 3194 Restituunt]
1506 3140 1652 3183 Gloria
1684 3142 1840 3194 justior
1875 3155 1941 3182 re-

1067 3210 1219 3249 stituat
1255 3208 1441 3259 priscum
1474 3218 1635 3246 morem
1673 3207 1808 3247 laudis
1829 3219 1941 3259 quae-

1068 3272 1228 3323 rendae,
1246 3270 1474 3323 pugnando
1493 3275 1644 3312 contra
1667 3270 1826 3320 hostes,
1857 3281 1939 3310 uou

1069 3340 1218 3376 contra
1238 3335 1363 3376 cives.
1933 3352 1935 3354 ·
