2300 3906
296 171 404 229 600
868 182 965 220 01..
1005 178 1355 220 anumAm
1398 178 1539 219 xxr.

297 301 477 370 Regia
501 302 786 354 Romanus
811 299 1067 367 disquirit
1091 297 1319 350 crimina
1342 313 1543 351 carcer.
1613 350 1619 360 ,
2009 296 2119 350 240

298 388 671 439 Marcomeres
700 386 998 451 Sonnoque
1024 383 1223 435 docent
1250 400 1263 434 :
1299 399 1531 450 quorum
1559 383 1692 435 alter
1718 382 2011 435 Etruscum

297 471 528 524 Pertulit
552 471 774 522 exilium
795 485 809 534 3
849 484 976 519 cum
1002 485 1062 521 se
1086 468 1426 536 promitteret
1451 469 1587 521 alter

297 553 495 607 Exulis
521 554 767 617 ultorem,
787 552 972 621 jacuit
996 567 1253 604 mucrone
1280 567 1502 603 suorum
1529 569 1542 604 :

294 636 415 690 Res
440 637 591 690 avidi
616 639 832 688 concire
855 652 1047 698 novaS,
1075 635 1315 703 odioque
1334 635 1580 687 furentes

297 722 486 785 Pacis,
513 727 569 773 et
593 722 810 788 ingenio
835 722 1207 788 scelerumque
1235 721 1497 789 cupidine
1524 720 1736 772 fratres.
2015 719 2126 770 245

299 804 437 858 Post
460 805 698 857 domitas
724 804 928 857 Arctos
954 807 1065 857 alio
1091 807 1399 874 prorumpit
1424 807 1495 857 ab
1522 821 1629 856 axe

299 891 628 957 Tempestas
649 907 663 954 ;
690 893 760 951 et,
786 906 858 943 ne
883 906 996 956 qua
1017 892 1129 941 tuis
1153 892 1364 942 intacta
1388 890 1624 954 tropaeis

301 974 445 1026 Pars
466 973 625 1034 foret,
654 971 930 1022 Australis
956 973 1144 1023 sonuit
1163 973 1314 1023 tuba.
1393 971 1653 1022 Moverat
1678 986 1860 1024 amens

301 1121 381 1160 lera
401 1121 567 1169 Regum.
625 1118 887 1158 Marcomeres
911 1123 950 1158 et
982 1119 1109 1158 Sanno
1129 1118 1173 1158 id
1191 1123 1416 1164 testantur;
1448 1132 1608 1170 quorum
1628 1120 1730 1159 alter
1744 1132 1881 1170 passus
1898 1122 1954 1159 est
1969 1119 2132 1159 exilium

300 1175 345 1213 in
386 1173 567 1222 Thu-scia,
595 1176 633 1211 et
654 1174 754 1210 alter
780 1184 865 1210 cum
882 1174 1084 1223 sponderet
1114 1185 1154 1211 se
1170 1173 1362 1212 vindicem
1379 1172 1468 1211 fore
1485 1173 1627 1224 exulis,
1638 1173 1790 1212 occisus
1807 1178 1865 1212 est
1881 1173 2030 1223 gladiis
2046 1184 2132 1211 suo-

300 1240 400 1267 rum.
456 1226 526 1265 llli
565 1225 689 1264 ambo
724 1225 856 1275 cupidi
889 1232 1014 1265 erant
1047 1227 1180 1264 moliri
1208 1239 1270 1265 res
1301 1238 1430 1276 novas,
1457 1230 1496 1265 et
1526 1231 1730 1266 saevientes
1747 1227 1833 1266 odio
1851 1227 1974 1278 pacis,
1991 1230 2031 1266 et
2038 1225 2132 1274 fra·

302 1285 384 1320 tres
401 1280 527 1318 indole
541 1283 580 1317 et
598 1278 812 1329 cupiditate
839 1279 1061 1318 criminum.
1136 1280 1233 1318 Post
1263 1278 1589 1329 septemtrionem
1615 1280 1830 1329 subactum,
1847 1281 2014 1331 procella
2032 1279 2132 1319 belli

304 1334 472 1385 erumpit
508 1332 556 1371 ab
583 1333 706 1371 altero
726 1334 898 1383 cardine,
927 1337 964 1371 et
991 1345 1039 1371 ne
1065 1345 1139 1383 qua
1166 1333 1275 1383 regio
1291 1335 1482 1372 inaccessa
1502 1333 1676 1373 victoriis
1693 1334 1773 1372 tuis
1798 1333 2134 1385 remaneremmc-

1068 1427 1190 1440 ‘OON
1194 1427 1362 1441 00000

305 1490 550 1528 rent—240
578 1486 769 1526 Romanis
801 1486 866 1526 ed.
903 1486 1047 1526 Vicet.
1092 1486 1262 1537 dequirz't
1295 1488 1453 1526 Moret.
1483 1499 1566 1526 sec.
1613 1489 1823 1538 descrepsit
1853 1487 1974 1527 Med.
1994 1491 2135 1539 quart.

303 1542 492 1581 discurrit
510 1542 610 1580 Vat.
629 1552 692 1591 pr.
714 1541 833 1579 Rott.
852 1540 972 1579 Prie.
994 1539 1114 1578 Med.
1133 1552 1218 1578 sec.
1236 1540 1319 1579 inc.
1341 1540 1492 1579 Heius.
1525 1541 1626 1580 Put.
1642 1540 1794 1580 Petav.
1809 1552 1896 1579 sec.
1923 1541 2028 1579 Lov.
2050 1540 2136 1579 duo

306 1595 457 1634 Ambr.
503 1594 660 1633 nomina
678 1594 772 1632 Pal.
805 1593 965 1632 Thuan.
1009 1593 1168 1631 nomina
1192 1593 1261 1631 vel
1279 1593 1446 1633 crimina
1466 1594 1582 1633 Med.
1614 1597 1813 1644 pr.-—24l
1846 1593 2136 1633 Marclwmares

306 1649 466 1687 Moret.
489 1659 577 1686 sec.
626 1647 893 1685 Marcomares
921 1645 1040 1685 Leid.
1063 1657 1126 1696 pr.
1159 1644 1309 1685 Ambr.
1331 1658 1415 1686 sec.
1437 1645 1555 1685 Med.
1576 1651 1680 1687 tert.
1700 1646 1802 1686 Put.
1823 1646 1923 1685 Pat.
1947 1645 2032 1685 duo
2051 1646 2137 1686 Pe-

307 1707 396 1740 tav.
419 1700 527 1738 Exc.
549 1701 729 1739 Lucens.
797 1710 830 1738 r.
866 1698 934 1737 ed.
966 1699 1105 1737 vicet.
1150 1699 1421 1738 Marcomanes
1440 1700 1559 1738 Rott.
1590 1699 1751 1739 Moret.
1781 1711 1846 1751 pr.
1876 1699 1962 1738 inc.
1985 1699 2137 1740 Heius.

308 1754 412 1793 Lov.
430 1754 536 1791 Exc.
558 1752 684 1791 Laeti.
783 1764 997 1790 arc-omenes
1011 1752 1111 1791 Vat.
1134 1758 1276 1803 quart.
1299 1752 1390 1792 Pal.
1423 1752 1543 1792 Med.
1563 1764 1648 1792 sec.
1668 1752 1824 1793 Petav.
1844 1765 1910 1804 pr.
1925 1753 2029 1792 Var.
2050 1752 2138 1793 LL.

306 1818 477 1856 emarg.
496 1805 643 1844 Parm.
688 1805 946 1844 Marcometes
981 1805 1147 1844 Bonon.
1197 1806 1461 1845 Marcomeres
1493 1806 1593 1845 Vat.
1626 1818 1691 1856 pr.
1721 1812 1766 1845 et
1786 1811 1886 1846 tert.
1908 1806 2138 1846 Pric.Flo-

308 1865 420 1900 rent.
436 1858 555 1898 Med.
575 1870 641 1910 pr.
662 1858 769 1909 Reg.
789 1859 954 1897 Thuan.
975 1859 1140 1898 Mazar.
1157 1858 1328 1898 Tholos.
1362 1857 1512 1899 Ambr.
1532 1871 1596 1911 pr.
1619 1860 1727 1898 Exe.
1748 1859 1929 1911 Gevart.
1977 1860 2140 1899 Marca-

306 1925 439 1952 manes
473 1913 598 1951 Farn.
646 1912 916 1962 Marcomyrus
944 1912 1051 1950 Exc.
1085 1911 1212 1950 Laeti.
1255 1913 1546 1952 Marthomenes
1582 1912 1651 1951 vel
1692 1913 1976 1952 Marthometes
2017 1912 2136 1951 Med.

309 1972 450 2018 quart.
475 1964 673 2003 Heinsius
694 1976 810 2016 seqq.
832 1970 1071 2003 notaverat.
1101 1967 1113 1986 ‘
1131 1963 1260 2016 Apud
1288 1965 1508 2005 Victorem
1533 1966 1575 2004 in
1613 1965 1823 2004 Antonini
1853 1965 1943 2005 vita
1976 1965 2139 2005 mentio

307 2020 357 2059 fit
377 2017 637 2058 Mar-comari
664 2017 793 2067 Regis
815 2017 1228 2056 Marcomannorum.
1262 2017 1353 2069 ejus
1391 2019 1508 2058 locus
1527 2023 1595 2058 est
1613 2019 1726 2070 apud
1748 2017 1929 2058 Casaub.
1950 2018 2005 2058 ad
2022 2018 2140 2059 Hist.

307 2071 421 2123 Aug.
437 2083 534 2122 pag.
554 2070 635 2109 74)
679 2069 880 2122 Suenoque
912 2071 1016 2109 Vat.
1036 2082 1123 2109 sec.
1155 2070 1238 2108 inc.
1271 2071 1423 2110 Heius.
1442 2071 1593 2112 Ambr.
1615 2084 1700 2112 sec.
1720 2072 1788 2113 ed.
1809 2072 1956 2112 Parm.
1989 2071 2143 2112 Sunno-

335 2137 382 2165 ue
398 2125 504 2164 Exc.
528 2125 709 2163 Lucens.
731 2134 798 2174 pr.
840 2122 1037 2174 Sunioque
1055 2122 1205 2163 Ambr.
1225 2128 1330 2166 tert.
1376 2124 1607 2176 Summaque
1642 2125 1758 2165 Leid.
1796 2137 1860 2177 pr.
1894 2125 2016 2166 Med.
2039 2131 2142 2168 tert.

310 2176 1593 2283 12.afflig?ffae3?t¹a3322333‘²1»}³55?·ss2.edaumii}
1609 2178 1735 2272 1323ss:
1762 2179 2142 2274 2¹1zss-itt3‘31332‘1

311 2284 475 2323 Mazar.
506 2284 675 2324 Tholas
704 2283 864 2322 Moret.
900 2295 966 2334 pr.
994 2283 1079 2322 duo
1117 2284 1258 2323 Oxon.
1306 2284 1519 2336 Somnoque
1548 2285 1699 2325 Ambr.
1738 2298 1804 2337 pr.
1838 2287 2006 2327 Bonon.
2038 2287 2140 2328 Pat.

311 2336 463 2377 Petav.
484 2349 571 2376 sec.
617 2338 816 2387 Sopnoque
835 2336 954 2376 Med.
975 2342 1115 2387 quart.
1162 2336 1401 2389 sompnoque
1427 2339 1497 2378 vel
1525 2338 1723 2391 Suenoque
1759 2340 1867 2379 Lov.
1914 2340 2143 2392 Sannonque

313 2392 420 2430 Exc.
441 2390 551 2429 Laeti
572 2402 629 2428 m.
651 2402 740 2429 sec.
757 2390 862 2428 item
882 2389 1074 2439 Sensoque
1093 2391 1162 2428 vel
1185 2390 1384 2443 Onnoque.
1420 2392 1648 2443 Fliniusque
1666 2393 1735 2431 vel
1764 2392 1968 2444 Sonnoque
1983 2393 2145 2433 Moret.

309 2456 395 2484 sec.
421 2444 529 2483 docet
549 2442 653 2482 Put.
674 2443 782 2493 Reg.
803 2443 900 2482 Pat.
920 2443 1085 2482 Tholos.
1113 2443 1197 2483 duo
1215 2444 1370 2484 Petav.
1390 2450 1438 2484 et
1465 2444 1616 2485 Ambr.
1658 2447 1795 2485 docent
1813 2446 1935 2486 Leid.
1953 2459 2019 2499 pr.
2041 2447 2142 2486 Vat-

312 2497 445 2550 quint.
476 2496 571 2535 Pal.
607 2496 734 2535 Fam.
776 2494 896 2535 Prie.
925 2494 1026 2534 Ald.
1064 2497 1171 2537 Exc.
1215 2497 1327 2536 Laeti
1355 2503 1399 2537 et
1437 2498 1615 2539 Gevart.
1658 2500 1851 2539 Etruscus
1879 2500 1982 2540 Vat.
2018 2511 2144 2551 pre—-

310 2554 391 2590 242
419 2550 611 2590 auxilium
639 2548 760 2589 Med.
802 2561 860 2588 m.
899 2552 1100 2599 {in—243
1128 2553 1323 2589 auctorem
1348 2551 1655 2592 Tholos.—-244
1683 2552 1818 2592 avidas
1851 2553 1954 2594 Vat.
1999 2557 2142 2605 quart.

308 2604 436 2644 Farn.
458 2603 570 2642 Prie.
609 2602 782 2649 conferre
813 2602 915 2643 Put.
959 2603 1111 2642 concire
1139 2602 1295 2643 PetaV.
1315 2616 1380 2656 pr.
1400 2605 1507 2646 Exc.
1534 2605 1702 2645 Schott.
1753 2605 1924 2646 conscire
1959 2611 2144 2657 quatuor

311 2658 433 2697 Vatt.
452 2656 548 2696 Pal.
567 2656 687 2695 Pric-
707 2655 841 2696 Oisel.
861 2656 969 2695 Exc.
997 2656 1110 2696 Laeti
1137 2661 1183 2696 et
1215 2658 1318 2696 Var.
1354 2659 1441 2698 LL.
1476 2658 1546 2698 ed.
1580 2658 1713 2699 Antv.
1750 2658 1935 2708 fruentes
1967 2660 2145 2700 Rott.—

314 2713 393 2750 245
422 2709 608 2760 celerique
635 2709 703 2748 ed.
733 2709 879 2748 Vicet.
923 2709 1182 2760 scelerumque
1216 2711 1286 2750 vel
1322 2712 1510 2762 celerique
1542 2712 1648 2751 Exc.
1687 2712 1953 2752 Laeti.-—246
1980 2713 2147 2757 domitos

314 2765 424 2804 Exc.
444 2763 626 2803 Gevart.
671 2762 816 2802 Arctos
850 2762 954 2801 Vat.
987 2775 1055 2814 pr.
1097 2774 1205 2802 arces
1234 2762 1336 2803 Pat.
1377 2763 1500 2815 Alpes
1536 2765 1633 2803 Vat.
1673 2777 1761 2804 sec.
1792 2765 1888 2805 Pal.
1918 2766 2040 2806 Med.
2080 2779 2143 2818 pr.

314 2817 478 2857 Thuan.
524 2816 645 2867 Alpes
662 2816 731 2855 vel
750 2815 894 2855 Arctos
928 2816 1032 2856 Lov.
1074 2817 1292 2867 prorumpit
1326 2815 1410 2856 duo
1444 2817 1563 2856 Vatt.
1598 2818 1780 2857 totidem
1797 2818 1918 2860 Med.
1960 2820 2144 2871 prorupit
2204 2814 2209 2817 ¹

316 2875 404 2911 tres
423 2872 546 2911 Vatt.
568 2871 662 2911 Pal.
695 2869 813 2911 Prie.
834 2869 971 2909 Oisel.
992 2870 1183 2910 Florent.
1204 2869 1289 2910 duo
1308 2869 1459 2911 Medd.
1485 2871 1585 2911 Pat.
1606 2871 1689 2911 duo
1710 2872 1992 2913 Oxon.-—·248
2019 2885 2146 2913 move-

1146 2977 1322 3020 NOTAE

370 3070 451 3108 241
481 3067 756 3121 Marcomeres,
773 3068 922 3121 Sanno]
966 3072 1050 3111 Vel
1079 3073 1197 3112 Mar·
1263 3077 1347 3124 est,
1366 3071 1546 3124 feroces,
1562 3071 1826 3124 appellavit!
1865 3071 2070 3112 Heinsius
2089 3083 2145 3116 ex

319 3131 502 3176 comitas
530 3136 576 3172 et
599 3131 760 3183 Sanno,
782 3137 873 3172 tum
904 3140 1025 3174 erant
1052 3135 1198 3176 Gallo·
1265 3135 1476 3176 Chronico
1492 3134 1858 3175 Altissiodorensi.

321 3207 415 3239 tum
434 3193 606 3245 Reges3
643 3194 712 3233 vel
740 3206 828 3246 eos,
846 3196 1088 3249 priusquam
1107 3199 1199 3241 haec
1318 3201 1396 3238 245
1430 3198 1608 3249 Fratres]
1652 3198 1736 3239 Vel
1775 3209 1927 3239 revera
1971 3194 2148 3249 fratres,

319 3257 532 3307 scriberet
563 3256 839 3309 Claudianus,
866 3257 878 3279 ‘
895 3271 990 3299 cum
1009 3261 1201 3303 Valenti·
1265 3260 1336 3301 vel
1363 3271 1489 3312 pares
1509 3260 1755 3313 similesque
1771 3259 1816 3300 in
1832 3257 2043 3311 omnibuS,
2059 3256 2145 3300 fra·

316 3322 470 3365 niauns
507 3320 654 3362 multis
699 3322 858 3372 praeliis
920 3328 1199 3379 attentasset,
1266 3329 1381 3366 trum
1395 3324 1543 3365 instar.

320 3395 403 3427 nee
437 3384 612 3435 vincere
658 3383 891 3438 potuIsset,
917 3387 1122 3442 Francos,
1151 3389 1199 3429 id
1317 3391 1400 3431 246
1424 3379 1587 3440 Arctos]
1631 3387 1825 3441 Populos
1835 3387 1959 3429 Ursae
1979 3384 2146 3440 subjee-
