2300 3906
615 214 695 252 IN'
723 212 1091 255 EUTROPIUM
1134 215 1253 256 LIB.
1296 215 1366 254 11.

88 329 335 394 Barbara
360 327 616 383 Romano
636 339 956 386 succurrant
980 351 1135 386 arma
1159 333 1373 402 pudori.

87 412 183 468 Sic
207 416 377 478 fatuS,
406 416 622 483 clype0,
649 423 911 484 quantum
939 421 1037 470 vix
1064 420 1186 486 ipse
1208 419 1455 471 Deorum

84 498 320 562 Arbiter,
346 500 541 551 infesto
568 516 693 551 cum
716 502 945 568 percutit
971 503 1147 568 aegida
1169 502 1375 564 nimbO,

85 581 349 634 Intonuit,
424 583 747 651 Responsat
772 583 967 647 Athos,
997 585 1343 651 Haemusque
1363 585 1625 651 remugit:

85 665 395 732 Ingeminat
418 684 642 719 raucum
670 668 946 737 Rhodope
968 685 1242 721 concussa
1265 669 1553 734 fragorem.

84 747 305 802 Cornua
328 766 466 802 cana
492 754 613 818 gelu
637 754 956 804 mirantibus
979 754 1179 806 extulit
1203 752 1364 804 undis

83 830 327 895 HebruS,
355 840 407 886 et
426 851 759 902 exsanguem
779 836 954 903 glacie
978 837 1141 888 timor
1164 836 1351 905 alligat
1378 835 1651 887 Histrum.

82 914 239 967 Tunc
266 917 554 969 adamante
575 935 791 984 gravem
816 919 1081 988 nodisque
1106 920 1406 986 rigentibus
1429 919 1659 981 hastam,
1694 962 1695 965 η

81 997 279 1049 Telum
303 1000 510 1065 ingenS‚
537 1001 779 1067 nullique
806 1002 932 1052 Deo
945 1002 1267 1069 jaculabile,
1294 1004 1471 1055 torsit.

82 1080 173 1134 Fit
193 1082 304 1135 late
330 1085 504 1151 ruptis
533 1084 621 1135 via
644 1085 896 1135 nubibus
972 1084 1079 1136 Illa
1102 1100 1201 1152 per
1226 1101 1386 1137 auras

1794 415 1899 469 160

1797 832 1904 885 165

78 1220 211 1260 hostis
227 1222 552 1271 septemtrionalis
568 1222 776 1263 ulciscatur
793 1224 896 1273 leges
910 1222 1129 1271 infractas;
1146 1235 1257 1262 arma
1276 1222 1544 1262 Barbarorum
1561 1222 1788 1262 subveniunt
1803 1234 1906 1261 vere-

77 1274 228 1312 cundioe
243 1274 461 1320 Romame..
486 1276 604 1315 Mars
620 1278 679 1316 ita
698 1279 862 1326 locutus,
881 1277 1010 1315 tonuit
1029 1275 1212 1326 tantum,
1230 1280 1413 1328 quantum
1430 1278 1501 1315 vix
1518 1276 1599 1327 ipse
1617 1282 1737 1315 tonat
1759 1275 1904 1314 Rector

79 1326 272 1376 Deorum,
301 1328 393 1366 dnm
412 1327 519 1376 ferit
550 1330 722 1380 clypeum
751 1329 848 1369 nube
880 1330 1071 1368 terribili:
1099 1329 1226 1370 Athos
1256 1333 1428 1379 resonat,
1460 1333 1499 1368 et
1531 1330 1698 1368 Haemus
1715 1329 1899 1373 resultat;

79 1379 265 1430 Rhodope
284 1385 463 1431 quassata
493 1383 665 1433 duplicat
684 1395 858 1422 murmur
887 1384 1098 1423 horridum.
1157 1382 1316 1422 Hebrus
1333 1382 1459 1422 erexit
1477 1395 1618 1421 cornua
1636 1382 1800 1421 candida
1817 1382 1904 1430 gla-

77 1432 149 1479 cie,
167 1434 276 1483 aquis
289 1435 485 1484 attonitis,
501 1438 540 1474 et
559 1440 682 1475 metus
699 1437 934 1486 constringit
950 1438 1043 1486 gelu
1075 1436 1303 1476 Danubium
1316 1436 1540 1487 pallentem.
1603 1435 1707 1475 Tunc
1734 1434 1903 1473 vibravit

77 1486 271 1536 cuspidem
289 1489 538 1538 ponderosam
554 1491 774 1538 adamante,
791 1494 829 1528 et
856 1490 967 1529 nodis
983 1491 1108 1540 duris,
1128 1490 1299 1537 jaculum
1318 1502 1518 1540 magnum,
1537 1492 1575 1527 et
1593 1488 1691 1527 nulli
1711 1489 1795 1527 Deo
1813 1487 1903 1526 mis-

76 1537 160 1579 sile.
206 1539 289 1578 Iter
308 1541 487 1592 operitur
519 1542 701 1594 undique,
730 1543 873 1583 nimbis
891 1542 1063 1591 fractis.-
1092 1543 1161 1582 iila
1188 1543 1330 1596 cuspis
1358 1543 1525 1594 impulsa
1553 1554 1627 1582 uno
1660 1541 1804 1592 impetu
1829 1553 1901 1592 per

838 1649 1131 1664 eeeeeeeeeee

77 1723 223 1764 Ambr.
244 1729 443 1776 pr.—160
471 1732 657 1778 quantum
670 1728 731 1766 vie
747 1729 979 1769 sum—161
1006 1730 1175 1780 perculit
1193 1731 1353 1770 Moret.
1375 1742 1439 1780 pr.
1455 1729 1549 1769 uiira
1569 1729 1729 1769 Mazar.
1750 1727 1900 1768 Ambr.

76 1782 122 1816 et
140 1777 299 1818 Moret.
320 1790 406 1818 sec.
425 1781 572 1819 aethera
593 1786 680 1820 tres
698 1781 819 1821 Vatt.
837 1781 930 1822 Pal.
951 1783 1058 1821 Exc.
1080 1784 1203 1823 Laeti.
1221 1784 1352 1833 segida
1370 1783 1473 1823 Vat.
1492 1794 1557 1833 pr.
1574 1787 1620 1821 et
1641 1787 1743 1821 tert.
1764 1780 1900 1821 Oisel.

77 1830 216 1869 Livin.
234 1835 319 1870 vet.
337 1831 446 1882 Gyr.
466 1833 574 1871 Exc.
596 1834 774 1873 Lucens.
802 1845 889 1873 sec.
919 1835 1049 1883 oegida
1068 1837 1136 1873 vel
1162 1836 1312 1874 aetlaera
1329 1837 1428 1874 Vat.
1450 1846 1513 1884 pr.
1533 1837 1674 1873 mundo
1695 1834 1813 1874 Leid.
1834 1846 1899 1885 pr.

74 1893 129 1923 ΙΙ.
149 1886 348 1934 pr.--163
378 1884 563 1936 Rhodope
582 1898 741 1925 raucum
761 1887 867 1925 Exc.
886 1886 1008 1925 Laeti.
1027 1899 1189 1927 raucum
1207 1888 1388 1938 Rhodope
1407 1887 1491 1925 duo
1513 1886 1664 1926 Leidd.
1687 1892 1731 1926 et
1749 1887 1902 1937 viginti

73 1943 255 1988 quatuor
275 1936 363 1987 alii,
391 1938 497 1979 Exc.
515 1940 694 1979 Lucens.
713 1951 795 1979 sec.
818 1938 916 1979 Ald.
935 1939 1090 1990 Isingr.
1111 1941 1273 1992 Gryph.
1291 1940 1428 1979 Colin.
1448 1939 1631 1990 Raphel.
1650 1941 1753 1978 Var.
1770 1939 1854 1978 LL.
1875 1950 1900 1978 e

73 2001 208 2041 marg.
226 1991 367 2030 Parm;
386 1995 535 2031 mutum
551 1991 690 2032 Oxou.
710 2005 775 2044 pr.
795 2005 974 2042 magnum
996 1994 1061 2032 ed.
1076 1994 1218 2034 Vicet.
1234 2005 1415 2045 percussa
1431 1992 1457 2033 J
1464 2004 1532 2032 un.
1554 1995 1753 2043 pr.—164
1779 2005 1905 2032 canna

74 2053 153 2093 pro
172 2055 268 2083 caua
285 2044 388 2084 Var.
409 2045 492 2085 LL.
512 2045 579 2085 ed.
594 2044 726 2085 Antv.
743 2045 977 2085 micantibus
988 2046 1108 2087 Rott.
1125 2048 1254 2086 exerit
1272 2047 1465 2086 Florent.
1484 2045 1629 2084 extulit
1650 2045 1732 2085 dno
1751 2044 1901 2085 Leidd.

73 2100 120 2135 et
141 2096 283 2137 Oxon.
304 2102 483 2149 quatuor
501 2098 621 2139 Med.
641 2099 744 2138 Put.
763 2100 870 2151 Reg.
897 2099 1060 2139 Thuan.
1095 2105 1183 2140 tres
1215 2100 1368 2140 Petav.
1401 2100 1565 2138 Bouon.
1601 2099 1700 2139 Pat.
1727 2099 1766 2137 T
1768 2099 1901 2138 holos.

75 2154 162 2189 tres
182 2148 329 2191 Ambr.
347 2151 449 2191 Lov.
469 2152 628 2192 Moret.
648 2164 734 2192 sec.
754 2153 918 2192 Mazar.
937 2154 1040 2192 Exc.
1062 2153 1241 2193 Gevart.
1256 2153 1439 2192 Lucens.
1460 2164 1543 2191 sec.
1560 2150 1662 2191 Ald.
1680 2151 1903 2191 ed.Vicet.

72 2202 172 2243 Var.
190 2203 275 2242 LL.
296 2216 319 2243 e
339 2216 472 2256 marg.
495 2205 638 2246 Parm.
658 2207 809 2245 excutit
829 2206 897 2245 vel
913 2206 1058 2245 extulit
1088 2207 1191 2247 Exc.
1215 2206 1338 2246 Laeti.
1359 2206 1400 2247 ‘m
1421 2206 1450 2247 J
1455 2217 1524 2246 un.
1546 2218 1609 2257 pr.
1629 2206 1697 2244 hic
1718 2209 1901 2258 quatuor

74 2266 216 2295 versus
236 2256 537 2298 desunt—165
566 2259 693 2298 minor
712 2261 817 2300 Exc.
838 2260 949 2300 Laeti
981 2272 1038 2299 m.
1070 2264 1271 2311 pre—167
1298 2261 1394 2299 adeo
1410 2259 1510 2301 Jun.
1528 2271 1592 2310 pr.
1613 2259 1699 2298 Deo
1718 2259 1788 2297 vel
1806 2259 1902 2297 adeo

72 2307 177 2360 Reg.
200 2309 343 2351 Oxou.
363 2323 427 2362 pr.
449 2311 568 2351 etiam
589 2313 742 2354 Petav.
779 2313 1073 2362 tert.jactabile
1103 2313 1171 2354 ed.
1189 2314 1332 2353 Vicet.
1353 2311 1566 2363 jaculabile
1595 2313 1702 2351 Exc.
1722 2311 1833 2351 Laeti
1853 2317 1901 2350 et

72 2361 254 2404 Lucem.
285 2363 352 2417 pr.
374 2364 483 2404 misit
511 2365 630 2406 Med.
657 2370 931 2419 quam—168
961 2367 1059 2407 Fert
1077 2368 1156 2407 late
1183 2367 1348 2406 Mazar.
1381 2365 1509 2417 raptis
1534 2366 1619 2405 duo
1651 2364 1769 2404 Med.
1790 2365 1900 2415 Reg.

897 2481 939 2520 N
944 2479 1073 2520 OTAE

1015 2571 1171 2621 foedus,
1191 2572 1243 2611 In
1263 2572 1426 2611 medios
1452 2572 1587 2612 telum
1617 2571 1783 2612 torsisti
1814 2571 1899 2622 pria

1015 2646 1106 2673 mus
1137 2632 1351 2673 Achivos.'

1015 2696 1126 2734 solet
1171 2695 1297 2735 hasta
1342 2707 1471 2735 manu
1508 2694 1610 2735 belli
1655 2696 1899 2747 praenunt‘ia

68 2567 499 2618 Septemtrionalibus
518 2569 811 2610 advenientem

125 2635 203 2672 159
218 2632 474 2683 Succurrant]
493 2634 676 2673 Barbari
695 2642 949 2675 succurrant

69 2694 223 2746 pudori
243 2695 452 2746 Romano,
471 2696 543 2748 qui
566 2695 679 2736 ferre
697 2709 781 2736 non
803 2703 949 2748 potest

68 2758 336 2810 Eutropium.

121 2824 198 2861 162
228 2821 370 2873 Athos,
396 2822 576 2874 Hoemus,
616 2824 818 2876 Rhodope]
836 2825 946 2866 Sunt

66 2889 230 2923 montes
249 2884 465 2925 Thraciae.

96 2949 198 2992 *165
243 2946 414 2998 Hebrus,
446 2952 486 2987 et
513 2947 722 3001 Histrum]
760 2949 819 2989 Hi
849 2955 947 2990 sunt

67 3006 186 3049 fluvii
196 3024 210 3060 3
249 3009 315 3050 hic
349 3010 690 3061 Germaniarum,
718 3012 790 3052 ille
821 3013 947 3052 Thra-

1014 2758 1127 2798 mitti
1148 2758 1198 2798 In
1219 2771 1379 2809 regem,
1409 2763 1484 2798 aut
1502 2763 1669 2809 gentes,
1693 2771 1788 2798 cum
1808 2760 1898 2810 pla·

1013 2825 1084 2860 cet
1114 2832 1231 2860 arma
1255 2818 1378 2871 capi.'
1433 2821 1491 2859 Et
1522 2819 1687 2860 hastam
1716 2820 1832 2860 illam
1851 2820 1897 2859 in

1011 2883 1154 2922 hostes
1175 2882 1453 2934 torquendam
1471 2881 1701 2922 servabant
1716 2881 1898 2923 Romani

1014 2945 1055 2985 in
1076 2945 1238 2996 templo
1256 2945 1463 2984 Bellonae.

1067 3011 1144 3048 167
1170 3008 1406 3061 Jaculabile]
1433 3008 1502 3048 Ita
1516 3014 1563 3049 ut
1581 3009 1711 3048 telum
1727 3019 1896 3049 sacrum

1407 2634 1465 2673 Et
1500 2633 1706 2674 Ovidius:
1746 2635 1759 2656 ‘
1781 2634 1898 2674 Hinc
1981 2624 1987 2632 ⁰

66 3081 159 3112 ciae.

123 3136 200 3175 166
247 3134 436 3189 Hastam]
491 3136 658 3177 Alludit
695 3137 750 3177 ad
786 3150 944 3179 morem

69 3199 150 3248 quo'
168 3197 223 3237 ad
242 3197 399 3238 bellum
431 3198 703 3239 indicendum
732 3199 854 3241 hasta
876 3201 944 3253 ja-

69 3256 323 3300 ciebaturin
355 3260 460 3302 fines
480 3263 547 3301 vel
574 3267 717 3302 castra
745 3263 943 3315 hostium,

71 3319 139 3358 vel
157 3319 199 3358 iu
217 3320 331 3371 ipsos
350 3324 511 3364 hostes.
538 3324 768 3376 Virgilius:
796 3324 810 3347 ‘
831 3326 942 3365 Pan-

67 3381 188 3434 dare,
207 3384 277 3436 qui
299 3386 506 3438 quondam
516 3387 660 3439 Jussus
678 3387 942 3430 confundere

1013 3072 1154 3112 nullus
1172 3073 1292 3112 Deus
1313 3084 1397 3124 prae
1406 3079 1469 3111 ter
1489 3073 1674 3112 Martem
1695 3072 1765 3111 vix
1777 3071 1898 3122 jacu-

1009 3135 1087 3174 lari
1115 3139 1288 3186 posset:
1333 3135 1396 3175 sic
1427 3135 1499 3174 Sol
1522 3147 1627 3174 unus
1655 3139 1801 3186 potest
1827 3145 1894 3173 re-

1010 3209 1112 3249 gere
1145 3209 1317 3238 currum
1347 3210 1481 3248 suum,
1513 3198 1717 3238 Ovidius:
1758 3199 1770 3220 ‘
1792 3198 1892 3237 Non

1004 3265 1155 3305 ,tamen
1185 3259 1367 3312 ignifero
1399 3261 1624 3314 quisquam
1657 3260 1890 3302 consistere

1009 3323 1052 3364 iu
1073 3336 1151 3366 axe
1172 3324 1246 3365 Me
1262 3324 1378 3366 valet
1394 3324 1606 3378 excepto)
