2300 3906
330 206 438 259 754

870 221 963 260 012.
995 214 1351 258 CLAUDIAM
1394 214 1582 255 XXVI·

333 338 448 391 Sed
472 344 553 392 tot
575 338 853 391 communi
878 335 1121 404 populos
1145 335 1250 386 sub
1275 341 1450 388 morte
1462 336 1734 404 jacenteS,

330 423 586 491 Totaque
609 419 890 474 Tartareis
915 435 947 470 e
970 418 1226 470 faucibus
1252 419 1462 486 oppida
1486 421 1668 473 traxit.

332 508 471 576 Ipso
499 507 684 559 Roma
709 505 816 566 die,
841 519 945 554 nec
973 503 1150 555 adhuc
1172 503 1482 554 ostenditur
1507 510 1723 571 auctor,

2050 505 2156 559 450

334 591 630 644 Personuit
653 590 869 641 venisse
895 588 1108 650 ducem,
1131 588 1395 654 laetisque
1423 587 1666 651 Quirites

332 674 587 728 Vocibus
613 673 928 740 auspicium
957 672 1090 724 certi
1117 672 1368 738 plausere
1393 672 1670 739 triumphi,

333 759 539 812 Muniti
567 757 870 811 Stilichone
897 772 1015 808 suc.

1091 754 1232 819 Quis
1252 755 1457 821 gaudia
1480 772 1613 808 vero

332 843 630 909 PrincipiS‚
666 842 957 907 amplexus
983 840 1184 891 alacris
1210 841 1333 907 quis
1357 840 1596 893 disserat
1618 842 1800 895 aulae'l

334 926 587 980 Pulveris
607 926 921 990 ambiguam
945 925 1143 974 nubem
1169 923 1525 990 speculamur
1551 925 1621 976 ab
1647 926 1775 978 altis

2050 891 2157 980 455

330 1011 609 1072 TurribuS‚
634 1009 846 1071 incerti,
873 1007 1058 1059 socios
1084 1011 1340 1075 apportet
1365 1023 1434 1060 an
1454 1008 1642 1062 hostes

332 1137 496 1171 tantum
527 1130 718 1170 revocavit
749 1142 885 1181 corpus
914 1143 1033 1169 unum
1059 1142 1084 1170 a
1111 1129 1291 1180 tenebris,
1315 1131 1383 1169 sed
1400 1133 1460 1170 tot
1475 1135 1613 1180 gentes
1625 1137 1823 1183 gementes
1840 1138 1958 1173 metu
1977 1133 2163 1175 interitus

329 1185 553 1234 communis,
568 1188 606 1222 et
625 1196 753 1222 omnes
773 1183 882 1222 urbes
908 1196 959 1222 ex
973 1186 1135 1233 gurg-ite
1152 1184 1376 1231 inferorum.
1434 1185 1560 1224 Roma
1587 1189 1718 1226 eodem
1747 1187 1825 1236 die,
1854 1199 1976 1238 neque
2004 1188 2164 1227 nuntius

331 1238 454 1278 adhuc
472 1238 729 1287 cognoscitur,
750 1237 868 1276 velut
886 1237 1068 1275 clamavit
1088 1239 1282 1275 ductorem
1306 1240 1521 1288 advenisse,
1552 1244 1590 1278 et
1619 1241 1789 1279 Romani
1812 1240 1917 1286 freti
1947 1239 2161 1280 Stilichone

330 1305 401 1331 suo
421 1291 500 1331 sibi
518 1292 793 1341 portenderunt
802 1289 964 1338 festivis
981 1290 1322 1329 acclamationibus
1336 1293 1572 1341 praesagium
1591 1294 1763 1332 victorioe
1782 1294 2027 1332 indubitatae.
2083 1293 2163 1333 Sed

331 1346 416 1396 quis
433 1346 628 1394 exprimat
648 1344 830 1382 laetitiam
848 1355 978 1382 veram
999 1343 1268 1392 Imperatoris,
1287 1344 1372 1393 quis
1389 1346 1602 1395 exprimat
1621 1349 1841 1396 complexus
1861 1347 1972 1385 Auloe
1987 1348 2163 1397 gauden-

331 1395 415 1437 tis?
469 1397 733 1450 Prospicimus
750 1409 799 1435 ex
817 1396 992 1436 turribus
1010 1396 1168 1435 excelsis
1195 1396 1365 1436 nimbum
1391 1397 1549 1437 dubium
1573 1400 1759 1452 pulveris,
1786 1400 2011 1452 nescientes,
2027 1412 2078 1439 an
2097 1400 2162 1440 ille

1097 1504 1120 1519 O
1124 1504 1169 1519 O‘
1173 1504 1367 1521 “O“OOO
1371 1505 1393 1520 ff

332 1585 488 1626 PetaV.
511 1586 734 1624 δρα-449
764 1584 962 1634 Tantaque
986 1583 1174 1624 malebat
1206 1585 1360 1625 Heius.
1405 1598 1430 1625 a
1451 1585 1642 1634 faucibus
1668 1586 1768 1627 Jun.
1802 1599 1867 1638 pr.
1911 1599 1963 1626 ex
1978 1587 2164 1635 faucibus

330 1637 480 1677 Ambr.
499 1639 698 1688 pr.-450
727 1637 821 1687 Ipsa
839 1638 940 1676 Vat.
961 1642 1100 1688 quart.
1123 1639 1280 1678 Mazar.
1302 1639 1454 1678 PetaV.
1475 1651 1542 1690 pr.
1575 1640 1681 1679 Lov.
1707 1641 1877 1680 Tholos.
1898 1641 2057 1680 Moret.
2079 1653 2165 1682 sec.

328 1692 431 1730 ultor
450 1690 609 1729 Moret.
630 1703 694 1739 pr.
743 1695 853 1729 actor
872 1691 971 1729 Vat.
994 1695 1097 1729 tert.
1116 1691 1232 1730 Prie.
1250 1692 1369 1732 Rott.
1391 1691 1526 1731 Oisel.
1546 1692 1666 1732 Med.
1689 1705 1753 1743 pr.
1777 1695 1923 1734 Petav.
1944 1707 2030 1734 sec.
2051 1694 2160 1735 Lov.

333 1744 472 1782 oxon.
507 1745 727 1784 see—451
756 1743 860 1782 diem
894 1755 971 1792 pro
1002 1744 1153 1782 Ducem
1181 1743 1330 1785 Ambr.
1362 1749 1584 1784 sec—452
1612 1747 1794 1797 auspiciis
1811 1747 1911 1787 Jun.
1933 1759 1999 1798 pr.
2019 1747 2162 1788 Oxou.

329 1808 417 1836 sec.
447 1797 531 1835 loetz·
551 1808 629 1846 pro
649 1797 749 1834 certi
766 1797 849 1836 inc.
879 1795 1027 1835 Heius.
1050 1797 1150 1838 Put.
1174 1799 1367 1848 planxere
1385 1800 1485 1838 Vat.
1506 1811 1569 1849 pr.
1590 1800 1718 1839 Farn.
1742 1802 1898 1850 pulsare
1916 1800 2018 1841 Jun.
2040 1812 2164 1852 pr.—

330 1852 408 1890 453
439 1850 644 1889 Munitum
662 1850 824 1888 Mazar.
854 1862 944 1889 vera
965 1849 1106 1890 Oxon.
1124 1863 1189 1902 pr.
1229 1851 1314 1890 reri
1331 1850 1431 1892 Ald.
1472 1852 1576 1891 veris
1594 1854 1694 1894 Vat.
1717 1860 1817 1893 tert.
1856 1866 1945 1894 vero
1970 1855 2164 1895 Florent.

331 1908 420 1942 tres
449 1903 570 1941 Med.
602 1903 686 1942 inc.
720 1902 871 1942 Heius,
905 1903 1006 1943 Put.
1036 1904 1144 1954 Reg.
1173 1904 1333 1944 Thuan.
1369 1906 1529 1945 Mazar.
1561 1907 1725 1947 Bonon.
1756 1907 1854 1951 Pat.
1880 1907 2053 1948 Tholos.
2074 1913 2174 1947 tres

331 1956 484 1996 Petav.
507 1962 596 1995 tres
620 1954 768 1994 Ambr.
790 1957 894 1995 Exc.
918 1957 1100 1996 Lucens.
1125 1969 1188 2007 pr.
1208 1957 1276 1997 ed.
1297 1959 1437 1999 Vicet.
1457 1960 1557 1999 Var.
1578 1961 1662 2000 LL.
1683 1972 1706 1999 e
1726 1973 1860 2011 marg.
1880 1961 2025 1999 Parm.
2073 1973 2162 2000 vero

332 2021 388 2048 m.
410 2020 475 2059 pr.
513 2009 596 2047 veri
612 2021 667 2048 m.
690 2021 777 2047 sec.
801 2009 954 2048 Petav.
975 2013 1174 2059 pr.—454
1203 2011 1416 2062 Principis.
1439 2013 1627 2053 Florem.
1645 2014 1761 2054 Med.
1782 2026 1847 2065 pr.
1875 2015 2024 2053 alacres
2042 2014 2165 2054 Leid.

331 2074 417 2102 sec.
436 2061 593 2100 Sched.
615 2062 729 2101 Gud.
758 2062 915 2100 disserit
932 2062 1036 2101 var.
1057 2063 1143 2103 LL.
1176 2076 1199 2102 e
1220 2077 1353 2115 marg.
1384 2066 1527 2106 Parm.
1572 2067 1731 2107 dixerat
1751 2067 1868 2106 Med.
1885 2079 1969 2106 sec.
2016 2067 2167 2107 dixerit

333 2114 485 2154 Ambr.
504 2127 589 2154 sec.
611 2115 679 2153 ed.
702 2116 844 2155 Parm.
861 2127 913 2153 ex
935 2115 1199 2165 conjectura.
1226 2117 1372 2156 diceret
1391 2118 1489 2157 Pat.
1517 2119 1668 2167 deferat
1691 2122 1810 2159 Med.
1829 2126 1971 2172 quart.
2012 2122 2166 2160 deserat

333 2168 460 2207 Farn.
479 2168 596 2206 Pric.
617 2171 700 2206 inc.
724 2168 872 2206 Heius.
895 2168 1056 2208 Μαῖαν.
1086 2169 1192 2211 Exc.
1213 2170 1318 2209 Cod.
1338 2171 1489 2210 Rhem.
1531 2185 1638 2210 aurae
1661 2173 1774 2211 Med.
1797 2186 1883 2213 sec.
1921 2174 1994 2212 ala>
2009 2173 2166 2213 Petav.

333 2233 400 2272 pr.
422 2233 476 2263 m.
495 2224 712 2261 sem—455
742 2222 978 2272 speculemur
1008 2222 1161 2262 Petav.
1194 2227 1295 2263 tert.
1327 2223 1491 2263 Bonon.
1537 2226 1784 2275 speculantur
1818 2226 1954 2266 Colin.
2000 2227 2043 2265 in
2073 2227 2166 2267 altis

331 2274 648 2329 Vat.pr.—-450
674 2278 857 2329 apportat
887 2275 988 2318 Vat.
1022 2280 1119 2318 tert.
1155 2275 1291 2319 Oisel.
1326 2277 1515 2323 Floreat.
1545 2279 1644 2320 Put.
1681 2279 1789 2331 Reg.
1817 2280 1979 2323 Tliuan.
1999 2280 2166 2321 Bonou.

1158 2410 1334 2452 NOTAE

331 2512 427 2540 esse
447 2496 716 2540 suffocatum.

385 2566 466 2603 448
494 2562 576 2602 Sub
590 2563 732 2614 morte]
761 2564 1003 2615 Desperata
1020 2565 1172 2605 salute.

384 2629 466 2666 449
517 2626 736 2677 Tartareis]
791 2628 905 2670 Quia
941 2642 1218 2682 quaecumque

332 2690 550 2742 peribant,
569 2700 620 2728 ea
638 2690 928 2732 credebantur
946 2704 1039 2732 esse
1060 2692 1218 2732 infero·

332 2764 425 2793 rum
447 2753 607 2805 praeda.

386 2816 639 2868 Esaacibus]
679 2815 857 2858 Stilicho
890 2829 944 2856 ex
973 2818 1077 2870 ipsis
1099 2819 1218 2871 quasi

331 2880 482 2919 mortis
511 2879 707 2921 faucibus
724 2881 852 2921 urbes
880 2893 1024 2921 omnes
1044 2882 1217 2933 eripuit.

331 2940 590 2992 metaphora
617 2951 756 2984 sumta
789 2956 843 2986 ex
879 2952 1058 2997 gutture
1085 2945 1218 2986 fauci-

331 3001 499 3055 busque
516 3005 767 3048 belluarum.

385 3067 466 3105 450
486 3065 576 3117 Ipso
592 3067 677 3118 die]
707 3068 809 3120 Ipso
829 3069 916 3120 die,
932 3084 1016 3123 quo
1036 3072 1215 3112 Stilicho

331 3126 504 3167 Italiam
523 3129 742 3180 ingressus
756 3138 837 3180 ost,
854 3133 983 3172 Roma
998 3133 1218 3185 personuit

332 3190 415 3230 hoc
447 3202 632 3242 rumore,
664 3192 817 3232 ducem
851 3195 1018 3236 scilicet
1050 3197 1216 3236 venisse

332 3252 607 3294 Stilichonem
624 3267 637 3304 ;
666 3266 747 3294 nec
761 3257 957 3307 cognitus
977 3264 1042 3297 est
1066 3265 1217 3298 auctor

335 3314 410 3367 qui
446 3324 660 3357 rumorem
705 3316 827 3356 illum
861 3318 1216 3360 disseminaverit.

331 3377 407 3422 Sic
427 3377 527 3421 olim
547 3379 738 3421 victoriae
765 3379 942 3423 incertis
969 3381 1215 3426 auctoribus

1287 2504 1517 2556 divulgatae
1535 2518 1586 2546 eo
1614 2506 1699 2555 die,
1716 2519 1800 2559 quo
1818 2506 1966 2546 relatae
1996 2504 2169 2546 fuerant

1286 2568 1414 2620 longe
1448 2569 1502 2609 ab
1537 2570 1643 2610 urbe
1675 2571 1822 2609 Roma.
1865 2571 1877 2591 ‘
1898 2570 1950 2609 P.
1969 2570 2167 2610 Vatinius

1284 2631 1461 2671 Senatui
1476 2633 1775 2683 indicavit,die
1789 2633 1860 2685 qui
1881 2630 2170 2683 praeterierat,

1286 2694 1447 2734 Persen
1482 2696 1645 2745 Regem
1682 2709 1705 2735 a
1740 2697 1877 2735 Paulo
1911 2701 2084 2747 captum
2124 2696 2166 2736 in

1285 2756 1472 2806 Graecia,
1492 2765 1537 2797 et
1557 2759 1679 2798 Pauli
1708 2760 1844 2798 literis
1863 2760 1904 2798 id
1928 2766 2079 2811 postea
2097 2770 2167 2798 ve·

1284 2820 1491 2859 rissimum
1526 2833 1618 2860 esse
1650 2823 1867 2874 cognitum
1887 2822 1984 2863 est!
2037 2821 2166 2862 Vale-

1285 2884 1368 2921 rius
1391 2884 1617 2924 Maximus.

1338 2950 1419 2986 452
1469 2947 1672 2998 Plausere]
1716 2948 1786 2987 Ita
1813 2945 2087 2985 confidebant
2121 2944 2166 2984 in

1285 3009 1537 3059 Stilichone,
1576 3015 1622 3048 ut
1660 3010 1753 3060 Jam
1787 3007 1867 3046 sibi
1907 3007 2164 3058 triumphum

1285 3071 1600 3120 promitterent,
1630 3071 1754 3108 immo
1774 3070 1864 3122 jain
1895 3069 2166 3120 plauderent.

1285 3131 1340 3169 Et
1361 3132 1486 3182 hujus
1516 3134 1572 3169 rei
1606 3132 1718 3170 laetae
1750 3144 1875 3171 voces
1896 3133 2166 3173 acclamatio-

1283 3206 1444 3245 nesque
1479 3195 1712 3245 auspicium
1748 3202 1879 3248 atque
1910 3197 2165 3248 praesagium

1282 3263 1423 3295 erant.

1334 3322 1414 3358 453
1465 3319 1634 3371 Muniti]
1677 3319 1893 3375 'Panquam
1929 3334 2050 3365 muro
2090 3326 2166 3367 aut

1282 3381 1437 3437 clypeo
1456 3380 1701 3426 fortissimo·
