2300 3906
282 169 393 221 954
829 179 926 216 GL.
966 171 1320 212 anumAm
1361 170 1573 210 xxxv.

286 297 410 351 Nec
438 297 520 349 sic
544 296 856 348 innumeros
876 306 1009 342 arcu
1033 292 1278 340 mutante
1302 289 1516 341 colores

285 381 568 449 Incipiens
595 377 881 429 redimitur
903 374 1111 441 hyemS,
1137 390 1258 424 cum
1285 374 1504 426 tramite
1525 372 1675 425 flexo

288 465 493 517 Semita
519 462 765 514 discretis
790 459 1071 510 interviret
1092 458 1322 509 humida
1345 458 1563 509 nimbiS.
2011 456 2119 509 100

290 548 492 600 Forma
516 547 623 597 loci
651 549 880 610 superat
905 543 1067 595 flores
1089 560 1102 596 ε
1141 549 1370 594 curvata
1394 547 1604 595 tumore

290 632 475 683 Parvo
499 629 774 696 planitieS,
801 635 857 680 et
881 628 1144 680 mollibus
1169 628 1319 680 edita
1344 627 1508 679 clivis

288 713 549 766 Creverat
574 714 628 763 in
656 712 887 764 collem:
927 712 1057 763 vivo
1083 711 1152 763 de
1176 712 1396 778 pumice
1420 710 1606 762 fontes

290 796 545 850 Roscida
571 796 868 846 mobilibus
891 796 1209 847 lambebant
1234 795 1473 861 gramina
1503 794 1660 847 riviS.

291 881 568 950 Sylvaque
594 883 866 930 torrentes
888 893 1167 929 ramorum
1191 878 1389 944 frigore
1417 879 1567 930 soles
2017 878 2125 929 105

288 964 608 1032 Temperat,
635 968 691 1014 et
716 963 900 1014 medio
925 963 1181 1014 brumam
1204 964 1312 1014 sibi
1339 962 1583 1014 vindicat
1610 967 1767 1016 aestU.

290 1046 445 1117 Apta
468 1047 622 1100 fretis
646 1047 825 1111 abieS,
850 1047 1012 1100 bellis
1038 1047 1398 1100 accommoda
1422 1063 1643 1111 cornUS‚

295 1210 419 1250 neque
450 1198 582 1251 hyems
611 1200 817 1239 imminens
844 1199 903 1238 ita
945 1197 1123 1249 cingitur
1154 1210 1266 1247 arcu,
1304 1201 1478 1237 mutante
1514 1199 1658 1238 colores
1694 1197 1883 1251 infinitos,
1912 1209 1997 1237 cum
2028 1197 2133 1237 linea

293 1262 425 1302 curva,
442 1253 508 1292 via
525 1254 632 1292 inter
653 1253 757 1291 alios
777 1252 943 1292 colores
971 1252 1089 1301 viret,
1119 1251 1284 1290 nubibus
1311 1251 1440 1291 sectis.
1497 1251 1610 1291 Situs
1634 1252 1763 1302 campi
1789 1250 2046 1302 praestantior
2076 1254 2135 1290 est

283 1305 475 1356 floribus.-
505 1306 694 1357 planities
719 1305 863 1345 cubans
891 1310 1039 1344 tumore
1059 1304 1220 1355 exiguo,
1252 1308 1291 1343 et
1320 1306 1458 1344 educta
1486 1305 1598 1344 olivis
1626 1305 1773 1343 lenibus
1796 1306 2065 1342 assurrexerat
2092 1303 2136 1343 in

293 1359 449 1398 collem:
468 1358 605 1407 fontes
621 1372 673 1399 ex
698 1371 793 1410 rupe
821 1358 996 1398 naturali
1025 1362 1225 1398 manantes
1240 1357 1475 1407 spargebant
1493 1357 1632 1396 herbas
1648 1357 1828 1396 humidas
1842 1357 1953 1406 aquis
1967 1356 2138 1408 fluenti-

294 1410 378 1461 bus,
394 1416 434 1452 et
451 1413 562 1464 sylva
579 1412 714 1452 umbra
735 1411 945 1460 frondium
975 1411 1137 1460 mitigat
1167 1411 1312 1449 calores
1340 1412 1535 1458 ardentes,
1559 1412 1600 1448 et
1629 1408 1772 1448 tribuit
1799 1408 1876 1447 sibi
1906 1409 2057 1460 hyemis
2082 1409 2139 1448 al·

291 1475 441 1517 gorem,
462 1470 501 1505 et
509 1465 651 1515 frigus
668 1465 712 1504 in
730 1466 857 1504 media
875 1467 1024 1503 astate.
1077 1462 1197 1502 Abies
1226 1463 1422 1500 commoda
1449 1461 1567 1511 mari,
1597 1473 1736 1500 cornus
1762 1461 1874 1499 utilis
1900 1461 2013 1513 bello,
2029 1473 2139 1513 quer-

1070 1578 1119 1593 Ν
1123 1576 1317 1593 θθθθθθθ
1321 1577 1370 1593 Ν

298 1649 401 1688 Vat.
430 1658 518 1687 sec.
536 1648 662 1687 Voss.
683 1658 772 1686 sec.
809 1646 951 1698 pandit
968 1646 1119 1686 volucer
1147 1647 1271 1686 Voss.
1289 1657 1357 1698 pr.
1377 1645 1448 1699 qni
1469 1651 1515 1686 et
1532 1646 1612 1687 ales
1631 1658 1710 1699 pro
1739 1647 1823 1687 alas
1852 1646 1997 1687 habet.
2036 1648 2142 1687 volu-

296 1713 408 1740 crum
424 1700 580 1741 Petav.
601 1712 687 1740 sec.
715 1701 884 1739 volucris
901 1699 1095 1740 Florent.
1127 1699 1230 1741 Jun.
1258 1711 1324 1752 pr.
1352 1702 1507 1740 volucer
1536 1700 1658 1740 Med.
1692 1713 1758 1751 pr.
1792 1699 2144 1743 Bonon.'rholos.

297 1754 459 1795 Moret.
476 1765 541 1806 pr.
580 1754 748 1793 volueris
774 1753 950 1793 Junont'a
974 1765 1120 1805 pennas
1139 1753 1242 1794 Vat.
1264 1765 1339 1806 pr.
1373 1753 1482 1794 Cod.
1502 1753 1741 1794 Bartholin.
1780 1755 1932 1794 volucer
1948 1753 2145 1794 Junonius

298 1809 382 1848 alas
398 1807 506 1847 Put.
524 1807 634 1859 Reg.
660 1807 852 1848 Florent.
873 1806 958 1846 duo
977 1806 1097 1846 Med.
1118 1811 1207 1847 tres
1222 1805 1379 1847 Petav.
1399 1806 1551 1848 Heins.
1573 1807 1630 1848 H.
1651 1812 1696 1848 et
1714 1807 1798 1848 inc.
1819 1806 1955 1859 ejusd.
1975 1807 2144 1849 Bonon.

298 1862 409 1901 Exc.
429 1860 586 1901 Petav.
607 1864 860 1913 quarn—98
889 1861 982 1901 Non
997 1860 1054 1900 sic
1072 1861 1176 1900 Vat.
1210 1861 1252 1901 d.
1272 1860 1366 1901 Pal.
1386 1859 1472 1900 duo
1491 1860 1611 1901 Med.
1633 1861 1735 1902 Put.
1753 1861 1862 1913 Reg.
1884 1861 1968 1901 dno
1987 1860 2145 1902 Petav.

299 1914 383 1954 duo
399 1914 553 1955 Heius.
568 1914 741 1954 Tholos.
763 1913 907 1954 Oxon.
925 1926 993 1966 pr.
1012 1914 1098 1954 duo
1116 1915 1243 1954 Voss.
1260 1914 1346 1954 duo
1364 1914 1392 1956 J
1398 1926 1467 1954 nn.
1490 1915 1595 1954 Exc.
1616 1914 1772 1954 Petav.
1795 1920 1935 1966 quart.
1965 1914 2147 1954 variante

299 1968 425 2008 Voss.
458 1980 543 2009 sec.
584 1972 827 2008 monstrante
861 1967 969 2008 Exc.
1002 1967 1157 2008 Petav.
1193 1973 1337 2021 quart.
1379 1971 1557 2009 mutante
1583 1968 1654 2008 vel
1682 1969 1865 2008 variante
1882 1968 1983 2007 Vnt.
2004 1979 2148 2007 sec.—

299 2023 354 2060 99
379 2023 542 2061 tramite
563 2021 677 2070 sacto
708 2022 809 2061 Vnt.
841 2033 928 2063 sec.
961 2020 1076 2070 facto
1108 2021 1177 2061 vel
1198 2021 1312 2073 flexo
1331 2022 1432 2061 Vat.
1466 2025 1687 2062 sec.—100
1714 2022 1918 2072 disiunctis
1932 2021 2037 2063 Jun.
2057 2031 2146 2060 sec.

302 2075 470 2114 diversis
489 2074 613 2115 Voss.
647 2086 715 2126 pr.
760 2075 984 2114 intermicat
1012 2076 1138 2115 Voss.
1158 2087 1223 2126 pr.
1260 2075 1469 2114 internitet
1499 2076 1580 2114 inc.
1603 2075 1757 2114 Heius.
1777 2074 1845 2115 ed.
1867 2075 2145 2114 Panum—101

302 2127 584 2175 Flam-essem
602 2128 678 2167 loci
693 2132 852 2179 superat
870 2129 977 2169 Jun.
992 2139 1077 2167 sec.
1104 2132 1256 2167 tumore
1274 2127 1376 2167 Vat.
1397 2140 1461 2179 pr.
1489 2128 1630 2167 timore
1647 2128 1749 2168 Vat.
1773 2130 1995 2167 sem—102
2018 2126 2148 2166 Prono

301 2191 383 2232 pro
403 2181 537 2220 Parvo
563 2180 664 2221 Jun.
685 2191 775 2220 sec.
817 2180 945 2219 Plano
973 2179 1123 2219 Ambr.
1146 2186 1245 2220 tert.
1286 2180 1330 2220 in
1357 2180 1534 2220 mollibus
1563 2180 1670 2220 edita
1702 2182 1800 2220 rivis
1831 2181 1934 2221 Jun.
1957 2191 2024 2230 pr.
2041 2180 2148 2221 Vat-

306 2233 445 2286 quint.
472 2234 612 2273 addita
629 2233 741 2272 olivis
759 2232 911 2272 Ambr.
927 2236 1165 2271 tert—103
1194 2232 1237 2270 in
1253 2234 1364 2271 colles
1379 2233 1506 2272 Voss.
1525 2244 1590 2283 pr.
1618 2233 1705 2271 vivo
1735 2235 1782 2272 de
1792 2234 1944 2284 pumice
1961 2233 2150 2273 Florent.

306 2287 393 2326 duo
412 2286 531 2326 Med.
551 2285 702 2325 Heins.
723 2285 781 2325 H.
801 2290 846 2324 et
866 2285 949 2324 inc.
970 2284 1105 2335 ejusd.
1126 2285 1228 2323 Put.
1263 2286 1366 2333 Reg·
1401 2283 1549 2324 Ambr.
1580 2289 1681 2324 tert.
1709 2285 1793 2324 duo
1814 2286 1936 2324 Voss.
1955 2289 2046 2325 tres
2064 2285 2149 2325 Pe-

306 2345 393 2379 tav.
415 2340 519 2378 Exc.
542 2338 697 2378 Petav.
719 2343 860 2389 quart.
878 2338 982 2377 Var.
1015 2338 1102 2378 LL.
1129 2349 1153 2377 e
1172 2349 1307 2388 marg.
1327 2337 1473 2376 Parm.
1501 2338 1610 2377 visus
1628 2337 1696 2377 ed.
1714 2338 1860 2378 Parm.
1905 2339 2018 2378 niveo
2032 2339 2152 2378 char·

306 2398 394 2432 tac.
414 2392 564 2431 Heius.
582 2390 687 2431 And.
706 2396 752 2430 et
782 2391 852 2432 ed.
870 2390 1149 2431 vicet—104
1177 2391 1377 2431 laniabant
1400 2402 1479 2443 pro
1497 2390 1716 2431 lambebant
1733 2391 1761 2433 J
1766 2404 1836 2431 un.
1856 2395 2057 2443 pr.—-105
2085 2404 2152 2431 raa

307 2457 456 2485 morum
487 2448 679 2485 torrentes
705 2444 809 2486 Jun.
843 2456 928 2485 sec.
958 2444 1134 2484 tollentes
1158 2443 1260 2484 Put.
1302 2448 1498 2496 torpentes
1529 2444 1614 2484 duo
1632 2445 1754 2486 Vatt.
1772 2446 1898 2486 Voss.
1929 2448 2153 2487 sem—106

314 2499 506 2539 Vendicat
523 2502 564 2538 et
594 2498 721 2538 medio
740 2497 801 2538 br.
819 2497 896 2537 sibi
914 2501 1108 2549 temperat
1125 2502 1224 2537 cestu
1243 2498 1330 2538 inc.
1353 2498 1411 2537 H.
1443 2497 1593 2539 modico
1611 2498 1713 2538 Vat.
1730 2511 1798 2551 pr.
1817 2503 1903 2539 vet.
1923 2499 2032 2551 Gyr.
2049 2499 2152 2539 Vat.

309 2552 449 2592 Livin.
468 2553 605 2592 chart.
624 2551 782 2592 Heius.
801 2551 907 2592 eod.
926 2551 1166 2591 Bartholin.
1181 2549 1281 2593 Ald.
1296 2552 1364 2591 ed.
1380 2550 1528 2591 Parm.
1545 2559 1589 2592 et
1609 2551 1750 2593 Vicet.
1778 2553 1904 2592 medio
1923 2550 2025 2592 Put.
2042 2552 2152 2603 Reg.

309 2605 469 2646 Petav.
489 2617 557 2657 pr.
591 2604 677 2645 duo
707 2606 812 2647 Jun.
843 2604 1029 2645 totidem
1046 2606 1172 2645 Voss.
1194 2610 1239 2644 et
1261 2605 1403 2645 Oxou.
1432 2606 1539 2646 Exc.
1558 2606 1715 2646 Petav.
1736 2612 1875 2659 quart.
1897 2605 2000 2646 Var.
2020 2605 2107 2646 LL.
2127 2616 2153 2644 e

309 2671 445 2712 marg.
459 2659 604 2700 Parm.
631 2659 673 2699 in
690 2659 818 2700 medio
832 2659 987 2700 Petav.
1002 2670 1070 2711 pr.
1097 2659 1277 2699 vendicat
1295 2659 1458 2700 Moret.
1475 2662 1674 2712 ιιι-107
1702 2660 1814 2713 Apta
1829 2660 1897 2700 vel
1908 2658 2014 2700 Acta
2028 2659 2153 2700 Vos-⁴3.

1153 2799 1331 2841 NO'I'AE

312 2906 392 2946 bus
417 2918 661 2948 coruscans.
719 2906 902 2949 Ovidius
934 2907 1058 2961 dixit,
1089 2908 1102 2931 ⁸
1118 2908 1205 2949 Vo-
1270 2907 1357 2947 sius
1376 2907 1516 2961 campi
1535 2906 1783 2948 Hennensis
1802 2906 2003 2960 quiddam
2021 2904 2155 2946 habet

311 2969 444 3009 lucris
460 2970 676 3012 Junonia:
1270 2972 1478 3013 amoenius
1497 2979 1630 3024 atque
1638 2971 1887 3024 jucundius.

370 3035 450 3072 loo
476 3033 711 3084 Interviret]
751 3033 889 3087 Atqui
918 3034 962 3075 in
992 3048 1097 3076 arcu
1115 3048 1201 3077 eoe-
1323 3039 1402 3076 108
1437 3035 1554 3087 Vivo]
1592 3035 1647 3075 Id
1678 3041 1763 3084 est,
1790 3031 1990 3073 naturali.
2013 3031 2156 3084 Virgi-

313 3094 414 3136 lesti
432 3100 618 3147 apparet
644 3096 779 3145 color,
812 3102 858 3136 et
885 3095 1123 3148 flammeus,
1154 3104 1202 3139 et
1267 3102 1376 3143 lius:
1406 3102 1419 3123 ‘
1439 3102 1633 3153 Vivaque
1650 3099 1801 3138 sedilia
1818 3096 1950 3138 saxo.'

314 3159 475 3208 luteus,
492 3164 538 3197 et
557 3157 782 3207 coeruleus,
810 3163 856 3197 et
870 3158 988 3198 mille
1018 3160 1105 3211 alii,
1122 3161 1199 3201 sed
1326 3167 1403 3204 107
1435 3161 1697 3214 Aptafretis]
1724 3160 1859 3202 Abies
1880 3161 1997 3201 utilis
2015 3163 2085 3201 est
2101 3159 2157 3201 ad

316 3220 468 3260 viridis
487 3220 622 3271 magis
643 3225 816 3260 eminet.
1271 3226 1407 3266 malos
1426 3224 1622 3266 navium:
1666 3236 1821 3266 cornus
1854 3223 1910 3264 ad
1936 3220 2084 3277 jacula
2110 3229 2161 3269 et

374 3287 452 3325 101
496 3283 644 3324 Forma
672 3282 767 3334 loci]
818 3284 912 3323 Etsi
945 3283 1071 3326 flores
1104 3290 1206 3326 sunt
1273 3301 1412 3332 arcus.

321 3347 476 3389 amoeni
495 3351 626 3402 atque
639 3346 837 3402 jucundi,
856 3346 965 3388 situs
986 3354 1130 3391 tamen
1144 3349 1208 3401 ip-
