2300 3906
694 239 772 276 DE
812 239 1009 280 nanno
1049 237 1272 276 GE'rlco
1314 237 1435 276 mn.
1863 225 1972 280 753

152 356 288 409 Non
310 356 426 408 sine
449 355 678 408 Ciroaeis
705 355 942 407 Latonia
966 356 1197 408 reddidit
1220 356 1423 410 herbis,

151 439 446 507 Cretaque,
474 440 522 489 si
546 453 716 489 verax
739 444 983 491 narratur
1003 440 1210 502 fabula,
1236 440 1380 492 vidit

151 523 406 576 Minoum
430 526 588 589 rupto
613 537 837 588 puerum
864 524 1084 590 prodire
1109 525 1360 590 sepulcro
1384 540 1397 576 ε

151 606 331 670 Quem
359 606 540 658 senior
562 612 717 657 vates
744 608 930 659 avium
955 609 1208 675 clangore
1231 611 1506 674 repertum

150 689 412 741 Gramine
436 689 699 740 restituit:
738 692 890 743 mirae
909 707 1041 744 nam
1064 706 1289 742 munere
1314 691 1477 742 sortis

153 772 358 824 Dulcia
377 771 542 822 mella
565 788 781 838 necem,
808 777 982 829 vitam
1007 775 1155 827 dedit
1177 775 1428 826 horridus
1456 777 1669 843 anguis.

149 854 228 933 At
253 860 378 908 tuus
403 854 674 909 adventus
698 874 811 911 non
831 875 999 912 unum
1025 874 1226 927 corpus
1253 860 1323 910 ab
1348 860 1578 923 umbriS,

1866 693 1975 748 445

149 1041 236 1079 dolo
253 1051 421 1079 novercoe
447 1044 662 1079 contemtae.
721 1043 778 1082 Et
813 1045 950 1094 Creta,
982 1045 1016 1083 si
1046 1057 1168 1084 sermo
1201 1057 1315 1084 veras
1346 1048 1596 1094 memoratur,
1627 1045 1781 1095 aspexit
1807 1058 1974 1098 puerum

150 1094 330 1133 Minoum
348 1094 457 1133 exire
476 1106 529 1132 ex
549 1095 694 1132 tumulo
703 1094 837 1142 fracto
852 1111 869 1143 ;
896 1110 1005 1147 quem
1035 1110 1210 1148 puerum
1243 1100 1439 1138 inventum
1458 1099 1608 1138 ululatu
1626 1100 1822 1138 volucrum
1847 1112 1975 1150 angar

148 1147 279 1185 senior
306 1146 424 1186 herba
455 1146 635 1198 quadam
669 1149 917 1189 restauravit.
973 1151 1133 1189 Etenim
1161 1153 1257 1190 dono
1286 1153 1405 1191 sortis
1433 1151 1688 1199 admirabilis,
1706 1153 1820 1191 mella
1838 1154 1975 1193 suavia

149 1199 365 1239 dederunt
383 1200 465 1252 ipsi
487 1202 618 1248 letum,
648 1206 693 1240 et
721 1213 874 1253 serpens
903 1202 1102 1242 horribilis
1132 1204 1275 1244 tribuit
1301 1206 1435 1245 vitam.
1490 1203 1567 1243 Sed
1591 1207 1778 1245 adventus
1794 1210 1883 1245 tuus
1899 1218 1977 1246 mm

941 1308 1234 1325 OOOOOOOOOOOO

155 1385 212 1426 Ut
218 1386 402 1435 ⁴iuvenem
439 1387 547 1428 Exc.
566 1387 691 1437 Laeti,
711 1388 780 1428 ed.
799 1387 941 1428 Vicet.
981 1389 1126 1439 spretis
1140 1388 1294 1429 PetaV.
1314 1393 1414 1428 tert.
1457 1392 1630 1440 spretum
1659 1390 1802 1431 Oxon.
1835 1403 1977 1431 sec.—

151 1442 230 1480 441
263 1441 368 1479 Num
390 1440 532 1481 Oxon.
552 1454 634 1481 sec.
685 1443 848 1481 Cirroeis
874 1443 970 1481 Pal.
998 1442 1118 1481 Med.
1141 1445 1343 1493 pr.-—442
1374 1443 1567 1494 Certaque
1584 1443 1703 1482 Leia.
1722 1455 1788 1493 pr.
1809 1444 1981 1486 Tholos.

148 1504 239 1532 vera
258 1493 340 1532 duo
360 1495 480 1534 Vatt.
502 1495 626 1533 Farn.
647 1495 765 1534 Med.
784 1508 866 1534 sec.
887 1496 954 1535 ed.
973 1496 1114 1534 Vicet.
1135 1502 1178 1535 et
1196 1497 1342 1535 Parm.
1364 1495 1471 1535 Exc.
1494 1497 1617 1535 Laeti.
1646 1508 1766 1535 verax
1783 1497 1974 1538 Florent-

149 1545 235 1585 dno
255 1546 374 1586 Med.
408 1548 489 1587 inc.
522 1549 670 1586 Heius.
706 1549 807 1587 Put.
842 1549 949 1599 Reg.
979 1549 1137 1588 Thuan.
1171 1550 1331 1589 Mazar.
1363 1549 1527 1589 Bonon.
1561 1549 1661 1589 Pat.
1689 1550 1856 1591 TholoS.
1888 1557 1978 1591 tres

149 1598 305 1639 Petav.
325 1600 503 1638 totidem
524 1599 672 1639 Ambr.
692 1601 846 1639 Sched.
867 1601 981 1641 Gud.
1002 1603 1102 1641 Var.
1119 1602 1204 1640 LL.
1227 1613 1251 1640 e
1271 1613 1404 1652 marg.
1424 1602 1702 1642 Para—443
1721 1608 1836 1654 rapto
1853 1604 1976 1644 Leid.

153 1663 216 1702 pr.
262 1652 390 1691 redire
419 1665 498 1704 pro
523 1655 681 1704 prodire
713 1655 839 1693 Farn.
884 1653 1061 1704 prodisse
1078 1655 1317 1694 Low—444
1345 1658 1485 1695 aarum
1506 1667 1583 1706 pro
1602 1656 1730 1694 aviam
1750 1656 1869 1695 Med.
1891 1668 1976 1697 sec.

151 1705 321 1757 clamore·
337 1711 424 1745 tres
443 1708 559 1745 Vatt.
579 1708 702 1746 Fam.
724 1707 847 1746 Rott.
871 1708 1054 1746 Florent.
1074 1707 1227 1747 Petav.
1247 1719 1311 1757 pr.
1333 1708 1452 1749 Med.
1472 1720 1559 1747 sec.
1601 1711 1765 1748 clamore
1783 1710 1850 1748 vel
1874 1710 1980 1749 clan-

148 1769 244 1806 gore
264 1758 361 1798 Vat.
382 1763 656 1811 quart.-445
676 1760 765 1808 jam
784 1773 938 1799 minnere
956 1760 1078 1800 Leid.
1099 1772 1165 1812 pr.
1182 1761 1283 1800 Vat.
1304 1767 1441 1813 quart.
1478 1763 1634 1800 nuntiae
1653 1762 1747 1801 Pal.
1769 1761 1888 1801 Med.
1910 1775 1976 1814 pr.

150 1812 307 1850 vulnere
346 1813 464 1851 Med.
503 1825 586 1852 sec.
620 1815 743 1854 Voss.
781 1815 884 1853 Exc.
923 1814 1099 1853 Gevart.
1144 1826 1236 1853 nam
1268 1815 1423 1854 vulnere
1457 1814 1575 1855 Leid.
1606 1818 1826 1855 sec.—446
1866 1816 1977 1854 melle

151 1864 310 1904 Moret.
331 1876 395 1916 pr.
411 1865 499 1906 vid.
514 1867 617 1905 Var.
640 1867 760 1906 Lect.
778 1867 1155 1906 contareni.-447
1176 1870 1334 1907 eventus
1353 1868 1451 1908 Vat.
1471 1868 1739 1921 quina—448
1766 1867 1833 1908 sub
1851 1873 1978 1908 monte

971 1983 1148 2054 No'TAE

154 2116 326 2168 deperit
360 2116 630 2170 solicitatque
666 2118 855 2158 Phaedra
883 2130 1035 2158 nover-

153 2192 220 2230 ca,
238 2179 312 2219 sed
331 2178 505 2220 frustra.
561 2182 676 2232 Ergo
697 2194 883 2221 amorem
903 2181 1037 2221 vertit

152 2242 198 2280 in
218 2241 375 2291 odium,
395 2254 578 2296 eumque
597 2244 710 2295 apud
727 2244 942 2283 Theseum
964 2256 1037 2295 pa-

152 2310 265 2345 trem
294 2311 482 2357 accusat,
501 2307 621 2358 quasi
652 2307 732 2345 sibi
760 2312 954 2357 stuprum
973 2307 1037 2346 in-

154 2366 270 2407 ferre
303 2368 522 2408 voluisset.
576 2369 711 2408 Pater
743 2369 942 2408 credulus
978 2370 1034 2408 de

152 2429 228 2468 filii
263 2442 370 2470 nece
401 2433 591 2482 cogitat:
636 2432 901 2483 Hippolytus
938 2444 1036 2471 con-

156 2504 305 2532 scenso
325 2504 452 2531 curru
474 2492 616 2544 fugit3
645 2494 720 2532 sed
742 2493 841 2532 dum
862 2494 1035 2543 Phocae,

153 2567 247 2608 quae
267 2554 380 2595 forte
398 2556 440 2595 in
458 2556 580 2595 littus
597 2557 808 2607 exierant,
827 2568 1033 2608 equorum

134 2644 136 2647 -
155 2618 341 2670 strepitu
359 2619 603 2670 perterritae
623 2620 666 2658 in
685 2631 802 2658 mare
819 2631 864 2657 se
884 2619 1034 2669 praeci-

155 2682 362 2734 pitarent,
392 2682 488 2735 equi
508 2682 691 2722 vicissim
710 2682 846 2721 territi
864 2694 1032 2721 currum

153 2757 233 2796 per
249 2758 350 2785 saxa
365 2746 553 2796 trahunt,
565 2745 911 2797 Hippolytusque
932 2744 1033 2783 loris

155 2807 389 2858 implicitus
409 2807 683 2859 discerpitur.

207 2873 284 2910 441
318 2870 499 2920 Circaeis]
537 2870 662 2909 Circe
691 2869 801 2909 Solis
839 2867 942 2918 filia,
971 2868 1034 2908 in-

155 2931 286 2983 signis
313 2929 396 2971 fuit
430 2930 649 2970 venefica:
678 2931 905 2971 habitabat
936 2943 1034 2971 oras

156 2993 271 3033 Latii
302 2993 345 3032 in
364 2993 531 3033 Circaeo
560 3000 703 3033 monte
734 2992 875 3033 herbis
905 2992 1035 3033 abun-

155 3054 300 3097 dante.

207 3118 395 3170 Latonia]
433 3118 574 3159 Diana
602 3120 780 3159 Latonae
811 3119 912 3175 tilia,
938 3132 1034 3171 quae.

159 3181 331 3221 amabat
349 3182 638 3234 Hippolytum
674 3184 888 3223 venationi
922 3184 1039 3223 dedi-

160 3250 268 3292 tum,
298 3257 479 3297 eumque
508 3258 562 3285 ex
591 3247 768 3286 mortuis
799 3247 1037 3287 suscitavit.

158 3305 642 3357 Virgiliussuscitatum
675 3310 736 3349 ait
764 3310 817 3349 ab
853 3311 1038 3349 AEscula·

158 3368 231 3420 pio
249 3380 263 3415 ·,
290 3368 366 3406 sed
384 3370 576 3419 precibus
590 3371 741 3411 Dianae
760 3372 804 3411 id
823 3370 1038 3412 effectum.

159 3430 423 3482 Hippolytus
450 3432 604 3482 postea
622 3433 763 3474 dictus
781 3440 849 3475 est
873 3436 1042 3476 Virbius.

267 3496 418 3549 Delph.
436 3500 474 3537 et
497 3497 592 3539 Var.
611 3499 717 3542 clas.

1154 2120 1234 2156 442
1267 2117 1405 2170 Creta]
1444 2117 1605 2168 Insula,
1625 2117 1666 2156 in
1685 2129 1766 2170 qua
1786 2117 1982 2169 regnavit

1101 2180 1255 2220 Minos.

1154 2243 1322 2294 Fabula]
1356 2244 1526 2284 Dicitur
1546 2243 1675 2284 etiarn
1697 2243 1749 2283 de
1770 2254 1981 2295 sermone,

1104 2312 1150 2347 ut
1167 2305 1284 2355 μύθος
1302 2307 1416 2357 apud
1438 2307 1629 2347 Graecos.
1686 2307 1765 2345 Est
1784 2307 1899 2345 urbis
1920 2306 1981 2346 fa-

1101 2370 1200 2409 bula
1219 2383 1230 2418 ;
1259 2369 1301 2407 id
1321 2375 1401 2415 est,
1419 2369 1538 2408 estin
1553 2381 1626 2407 ore
1641 2373 1770 2419 atque
1787 2380 1981 2409 sermone

1101 2432 1299 2470 omnium.

1153 2496 1232 2532 443
1263 2493 1464 2544 Minoum]
1502 2493 1713 2533 Glaucum
1743 2492 1900 2532 Minois
1930 2492 1981 2533 fi-

1100 2556 1218 2595 lium.
1275 2555 1360 2594 Hic
1390 2555 1434 2594 in
1463 2555 1598 2595 mellis
1627 2555 1784 2595 dolium
1806 2554 1983 2608 decidit,

1101 2626 1147 2659 et
1177 2619 1456 2671 extinguitur.
1512 2620 1654 2659 Minos
1686 2619 1821 2659 iratus
1850 2619 1982 2673 Poly-

1099 2683 1216 2722 idum
1237 2682 1391 2723 Glauci
1409 2682 1619 2723 medicum
1638 2695 1734 2723 cum
1751 2695 1886 2735 puero
1907 2695 1982 2723 ex-

1100 2746 1235 2785 tincto
1251 2746 1392 2784 vivum
1412 2746 1583 2796 sepeliri
1596 2745 1740 2796 jubet.
1772 2745 1981 2796 Polyidus

1101 2812 1205 2848 tunc
1238 2814 1411 2848 moestus
1450 2807 1568 2847 videt
1604 2809 1709 2848 duos
1742 2813 1984 2860 serpentes,

1102 2883 1280 2923 quorum
1300 2883 1426 2910 unum
1445 2871 1620 2912 occidit.
1673 2871 1759 2911 Sed
1778 2872 1904 2922 alter,
1919 2871 1983 2910 in-

1101 2938 1222 2985 gesta
1248 2934 1291 2972 in
1320 2946 1366 2973 os
1394 2934 1607 2986 serpentis
1636 2934 1771 2974 occisi
1798 2932 1982 2985 quadam

1101 2996 1247 3046 herba,
1280 2996 1362 3047 ipsi
1396 2997 1526 3036 vitam
1554 2996 1757 3037 reddidit.
1813 2995 1983 3036 Idcirco

1103 3058 1250 3098 eadem
1283 3059 1417 3099 herba
1450 3059 1603 3100 Glauci
1635 3073 1681 3100 os
1723 3060 1895 3111 replet;
1935 3064 1983 3099 et

1103 3124 1247 3162 statim
1275 3123 1345 3164 hic
1366 3123 1597 3164 reviviscit.
1651 3123 1872 3164 Videndus
1894 3123 1984 3175 Hy-

1104 3185 1241 3236 ginus.

1156 3252 1236 3288 444
1270 3248 1408 3301 Vates]
1449 3250 1656 3303 Polyidus
1681 3262 1816 3302 augur
1833 3255 1878 3289 et
1895 3258 1982 3290 me·

1104 3311 1236 3353 dicus.

1158 3375 1304 3414 Avium
1330 3375 1528 3426 clangore]
1578 3377 1752 3415 Ululatu
1787 3372 1982 3423 bubonis,

1107 3437 1180 3488 qui
1198 3438 1406 3480 indicavit
1425 3439 1634 3479 Glaucum
1650 3438 1692 3475 in
1713 3435 1847 3475 mellis
1866 3434 1980 3475 dolio

1009 3502 1148 3545 Claud.
1788 3504 1812 3540 3
1834 3502 1871 3541 B
