2300 3906
742 235 821 273 nn
864 232 943 273 vi.
983 234 1153 273 cons.
1192 234 1426 273 HoNoR.
1878 221 1983 275 781

177 353 474 419 Indigenas
499 351 724 403 habitus
746 352 935 403 nativa
962 351 1180 404 Palatia
1207 357 1452 414 sumunt,

176 436 265 498 Et,
293 435 483 502 patriis
504 433 724 500 plebem
749 436 943 486 castris
970 436 1216 487 sociante
1238 435 1490 499 Quirine,

176 517 335 579 Mars
361 522 599 583 augusta
624 517 708 566 sui
733 522 957 570 renovat
982 518 1241 583 suffragia
1260 518 1484 586 Campi.

176 599 381 663 Qualis
409 599 510 650 erit
533 600 707 662 terriS‚
735 616 894 667 quem
917 616 1079 652 mons
1105 599 1415 653 Evandrius
1442 599 1596 653 offert

177 681 446 733 Romanis
473 682 690 744 avibuS‚
719 699 880 750 quem
905 684 1109 751 Tybris
1132 684 1418 750 inaugurat
1442 687 1682 736 annum?

178 762 510 830 Quanquam
535 780 745 830 omnes,
771 767 1100 834 quicumque
1124 769 1204 820 tui
1229 768 1588 835 cognominiS‚
1615 768 1741 820 anni

176 847 405 914 Semper
429 847 755 902 inoffensum
782 851 1025 904 dederint
1052 853 1413 904 successibus
1440 867 1619 915 omen,

1918 516 1988 595 10

178 1004 339 1051 ornatur
370 1011 539 1051 vestibus
566 1025 665 1052 vere
701 1015 888 1056 Romanis
904 1032 920 1065 ;
955 1023 994 1057 et
1027 1018 1191 1057 Romulo
1209 1018 1404 1068 jungente
1434 1019 1613 1070 populum
1644 1018 1832 1057 militibus
1860 988 1992 1067 Italis,

178 1064 495 1124 Mars-restituit
522 1065 878 1128 suffragia-Campi
906 1072 985 1111 sui.
1042 1072 1182 1115 Qualis
1213 1072 1289 1111 erit
1321 1072 1363 1110 in
1386 1072 1489 1110 Orbe
1508 1084 1629 1111 annus
1657 1072 1744 1118 ille,
1761 1084 1869 1122 quem
1886 1083 1994 1110 mons

177 1116 388 1157 Palatinus
401 1120 570 1158 ostendit
589 1120 801 1159 volucribus
822 1123 1023 1174 Romanis,
1042 1137 1152 1174 quem
1171 1125 1303 1163 Tibris
1321 1123 1579 1175 auspicatur?
1634 1124 1726 1163 Etsi
1744 1125 1836 1163 anni
1853 1136 1995 1172 amnesi,

178 1169 400 1222 quicumque
420 1169 567 1212 ferunt
598 1178 892 1223 cognomentum
918 1179 1042 1227 tuum,
1063 1177 1303 1227 praebuerint
1333 1179 1537 1227 augurium
1564 1177 1690 1216 simile
1720 1176 1930 1228 eventibus,
1956 1179 1994 1215 et

940 1286 1186 1302 OOOOOOOOOO
1187 1287 1235 1302 u

179 1361 258 1400 pro
276 1350 385 1399 juris
404 1350 603 1393 PrIc.-9
630 1351 784 1392 tribuno
806 1353 1021 1393 Low—10
1049 1366 1157 1393 mens
1174 1367 1254 1406 pro
1277 1355 1390 1393 Mars
1405 1354 1524 1393 Leid.
1546 1366 1611 1403 pr.
1630 1366 1684 1392 m.
1706 1365 1790 1392 sec.
1834 1356 1999 1402 angusta

179 1404 282 1442 Var.
302 1404 385 1443 LL.
406 1417 430 1444 e
449 1417 582 1456 marg.
603 1406 747 1445 Parm.
768 1411 813 1453 et
831 1405 897 1446 ed.
917 1405 1049 1447 Antv.
1069 1408 1144 1446 sibi
1164 1408 1218 1446 al.
1238 1407 1300 1446 sui
1320 1406 1640 1446 Florent.Med.
1662 1418 1726 1455 ρι’.
1746 1407 1829 1444 inc.
1850 1406 2000 1445 Heius.

180 1456 342 1496 Mazar.
365 1463 448 1498 vet.
470 1459 575 1508 Gyr.
594 1459 696 1498 Lov.
712 1459 838 1499 Voss.
859 1461 958 1499 Vat.
981 1461 1118 1500 Livin.
1147 1465 1235 1499 tres
1256 1460 1409 1499 Petav.
1430 1461 1534 1499 Exc.
1552 1459 1729 1498 Gevart.
1749 1464 1794 1496 et
1815 1458 1999 1496 Lucens.

181 1519 245 1560 ρι’.
266 1509 334 1550 ed.
354 1511 495 1571 Yicet.
515 1511 619 1551 Var.
639 1511 726 1552 LL.
749 1523 772 1550 e
797 1525 927 1564 marg.
948 1513 1091 1552 Parm.
1120 1519 1273 1552 resonat
1289 1513 1327 1551 T
1330 1513 1455 1551 huan.
1498 1516 1651 1551 revocat
1669 1511 1771 1552 Jun.
1793 1523 1856 1561 pr.
1878 1511 2000 1550 Voss.

181 1562 291 1612 Reg.
315 1563 437 1624 Leid.
457 1576 542 1603 sec.
562 1565 668 1611 Exc.
699 1564 880 1604 Gevart.
924 1566 984 1605 sic
1001 1578 1180 1605 revocare
1195 1566 1344 1615 gaudio
1366 1566 1491 1605 cons.
1511 1565 1632 1604 Mau.
1656 1577 1717 1602 vs.
1735 1567 1801 1603 30.
1828 1563 2002 1613 fastigia

182 1614 285 1655 Put.
321 1614 496 1665 fasti-gia
515 1618 583 1656 vel
601 1617 798 1668 suffragia
818 1619 920 1657 Vat.
943 1622 1145 1658 tert.--ll
1177 1623 1261 1657 erat
1290 1618 1409 1658 Leid.
1431 1630 1515 1657 sec.
1546 1630 1601 1656 m.
1621 1629 1682 1668 pr.
1703 1617 1801 1657 Jun.
1823 1628 1885 1666 pr.
1905 1617 2002 1654 vat.

184 1672 324 1718 quart.
345 1669 465 1709 Med.
495 1683 558 1721 pr.
591 1670 692 1709 Put.
726 1669 810 1709 duo
831 1671 982 1711 Petav.
1012 1672 1175 1711 Bonon.
1205 1672 1306 1711 Pat.
1336 1671 1419 1710 duo
1440 1670 1587 1709 Ambr.
1619 1670 1724 1708 Lov.
1755 1670 1916 1709 Moret.
1937 1678 2001 1718 pr.

185 1729 299 1770 unde
318 1736 384 1770 eat
413 1735 524 1784 conj.
540 1731 696 1771 Heius.
725 1733 768 1775 εἳ·
799 1734 950 1774 Ambr.
971 1745 1054 1773 sec.
1083 1738 1168 1773 erat
1186 1734 1252 1772 vel
1272 1732 1348 1772 erit
1375 1732 1492 1771 Med.
1514 1743 1600 1770 sec.
1641 1744 1754 1782 quam
1776 1731 1894 1770 Leid.
1916 1742 2003 1769 sec.

183 1782 302 1834 affert
321 1784 349 1826 J
355 1797 424 1825 un.
444 1797 508 1836 pr.
535 1785 655 1837 offert
676 1789 742 1826 vel
762 1787 879 1839 effert
897 1788 1037 1826 Oxou.
1058 1790 1232 1837 p1·.—12
1264 1785 1400 1834 Tigris
1422 1785 1525 1824 Put.
1546 1784 1706 1823 Mazar.
1733 1796 1856 1824 annus
1884 1783 2003 1822 Med.

182 1848 268 1875 sec.
313 1850 454 1877 annum
474 1840 596 1877 Lcid.
618 1850 682 1888 ρι’.
715 1843 805 1880 Pal.
840 1841 1030 1879 Florent.
1064 1840 1149 1879 duo
1169 1838 1290 1879 Med.
1327 1838 1486 1877 Moret.
1508 1849 1572 1887 pr.
1598 1837 1666 1876 ed.
1686 1838 1830 1877 Parin.
1875 1836 2004 1875 amni-s

182 1887 337 1951 Ambra·
351 1901 416 1940 pr.
447 1891 567 1931 Me'd.
596 1900 733 1942 quart.
765 1893 916 1932 Sched.
939 1893 1163 1933 Gud.-13
1193 1903 1442 1942 quoscumque
1460 1891 1544 1929 inc.
1574 1890 1722 1928 Heius.
1758 1893 2005 1940 quotcumque

185 1943 440 1993 conjiciebat
467 1945 617 1983 Heius.
666 1944 809 1994 Vigent
829 1946 1065 1995 cognominis
1082 1946 1247 1984 Thuan.
1288 1944 1378 1993 pari
1407 1942 1643 1991 cognominis
1660 1943 1786 1981 Farn.
1828 1942 2005 1990 cognovi-

185 2006 272 2033 mm
293 1996 413 2035 Med.
446 2002 547 2036 tert.
575 1998 677 2036 Var.
697 2000 781 2038 LL.
815 1999 881 2039 ed.
902 1998 1142 2037 Antv.-—l4
1171 1996 1371 2047 inoffensis
1399 1996 1480 2034 inc.
1514 1994 1668 2034 Heins.
1714 1996 1901 2033 dederant
1921 1993 2004 2031 duo

184 2048 304 2088 Van.
324 2050 450 2089 Fam.
471 2051 591 2090 Rott.
612 2051 732 2091 Med.
753 2064 818 2103 pr.
836 2052 938 2090 Put.
959 2052 1119 2090 Mazar.
1145 2050 1309 2088 Bonon.
1328 2049 1484 2088 Petav.
1504 2059 1590 2087 sec.
1610 2047 1710 2086 Pat.
1743 2046 1826 2085 due
1855 2044 2005 2085 Ambr.

1016 2169 1190 2212 NOTAE

240 2259 431 2311 Dissona]
459 2260 639 2300 Habens
659 2260 831 2301 diversa
847 2259 1063 2311 suffragia.

242 2326 267 2362 8
296 2323 527 2373 Indigenas]
558 2324 711 2363 Vestes
727 2325 940 2363 Romanas
959 2323 1066 2362 Con-

145 2382 153 2389 ”
190 2385 401 2425 sularibus
422 2386 602 2425 comitiis
623 2386 675 2424 ab
696 2385 861 2436 origine
881 2385 1067 2424 destina·

193 2453 273 2496 tas,
293 2451 338 2486 et
357 2448 476 2486 velut
498 2448 643 2487 Romae
664 2452 803 2497 natas,
833 2451 908 2486 aut
928 2445 982 2484 ab
1008 2445 1068 2484 in-

188 2509 354 2561 digenis
374 2515 615 2559 usurpatas.

230 2573 400 2612 ¹Nativa
425 2571 603 2622 Palatia]
631 2572 682 2611 In
708 2571 859 2623 quibus
882 2575 984 2610 nata
1003 2573 1071 2608 est

191 2637 284 2688 ipsa
328 2635 514 2687 dignitas
560 2636 829 2684 Consulatum,
882 2638 928 2672 et
976 2644 1070 2684 quae

193 2711 346 2750 magno
370 2712 465 2738 cum
482 2699 665 2737 omnium
694 2698 846 2749 gaudio
862 2696 1073 2747 Princeps

195 2762 352 2803 Consul
370 2762 544 2812 repetit,
559 2761 806 2800 Mediolano
825 2771 1037 2799 reversus.

249 2828 276 2863 9
306 2824 492 2874 Quirino]
532 2824 743 2873 ¹Romulo,
779 2834 855 2862 seu
885 2821 1074 2872 Impera-

199 2891 291 2926 tore
308 2898 552 2925 successore
575 2886 758 2936 Romuli,
788 2885 1075 2936 conjungente

195 2949 344 3001 plebem
363 2949 516 2996 castris,
547 2949 588 2986 id
609 2955 690 2997 est,
710 2948 913 3000 populum
933 2946 1074 2986 militi-

200 3015 296 3064 bus,
317 3021 363 3055 et
382 3014 442 3054 sic
462 3015 503 3053 in
524 3019 645 3052 veste
667 3011 885 3053 Consulari
910 3010 963 3050 ad
993 3010 1075 3049 Pa-

198 3078 349 3119 latium
368 3077 612 3116 incedente.
884 3118 889 3119 ⁷

256 3144 307 3180 lo
352 3140 532 3190 Augusta
565 3137 781 3191 suff-agia]
841 3136 1078 3187 Augustum

194 3203 439 3245 -Honorium
459 3203 687 3242 Consulem
703 3201 908 3240 electura.

254 3265 421 3317 Campi]
450 3264 615 3317 Martii,
634 3263 827 3305 creandis
852 3261 1079 3314 Magistra-

207 3325 320 3366 tibus
340 3326 559 3366 destinati.

261 3389 311 3428 11
341 3388 459 3428 Mons
478 3386 721 3438 Evandrius]
764 3387 891 3428 Mons
916 3385 1079 3426 Palati-

1133 2269 1211 2297 nus
1232 2256 1285 2296 ab
1309 2255 1509 2296 Evandro
1539 2253 1678 2294 cultus
1706 2250 1920 2303 promittit
1939 2262 2011 2290 an-

1133 2333 1233 2360 num
1251 2318 1442 2358 futurum
1458 2316 1647 2364 felicem,
1668 2315 1851 2354 Consule
1868 2313 2012 2353 Hono·

1134 2381 1211 2431 rio,
1232 2381 1344 2419 sicut
1361 2379 1463 2417 alias
1484 2390 1537 2416 ex
1570 2376 1835 2427 inspectione
1855 2374 2013 2414 duode-

1134 2444 1218 2482 cim
1230 2443 1443 2481 vulturum
1459 2439 1653 2491 promisit
1667 2438 1847 2477 Romulo
1862 2437 2011 2476 urbem

1135 2503 1302 2545 felicem
1322 2503 1425 2542 fore.

1191 2570 1242 2606 12
1271 2564 1460 2606 Romanis
1477 2562 1629 2614 acibus]
1655 2562 1897 2602 Duodecim
1923 2560 2011 2599 vul-

1137 2629 1317 2680 turibus,
1341 2639 1436 2680 quae
1454 2639 1552 2666 aves
1571 2625 1721 2666 felices
1737 2623 1910 2665 fuerunt
1926 2623 2013 2674 ,Ro-

1138 2691 1284 2732 manis.
1876 2720 1879 2723 ,

1193 2753 1434 2805 Inaugurat]
1460 2751 1610 2804 Tybris
1633 2751 1802 2801 incipit,
1821 2748 2014 2800 auspica-

1140 2821 1226 2867 tur,
1256 2817 1483 2867 inaugurat
1512 2825 1667 2852 annum
1685 2811 1883 2860 Honorii,
1917 2809 2015 2862 quia

1140 2880 1209 2919 hic
1245 2879 1522 2919 Consulatum
1559 2887 1679 2915 suum
1709 2878 1831 2925 geret
1865 2873 2014 2911 Romoe

1143 2943 1196 2982 ad
1213 2941 1385 2993 Tybrim
1403 2954 1413 2980 :
1434 2940 1539 2979 alios
1558 2944 1751 2990 gesserat
1769 2935 2017 2976 Mediolani.

1198 3010 1248 3046 14
1268 3003 1523 3056 Inqffensum]
1549 3003 1727 3052 Semper
1744 2999 1843 3040 anni
1856 3000 2018 3039 Consu-

1143 3071 1305 3110 latuum
1330 3074 1495 3106 tuorum
1524 3067 1711 3104 dederunt
1728 3075 1838 3102 omen
1855 3059 2021 3112 inoffen-

1142 3145 1228 3171 sum
1241 3129 1488 3178 successibus,
1503 3130 1582 3167 lioc
1599 3135 1676 3175 est,
1697 3137 1779 3164 non
1801 3123 2017 3162 turbatum

1146 3196 1201 3236 ab
1220 3199 1404 3242 eventu;
1436 3203 1511 3231 seu
1530 3190 1771 3229 habuerunt
1800 3195 2017 3225 successus

1144 3270 1231 3297 non
1250 3253 1444 3305 offensos,
1474 3252 1551 3292 sed
1583 3249 1890 3303 respondentes
1916 3243 2019 3285 omi·

1147 3321 1377 3370 nibus,·-seu
1391 3313 1817 3368 auspiciis-felicibus,
1833 3321 1909 3351 seu
1921 3306 2018 3348 feli-

1149 3383 1273 3426 citati
1289 3385 1491 3435 speratae.
1981 3393 1984 3397 ,
