2300 3906
692 216 771 253 DE
813 215 1008 254 sunno
1049 214 1269 254 enrico
1316 216 1431 256 mn.
1859 208 1967 272 739

165 328 310 383 Haec
334 335 390 382 et
413 330 719 383 Teutonico
743 331 1025 395 quondam
1049 333 1331 400 patefacta
1354 332 1523 385 furori
1552 356 1554 358 v

163 412 327 466 Colla
352 415 586 466 catenati
616 413 751 466 vidit
776 415 1085 481 squalentia
1107 416 1332 468 Cimbri.

161 497 291 549 Vile
318 498 505 558 decuS,
534 496 683 563 quod
709 514 819 548 non
845 501 1015 551 erexit
1034 501 1280 566 praevius
1304 500 1517 553 horror:

160 580 412 646 Ingentes
438 581 709 645 geminant
731 582 1045 634 discrimina
1069 599 1268 649 magna
1293 584 1611 650 triumphos.
1865 583 1971 635 295

162 660 313 724 Quid
341 668 529 729 turpes
549 663 667 729 jam
693 671 868 716 mente
894 665 1071 734 fugaS‚
1093 665 1222 732 quid
1247 665 1468 716 Gallica
1489 682 1618 717 rura

162 743 481 811 RespicitiS‚
506 746 780 815 Latioque
806 750 940 800 libet
963 754 1093 815 post
1115 755 1267 815 terga
1293 749 1480 800 relicto

157 828 533 896 Longinquum
557 832 805 900 profugis
832 831 1032 885 Ararin
1057 834 1387 901 proecingere
1414 834 1645 884 castris?

157 911 383 963 Scilicet
405 911 631 965 Arctois
657 932 918 969 concessa
936 917 1185 984 gentibus
1212 915 1363 967 Urbe

157 993 421 1048 Considet
442 1014 665 1064 regnum
691 999 984 1063 RhodanO,
1009 1000 1286 1068 capitique
1310 1002 1592 1067 superstes
1861 999 1970 1051 300

155 1180 238 1220 hoec
257 1185 295 1220 et
314 1182 405 1242 olim
423 1187 560 1233 aperta
588 1181 713 1222 rabiei
746 1184 980 1241 Teutonicae‚
1007 1186 1197 1236 spectavit
1222 1188 1319 1227 colla
1348 1188 1483 1226 tristia
1519 1187 1669 1227 Cimbri
1697 1188 1828 1238 ligati.
1883 1188 1972 1228 Ho-

155 1245 227 1295 nor
245 1238 302 1274 est
319 1235 425 1284 vilis,
454 1248 564 1286 quem
597 1236 715 1275 timor
738 1239 960 1287 praecedens
991 1251 1066 1278 non
1096 1240 1298 1279 excitavit.
1355 1240 1542 1289 Ingentia
1570 1242 1742 1291 pericula
1775 1242 1973 1291 duplicant

154 1288 339 1326 victorias
362 1290 566 1337 gloriosas.
641 1289 747 1334 Quid
783 1290 945 1329 cernitis
980 1292 1109 1330 animo
1126 1291 1215 1339 J'am
1245 1291 1395 1343 effugia
1420 1292 1636 1342 inhonesta,
1675 1294 1765 1343 quid
1798 1293 1973 1333 cernitis

153 1351 270 1389 agros
304 1340 495 1391 Gallicos,
542 1345 581 1380 et
610 1341 732 1382 Italia
759 1343 943 1382 derelicta
974 1348 1065 1394 post
1097 1347 1251 1393 tergum
1268 1345 1386 1392 juvat
1421 1345 1570 1384 ambire
1593 1346 1755 1384 Ararim
1785 1349 1972 1385 remotum

154 1392 376 1454 agminibus
391 1393 674 1445 fugientibus?
728 1395 932 1435 Nimirum
950 1396 1042 1435 urbe
1062 1396 1197 1436 Roma
1225 1397 1375 1436 tradita
1399 1397 1551 1449 populis
1576 1397 1975 1448 Septemtrionalibus,

154 1456 359 1496 imperium
403 1448 662 1487 constituetur
705 1448 759 1488 ad
800 1449 1049 1500 Rhodanum,
1092 1453 1131 1489 et
1175 1454 1335 1490 truncus
1377 1450 1591 1491 remanebit
1630 1450 1831 1491 incolumis
1874 1455 1974 1502 post

924 1579 1166 1596 ”N‘OOON
1172 1581 1219 1596 ‘O

153 1660 254 1700 Vat.
294 1666 432 1713 quart.
473 1664 664 1702 restruxit
698 1663 824 1703 Farn.
870 1663 1076 1713 restringit
1124 1662 1281 1702 Mazar.
1323 1662 1531 1702 restrinxit
1573 1663 1675 1703 Vat.
1709 1663 1845 1714 quint.
1874 1662 1970 1704 Pal.

153 1714 251 1754 Jun.
272 1726 334 1764 pr..
353 1714 472 1754 Leid.
501 1727 565 1766 pr.
596 1715 682 1755 duo
710 1716 854 1756 Oxou.
883 1717 1005 1758 Junt.
1037 1715 1136 1755 Ald.
1157 1715 1312 1766 Isingr.
1343 1722 1389 1754 et
1420 1717 1472 1755 al.
1499 1716 1687 1755 restinxit
1713 1717 1816 1756 Low
1848 1715 1973 1756 Leid.

151 1778 239 1806 sec.
260 1767 377 1806 Med.
393 1773 532 1819 quart.
548 1768 632 1809 inc.
653 1769 802 1809 Heius.
821 1769 926 1809 Exc.
946 1770 1128 1808 Lucens.
1147 1780 1213 1819 pr.
1230 1768 1456 1808 ed.Vicet.
1470 1769 1677 1819 flammam
1691 1768 1808 1808 Med.
1828 1772 1969 1819 quart.

151 1822 286 1858 —292
306 1819 446 1867 furore
477 1821 578 1860 Vat.
611 1825 710 1861 tert.
742 1822 1070 1862 Florent.—294
1093 1821 1229 1872 plenus
1249 1833 1326 1872 pro
1343 1821 1514 1872 praevius
1531 1821 1788 1873 inc.¹Heins.
1813 1820 1972 1871 pervius

152 1871 313 1911 Moret.
331 1884 394 1922 pr.
415 1884 523 1911 error
543 1873 661 1913 Med.
682 1878 898 1914 sem—295
925 1877 1116 1924 generant
1134 1874 1258 1913 Leid.
1280 1886 1343 1924 pr.
1365 1873 1504 1913 Oxon.
1526 1886 1589 1924 pr.
1610 1872 1757 1913 Ambr.
1778 1885 1863 1913 see.
1882 1882 1969 1914 vet.

153 1924 258 1976 Gyr.
279 1925 383 1964 Exc.
401 1925 584 1964 Lucens.
606 1929 805 1976 pr.--296
837 1928 895 1966 Et
914 1931 1046 1978 turpes
1063 1927 1164 1965 Vat.
1183 1931 1284 1966 tert.
1313 1926 1462 1976 Stirpis
1492 1926 1594 1965 Var.
1627 1927 1710 1965 LL.
1743 1926 1810 1964 ed.
1839 1924 1970 1966 Anw.

151 1977 279 2028 turpis
301 1977 386 2027 jam
403 1981 530 2017 mente
539 1977 677 2028 fugax
709 1979 869 2018 Moret.
889 1991 957 2030 pr.
987 1980 1030 2018 in
1059 1982 1184 2017 mente
1217 1979 1335 2017 Prie.
1364 1979 1457 2028 quid
1479 1978 1634 2017 Gallica
1649 1978 1808 2016 Thuan.
1824 1977 1972 2018 Ambr.

152 2035 256 2073 tert.
276 2032 383 2070 Exc.
403 2031 525 2071 Laeti.
542 2031 629 2079 jam
648 2030 771 2071 Leid.
792 2043 856 2082 pr.
877 2044 973 2070 cum
995 2031 1188 2082 plurimis
1220 2031 1327 2078 aliis,
1356 2031 1427 2069 ed.
1459 2032 1601 2070 Parni.
1634 2031 1736 2069 Var.
1774 2031 1862 2069 LL.
1901 2029 1972 2069 ed.

151 2083 416 2123 Antv.———297
446 2084 659 2134 Respectus
676 2083 795 2124 Med.
828 2096 912 2123 sec.
944 2084 1149 2134 Respicias
1180 2083 1279 2122 Pat.
1309 2083 1508 2133 Respicies
1525 2083 1595 2121 vel
1617 2083 1830 2133 Respicitis
1866 2083 1973 2123 Exc.

151 2136 274 2176 Laeti.
293 2135 409 2184 jubet
428 2148 509 2187 pro
527 2136 621 2176 tibet
641 2136 787 2177 Ambr.
803 2139 1002 2188 lin—298
1028 2135 1182 2185 refugis
1214 2137 1312 2176 Pal.
1343 2135 1460 2176 Med.
1493 2148 1555 2186 pr.
1573 2135 1674 2175 Put.
1697 2135 1851 2175 PetaV.
1871 2142 1972 2177 tert.

151 2188 485 2231 Bonon..Ambr.
505 2201 570 2241 pr.
597 2191 701 2230 Var.
715 2190 799 2229 LL.
828 2190 898 2229 ed.
919 2188 1048 2230 Antv.
1076 2189 1237 2229 Ararim
1257 2194 1344 2228 tres
1363 2191 1482 2228 Vatt.
1502 2190 1621 2228 Rott.
1642 2188 1747 2227 Aras
1766 2188 1887 2228 Leid.
1908 2200 1973 2239 pr.

147 2242 355 2295 praefigere
374 2243 507 2283 Oisel.
534 2245 675 2284 castris
691 2244 761 2282 vel
779 2243 906 2293 signis
924 2242 1020 2282 Pal.
1041 2242 1160 2281 Med.
1179 2245 1418 2281 tert.-300
1440 2242 1617 2294 Confidet
1636 2241 1755 2281 Leid.
1768 2254 1852 2280 sec.
1874 2241 1974 2281 Jun.

153 2307 217 2346 pr.
239 2295 378 2336 Oxon.
397 2295 484 2336 see.
504 2297 607 2335 Vat.
630 2296 764 2347 quint.
784 2297 903 2336 Med.
922 2300 1061 2347 quart.
1093 2295 1176 2334 inc.
1211 2295 1360 2334 Heius.
1381 2296 1489 2343 Reg.
1510 2295 1672 2333 Thuan.
1694 2295 1855 2335 Bonon.
1871 2294 1971 2333 Pat.

151 2347 325 2387 Tholos.
357 2349 441 2388 duo
461 2349 617 2389 Petav.
637 2354 726 2387 tres
744 2348 891 2388 Ambr.
920 2349 1025 2387 Lov.
1046 2348 1204 2387 Moret.
1227 2359 1309 2386 sec.
1330 2346 1430 2386 Ald.
1451 2348 1559 2387 Exc.
1579 2347 1759 2386 Gevart.
1791 2346 1974 2392 Con-sidet

153 2400 222 2439 vel
245 2401 421 2453 confidet
439 2403 541 2441 Vat.
561 2406 700 2454 quart.
728 2413 864 2450 regum
886 2402 954 2439 vel
972 2412 1107 2439 renum
1127 2401 1226 2439 Var.
1247 2401 1334 2438 LL.
1369 2411 1393 2438 e
1426 2411 1558 2448 marg.
1595 2400 1739 2437 Parm.
1777 2397 1971 2448 capitique

154 2453 256 2492 Lov.
275 2455 398 2494 Voss.
417 2455 579 2494 Moret.
602 2465 690 2493 sec.
713 2461 797 2494 vet.
829 2453 936 2504 Gyr.
956 2452 1057 2493 Ald.
1076 2451 1231 2491 Sched.
1256 2451 1371 2491 Gud.
1399 2451 1577 2502 captique
1597 2451 1719 2490 Med.
1741 2462 1808 2501 pr.
1828 2451 1971 2501 captis-

981 2583 1155 2625 NOTAE

155 2685 250 2721 erat
287 2682 609 2730 Beneventum
640 2685 685 2721 et
714 2682 774 2721 sic
812 2680 931 2720 dicta
963 2685 1031 2720 est

156 2744 209 2784 ab
245 2742 418 2784 Ausone
437 2745 507 2783 vel
535 2743 744 2793 Ausonio,
777 2742 946 2794 Ulyssis
985 2746 1031 2781 et

155 2807 366 2858 Calypsus
394 2805 496 2846 filio.
552 2805 638 2845 Hic
673 2817 748 2857 pro
781 2809 874 2845 tota
901 2804 1031 2844 Italia

155 2867 344 2908 Sumitur.

208 2931 424 2980 Senonum]
477 2930 591 2970 Galli
626 2930 816 2970 Senones
852 2930 1029 2968 Romam

155 3000 391 3044 vastarunt,
440 2995 613 3034 Brenno
653 2994 784 3041 duce3
829 2992 904 3046 sed
937 3004 1030 3031 cum

158 3057 418 3108 Capitolium
458 3055 660 3095 invadere
713 3058 928 3105 pararent,
977 3052 1031 3092 ab

162 3119 381 3159 anseribus
399 3119 578 3170 detecti,
595 3123 640 3158 et
656 3131 680 3158 a
699 3118 874 3158 Camillo
893 3116 1033 3168 fugati

160 3186 269 3222 sunt.
343 3202 350 3206 ⁸

214 3246 294 3283 292
325 3244 548 3295 Teutonico]
593 3244 752 3285 Cimbri
785 3249 831 3284 et
848 3243 1034 3283 Teutoni

163 3316 188 3343 a
220 3304 360 3345 Mario
397 3307 528 3346 deleti
559 3312 669 3347 sunt.
735 3305 1039 3347 Teutobochus

162 3369 258 3410 Rex
278 3368 544 3411 Cimbrorum
574 3383 601 3411 a
631 3371 774 3412 Mario
808 3375 959 3423 captus
992 3371 1036 3410 in

1097 2680 1179 2720 hoc
1199 2679 1331 2719 bello.

1150 2747 1230 2783 294
1266 2743 1351 2783 Vile
1368 2743 1501 2794 decus]
1514 2739 1621 2781 Vilis
1638 2745 1706 2781 est
1723 2741 1872 2791 honor,
1886 2738 1973 2779 vile

1100 2809 1327 2856 tmpaeum,
1372 2805 1426 2844 ad
1462 2804 1573 2856 quod
1605 2802 1853 2855 erigendum
1888 2812 1974 2841 non

1100 2868 1321 2920 praecessit
1340 2867 1468 2907 timor
1488 2866 1652 2919 aliquis.
1992 2916 1999 2924 ,

1151 2935 1228 2970 295
1262 2930 1492 2980 Geminant]
1566 2929 1812 2969 Periculum
1846 2930 1976 2979 auget

1101 2993 1299 3044 triumphi
1327 2994 1518 3044 gloriam,
1537 2993 1664 3030 immo
1683 2991 1893 3041 duplicat.
1943 3017 1949 3026 ⁴.

1154 3060 1234 3096 298
1262 3055 1429 3106 Ararin]
1471 3056 1612 3106 Vulgo
1644 3054 1703 3093 La
1723 3054 1866 3103 Saone,
1898 3050 1976 3092 flu-

1102 3119 1215 3158 vium
1252 3118 1420 3168 Gauiae,
1451 3116 1524 3169 qui
1556 3116 1600 3155 in
1632 3116 1879 3155 Rhodanum
1914 3115 1974 3154 in·

1102 3180 1208 3220 fluit.

1155 3246 1234 3282 300
1265 3242 1466 3292 Rhodano]
1519 3239 1693 3280 Alarico
1731 3250 1855 3291 agros
1903 3248 1973 3289 pe-

1103 3307 1212 3348 tenti
1231 3305 1447 3347 Honorius
1466 3303 1653 3346 Galliam
1670 3299 1894 3345 concessit.
