2300 3906
363 201 472 268 628
916 220 1010 263 ct„
1048 218 1402 262 anumAm
1439 212 1613 258 xxix.-

367 347 618 415 Denique
639 351 746 398 non
770 344 924 396 dives
949 342 1054 393 sub
1075 343 1129 391 te
1142 355 1253 408 -pro
1274 351 1399 390 rure
1412 342 1670 407 paterne,

363 430 476 484 Vel
499 431 728 491 laribuS,
755 426 983 495 pendet:
1020 440 1129 476 non
1146 422 1431 476 insidiator
1454 423 1670 475 oberrat
2079 418 2187 470 120

365 514 640 567 Facturus
664 525 1058 580 quemcumque
1082 524 1263 560 reum:
1292 514 1409 559 non
1434 508 1629 559 obruta
1651 505 1832 558 virtus
2161 524 2167 533 ·

363 598 698 665 Paupertate
720 597 873 647 latet.
945 593 1150 645 Lectos
1175 607 1250 643 ex
1274 579 1530 643 omnibus
1557 590 1669 643 or'is

364 681 587 743 EvehiS‚
613 685 664 731 et
689 678 960 742 meritum,
986 693 1096 730 non
1121 692 1246 744 quae
1273 675 1564 737 cunabula,
1592 673 1829 742 quaeris3

363 759 438 814 Et
462 764 660 831 qualiS‚
680 779 790 815 non
815 762 958 814 unde
981 765 1154 812 satus.
1229 759 1347 811 Sub
1373 764 1510 812 teste
1533 758 1768 825 benigno

361 846 614 899 Vivitur:
651 847 897 913 egregios
921 845 1155 897 invitant
1172 844 1407 912 proemia
1430 858 1627 895 moreS.
1800 871 1806 875 -
2080 837 2190 891 125

362 927 519 981 Hinc
543 930 741 995 priscae
764 928 988 979 redeunt
1013 932 1187 978 artes:
1226 925 1484 976 felicibus
1509 923 1634 974 inde

362 1012 614 1077 Ingeniis
638 1011 880 1076 aperitur
900 1009 1023 1071 iter,
1051 1008 1429 1074 despectaque
1456 1005 1644 1058 Musae

361 1093 520 1147 Colla
543 1094 761 1159 levant3
790 1093 1112 1161 ,opibusque
1137 1091 1314 1143 fluens
1334 1095 1388 1145 et
1412 1106 1623 1159 pauper
1649 1090 1847 1143 eodem.

356 1275 461 1303 mum
479 1262 548 1302 sub
567 1266 606 1301 te
632 1274 708 1300 non
722 1261 887 1313 locuples
906 1261 1018 1301 timet
1033 1274 1106 1314 pro
1124 1275 1221 1312 agro
1233 1262 1366 1314 patrio
1384 1265 1455 1300 aut
1481 1273 1554 1312 pro
1579 1262 1703 1301 domo.
1762 1262 1853 1300 Nou
1881 1261 2032 1301 delator
2045 1257 2188 1300 circuit

356 1327 558 1355 eversurus
575 1314 779 1365 quemlibet
800 1327 929 1353 reum:
970 1327 1044 1354 non
1075 1316 1203 1355 virtus
1233 1327 1414 1367 oppressa
1442 1318 1611 1365 egestate
1636 1314 1860 1354 delitescit.-
1901 1314 2056 1354 extollis
2074 1313 2188 1352 viros

357 1370 522 1408 delectos
542 1380 591 1407 ex
610 1367 712 1406 omm·
730 1373 843 1418 parte
861 1367 1006 1417 Orbis,
1027 1372 1065 1407 et
1083 1368 1251 1420 requiris
1268 1369 1465 1416 virtutem,
1490 1380 1563 1407 non
1583 1367 1649 1418 qui
1666 1368 1816 1407 natales
1833 1368 1944 1415 sint3
1974 1371 2013 1406 et
2033 1365 2193 1419 qnaeris

356 1421 481 1472 qualis
500 1420 555 1460 sit
576 1421 656 1468 vir,
675 1433 748 1459 non
766 1422 866 1458 unde
893 1420 1093 1460 oriundum
1156 1421 1313 1461 Vivitur
1329 1421 1398 1459 sub
1417 1425 1634 1471 spectatore
1661 1432 1792 1471 coquo:
1829 1432 1988 1460 munera
2013 1418 2188 1459 excitant

355 1486 479 1513 mores
495 1473 670 1512 eximios.
726 1473 837 1512 Hinc
854 1478 958 1512 artes
984 1473 1154 1524 antiqua?
1179 1478 1431 1522 renovantur,
1459 1474 1551 1512 inde
1581 1473 1644 1512 via
1671 1473 1859 1523 panditur
1887 1472 2058 1522 ingeniis
2084 1483 2189 1523 prae-

354 1526 563 1582 stantibus,
580 1529 618 1565 et
640 1526 766 1564 Musoe
782 1527 963 1565 attollunt
977 1526 1108 1577 capita
1119 1533 1223 1570 ,ante
1241 1531 1386 1578 spreta,
1398 1530 1445 1570 ,et
1472 1525 1631 1578 affluens
1649 1526 1804 1565 divitiis
1819 1529 1859 1565 et
1872 1537 2022 1577 pauper
2037 1525 2189 1577 aspirat

1126 1628 1421 1647 eeeeeeeeeeee

355 1710 441 1750 duo
461 1710 610 1751 Leidd.
631 1710 813 1750 totidem
836 1710 980 1750 Oxou.
1019 1721 1111 1749 usus
1137 1710 1206 1750 vel
1225 1722 1336 1750 usum
1354 1708 1612 1750 Pric.-120
1635 1709 1762 1761 pallet
1781 1707 1867 1749 duo
1900 1707 2052 1751 Ambr.
2082 1709 2187 1751 item

354 1764 487 1803 Gesn.
508 1770 554 1804 et
569 1764 637 1805 ed.
657 1764 831 1815 Bipont.
862 1764 980 1813 pellet
998 1763 1160 1802 Thuan.
1186 1763 1310 1813 pallet
1329 1763 1396 1802 vel
1415 1763 1554 1813 pendet
1573 1763 1728 1802 Petav.
1748 1766 1852 1802 tert.
1899 1762 2056 1803 aberrat
2077 1764 2188 1804 Exc.

352 1817 534 1856 Lucens.
555 1829 619 1867 pr.
636 1817 703 1855 ed.
726 1816 999 1856 vicen—121
1016 1815 1209 1855 Facturus
1227 1827 1372 1856 omnes
1387 1816 1507 1855 Vatt.
1523 1816 1617 1855 Pal.
1633 1816 1762 1855 Farn.
1782 1815 1904 1856 Rott.
1925 1815 2058 1856 Oisel.
2077 1817 2186 1858 Exc.

353 1870 462 1909 Laeti
482 1875 526 1910 et
545 1871 650 1909 Var.
671 1870 755 1909 LL.
774 1880 798 1909 e
814 1881 947 1920 marg.
978 1869 1121 1909 Parm.
1138 1868 1354 1917 Fracturus
1372 1868 1526 1909 Petav.
1542 1881 1610 1920 pr.
1625 1868 1767 1909 Oxou.
1788 1880 1872 1909 sec.
1891 1868 1961 1908 ed.
1982 1869 2124 1910 Par-m.
2140 1875 2187 1910 et

352 1922 495 1962 vicet.
539 1923 733 1962 Facturus
765 1923 833 1961 vel
872 1922 1088 1961 Fracturus
1123 1922 1242 1962 Prie.
1283 1923 1543 1974 quodcumque
1575 1921 1672 1964 Pal.
1703 1921 1823 1962 Med.
1855 1933 1919 1974 pr.
1950 1922 2065 1962 deum
2099 1923 2188 1963 inc.

353 1974 637 2014 Heins.——123
667 1975 820 2014 emeriti
837 1987 1046 2025 numquam
1067 1974 1209 2014 Oxou.
1229 1987 1314 2015 sec.
1360 1987 1559 2015 numerum
1577 1987 1650 2015 non
1682 1986 1767 2025 quoe
1787 1975 1870 2014 inc.
1897 1974 2049 2015 Heius.
2078 1987 2187 2016 num·

354 2039 470 2077 quam
501 2028 633 2067 meriti
658 2028 760 2066 Vat.
794 2039 859 2078 pr.
891 2032 935 2066 et
963 2032 1068 2066 tert.
1100 2027 1216 2067 Pric.
1252 2027 1387 2068 oisel.
1430 2027 1565 2068 meriti
1592 2040 1796 2078 numquam
1817 2027 1937 2067 Rott.
1957 2026 2185 2069 Med.sec.

352 2092 560 2130 numquam
591 2080 772 2119 meritum
800 2080 926 2118 Voss.
957 2091 1012 2118 m.
1046 2091 1113 2130 pr.
1148 2080 1344 2130 meritum,
1379 2093 1454 2119 non
1490 2093 1574 2132 quoe
1609 2081 1729 2121 Leid.
1759 2092 1821 2132 pr.
1846 2085 1932 2120 vet.
1952 2080 2058 2133 Gyr.
2076 2082 2185 2124 Lov.

354 2133 478 2172 ambo
499 2133 658 2171 Moret.
677 2131 798 2172 Med·
819 2137 956 2183 quart.
977 2132 1077 2171 Put.
1093 2129 1253 2172 Thuan.
1279 2130 1445 2172 Bonou.
1466 2134 1565 2173 Pat.
1593 2133 1765 2174 Tholos.
1794 2138 1883 2173 tres
1910 2133 2064 2174 Petav.
2083 2135 2187 2175 toti-

353 2185 450 2226 dem
468 2185 617 2225 Ambr.
636 2185 789 2224 Sched.
813 2184 927 2224 Gud.
960 2185 1067 2224 Exc.
1087 2185 1263 2226 Lucens.
1284 2197 1372 2225 sec.
1392 2186 1524 2225 meriti
1538 2199 1551 2225 .·
1579 2198 1655 2225 non
1672 2199 1759 2238 quae
1776 2187 1878 2226 Var.
1907 2186 1993 2228 LL.
2009 2198 2033 2227 e
2052 2199 2186 2240 marg.
2243 2202 2248 2206 ’

350 2236 500 2277 Parm.
527 2238 710 2278 meritum
738 2250 947 2288 numquam
975 2238 1138 2277 Mazar.
1170 2237 1254 2278 duo
1282 2238 1403 2278 Med.
1424 2238 1492 2278 ed.
1524 2239 1666 2278 vicet.
1698 2238 1805 2279 Exc.
1841 2239 1950 2280 Gev.
1990 2250 2187 2294 nunquam

350 2291 533 2330 meritum
563 2296 609 2330 et
636 2291 973 2341 superscriptum
1004 2290 1082 2329 imo
1110 2291 1244 2330 meriti
1263 2292 1453 2331 Florent.
1497 2303 1706 2342 numquam
1734 2291 1868 2330 meriti
1902 2293 1970 2332 vel
2003 2294 2188 2335 mcv-itum

353 2344 494 2383 Oxon.
514 2356 577 2394 pr.
604 2345 744 2383 merito
759 2344 825 2383 vel
843 2343 1025 2382 meritum
1046 2343 1151 2394 Reg.
1171 2343 1353 2384 meritum
1372 2355 1578 2395 numquam
1593 2345 1660 2383 vel
1678 2344 1861 2383 meritum
1878 2357 1955 2384 non
1973 2359 2057 2397 quoe
2073 2346 2186 2390 Exn.

351 2395 536 2437 Schotti.
562 2409 767 2447 numquam
785 2397 915 2436 Farn.
957 2409 1033 2435 non
1060 2409 1145 2446 quae
1176 2397 1277 2438 Jun.
1307 2409 1370 2448 pr.
1400 2410 1456 2436 m.
1476 2408 1562 2450 sec.
1583 2396 1668 2436 duo
1686 2396 1810 2436 Vatt.
1837 2397 2022 2438 venabula
2042 2394 2185 2444 Oxou.

349 2460 435 2487 sec.
475 2449 616 2500 quoerit
645 2449 765 2488 Med.
794 2451 1013 2488 see—124
1042 2449 1123 2488 Sed
1153 2450 1252 2489 Vat.
1284 2453 1522 2492 tert.——125
1550 2462 1658 2497 arces
1686 2449 1803 2491 Prie.
1830 2449 1932 2489 Vat.
1953 2455 2056 2490 tert.
2083 2454 2190 2493 undo

352 2501 510 2542 Petav.
529 2509 615 2543 sec.
647 2502 753 2542 Exc.
775 2500 1080 2543 Schott.-—128
1107 2502 1236 2542 nitens
1262 2503 1530 2544 Farn.—129
1555 2503 1681 2543 cernit
1697 2501 1793 2543 Pal.
1815 2501 1954 2543 Oisel.
1974 2502 2095 2544 Med.
2115 2517 2188 2564 pr„

1177 2621 1356 2662 NOTAE

406 2702 485 2739 120
506 2699 742 2752 Insidiator]
763 2700 962 2750 Delator,
979 2700 1235 2751 emissarius,
1301 2701 1365 2740 les
1398 2701 1684 2753 patriamque,
1709 2702 1784 2742 sed
1802 2703 1933 2743 solam
1948 2703 2189 2745 virtutem.·

352 2762 495 2814 quales
514 2762 821 2802 emittebantur
836 2775 860 2801 a
879 2761 1070 2813 Nerone,
1090 2763 1235 2803 Domi·
1357 2767 1435 2804 124
1460 2763 1666 2815 Benigno]
1719 2763 1915 2817 Benigne
1952 2763 2093 2807 omnia
2123 2768 2185 2810 in-

352 2826 486 2875 tiauo,
506 2831 552 2864 et
572 2824 678 2876 aliis,
696 2830 745 2864 ut
765 2825 924 2877 atiquid
951 2831 1102 2865 contra
1121 2826 1233 2877 prin·
1299 2829 1682 2877 terpretante,non
1701 2825 1890 2879 fingente
1918 2828 2039 2880 vitia,
2053 2826 2189 2870 imni&-
2225 2835 2227 2837 ’

352 2886 490 2937 cipem
508 2885 672 2926 factum
693 2891 768 2927 aut
793 2887 955 2927 dictum
985 2900 1078 2928 esse
1111 2901 1233 2941 argu·
1294 2894 1377 2929 -aut
1397 2895 1630 2929 excusante
1649 2895 1722 2930 aut
1741 2890 2046 2932 dissimulante.

352 2954 490 2998 entes,
509 2950 772 2990 occasionem
789 2950 944 2991 darent
962 2964 1110 2992 eorum
1140 2965 1234 3004 spo·
1355 2956 1432 2994 125
1466 2954 1662 3004 Egregios
1690 2954 1831 3006 mores]
1885 2954 2071 2995 Praemia
2105 2966 2182 2995 seu
2228 2951 2230 2954 ’

352 3011 606 3052 liundorum.
633 3022 637 3026 ’
980 3017 982 3019 ’
1037 3010 1039 3013 ’
1298 3014 1483 3055 honores
1504 3016 1784 3057 aStilichone
1811 3016 1905 3056 dati
1935 3016 2102 3058 faciunt
2132 3022 2182 3060 ut

408 3077 483 3114 121
516 3075 729 3126 Facturus]
783 3074 870 3115 Alii
892 3075 1119 3129 fracturus,
1144 3079 1171 3119 i.
1190 3090 1229 3120 e.
1299 3077 1490 3118 homines
1509 3078 1760 3131 invitentur,
1773 3079 2018 3120 alliciantur
2036 3079 2090 3119 ad
2106 3090 2183 3133 op-

353 3138 578 3176 eversurus
610 3137 747 3188 bouis,
779 3138 1031 3190 quicumque
1051 3140 1095 3179 iu
1116 3140 1231 3191 judi·
1302 3139 1430 3179 timos
1449 3151 1603 3179 mores.
2097 3133 2102 3136 ’
2165 3150 2171 3154 ·

353 3199 464 3238 cium
477 3197 780 3238 adduceretur.
797 3198 887 3238 Alii
900 3200 1047 3251 legunt
1061 3206 1235 3253 acturus,
1359 3205 1438 3241 127
1466 3202 1614 3253 Μιωω]
1662 3201 1860 3242 Avaritia
1888 3203 2184 3244 etiuhumani-

353 3272 434 3300 nec
453 3262 592 3300 male:
623 3273 741 3311 agere
772 3266 892 3314 reum,
910 3268 974 3304 est
1005 3263 1152 3304 facere
1182 3270 1233 3305 ut
1298 3264 1391 3303 tate
1408 3262 1596 3314 priorum
1616 3263 1772 3304 ducum
1797 3265 1919 3305 velut
1947 3266 2058 3306 collo
2077 3279 2182 3320 cap-

353 3335 458 3363 ·reus
480 3323 803 3364 condemnetur.
1217 3324 1223 3332 '
1300 3327 1391 3367 tivo
1420 3337 1636 3378 oppressae
1655 3328 1796 3369 Musae
1816 3328 1871 3369 ad
1901 3340 2018 3383 spem
2036 3331 2180 3373 melio-

409 3389 486 3427 123
517 3385 738 3438 Cunabula]
780 3386 882 3429 Non
913 3387 1094 3442 requiris
1110 3391 1234 3431 nata·
1298 3402 1391 3432 rem
1410 3390 1648 3443 eriguntur.
