2300 3906
292 146 400 200 674
845 159 942 198 οι..
982 154 1334 198 anumANi
1375 153 1563 193 xxxv.

291 276 606 331 'Matribus‘l
643 283 722 339 ut,
751 275 1047 337 Stilichon,
1072 274 1283 326 cunctis
1308 269 1533 342 inopina
1557 274 1763 326 reluxit

292 362 377 414 Te
403 363 610 415 victore
637 362 820 414 salus!
859 361 1084 427 Septem
1109 360 1477 428 circumspice
1498 365 1730 424 monteS‚

294 446 407 511 Qui
435 447 586 500 Solis
614 447 794 499 radios
820 445 940 497 auri
965 444 1176 514 fulgore
1200 445 1491 508 lacessunt,

283 531 637 600 ‘Indutosque
662 547 825 591 arcus
853 531 1066 600 spoliiS,
1097 536 1436 599 aequataque
1464 530 1668 598 templa

294 618 582 680 Nubibus,
609 623 668 668 et
690 616 958 686 quicquid
984 615 1129 667 tanti
1156 619 1401 667 struxere
1428 614 1710 681 triumphi.

296 702 580 766 Quantum
606 701 898 770 profueris,
926 705 1193 768 quantam
1219 700 1526 751 servaveris
1551 699 1765 762 urbem,

294 786 564 839 Attonitis
587 788 772 838 metire
799 787 998 838 oculiS.
1077 785 1226 838 Haec
1254 785 1443 836 fabula
1469 789 1618 836 certe

297 868 516 922 Cuncta
541 870 737 932 forent,
767 871 815 922 si
843 869 1060 921 Poenus
1087 870 1265 919 adhuc
1290 868 1630 919 incumberet
1655 863 1880 919 Austro.

369 954 500 1007 Mos
524 960 639 1006 erat
663 955 716 1005 in
745 957 987 1006 veterum
1015 954 1234 1015 castriS,
1261 956 1327 1001 ut
1351 955 1602 1017 tempora
1628 965 1834 1017 quercu

2048 783 2120 834 70

294 1118 396 1158 vicos
411 1119 567 1158 densari
580 1119 735 1170 populo,
749 1122 787 1157 et
804 1119 934 1157 domos
950 1118 1155 1166 matribus,
1173 1130 1197 1157 ο
1216 1117 1397 1164 Stilicho,
1409 1121 1452 1156 ut
1470 1118 1575 1156 salus
1593 1115 1802 1167 improvisa
1819 1113 1989 1167 affulsit,
2002 1118 2042 1155 te
2055 1116 2124 1154 do·

296 1171 465 1211 mitore!
497 1174 622 1212 Cerne
640 1178 786 1222 septem
799 1174 924 1221 colles,
944 1173 1012 1223 qui
1024 1172 1360 1223 provocantjubar
1378 1170 1481 1210 Solis
1499 1171 1697 1222 splendore
1711 1171 1893 1209 domuum
1906 1180 2127 1216 aurearum,

295 1230 333 1263 et
351 1238 466 1265 arcus
493 1226 773 1277 triumphales
791 1231 946 1264 ornatos
976 1227 1145 1271 exuviis,
1176 1230 1214 1264 et
1234 1226 1379 1276 templa
1398 1226 1535 1262 eductu
1557 1223 1610 1262 ad
1628 1226 1778 1272 coelum,
1808 1227 1845 1262 et
1866 1222 2046 1274 quicquid
2066 1225 2125 1261 tot

295 1279 467 1318 victoriae
486 1281 792 1318 cumulaverunt.
851 1281 1061 1318 Considera
1079 1279 1199 1318 oculis
1214 1278 1499 1317 admirantibus
1517 1282 1703 1327 quantum
1722 1277 1874 1326 juveris
1895 1277 2126 1325 Romanos,

295 1336 480 1381 quantam
500 1333 782 1372 conservaveris
798 1332 943 1371 urbem.
1004 1332 1105 1371 Haec
1122 1332 1251 1371 'omnia
1268 1344 1360 1371 sane
1378 1334 1498 1369 essent
1511 1330 1666 1379 fabula,
1691 1331 1728 1368 si
1759 1330 1896 1368 Mauri
1914 1330 2037 1368 adhuc
2057 1340 2126 1368 nos

294 1384 527 1435 infestarent
549 1400 573 1426 a
593 1387 779 1426 Meridie.
836 1386 889 1426 Id
917 1386 1205 1425 consuetudinis
1227 1385 1503 1425 observabatur
1530 1384 1574 1423 in
1599 1382 1835 1424 exercitibus
1863 1383 2127 1434 antiquorum,

1066 1490 1340 1506 θθθθθθθφθθδ

299 1563 441 1601 Stilico
476 1562 604 1601 Farn.
642 1562 703 1600 his
740 1573 885 1600 omnes
918 1562 1041 1600 Vatt.
1073 1560 1170 1599 Pal.
1205 1559 1321 1599 Prie.
1357 1560 1475 1599 Rott.
1513 1559 1648 1600 Oisel.
1685 1559 1770 1598 duo
1797 1558 1917 1598 Med.
1963 1558 2128 1600 Mazar.

299 1617 451 1655 Petav.
470 1627 530 1665 pr.
551 1615 648 1654 Pat.
663 1614 840 1653 Thalos.
860 1615 963 1653 Lov.
981 1614 1064 1652 duo
1082 1611 1229 1652 Ambr.
1251 1613 1319 1651 ed.
1336 1612 1479 1652 Parm.
1495 1614 1602 1652 Exc.
1624 1614 1798 1652 Gevart.
1814 1616 1858 1651 ut
1873 1611 1957 1651 duo
1976 1612 2128 1653 Leidd.

298 1668 450 1707 Ambr.
472 1680 535 1719 pr.
556 1668 696 1707 Oxon.
718 1679 804 1707 sec.
825 1668 907 1707 inc.
945 1667 1093 1706 Heius.
1118 1668 1219 1706 Put.
1241 1667 1403 1705 Thuan.
1438 1667 1591 1706 Petav.
1622 1678 1708 1704 sec.
1743 1665 1826 1705 duo
1852 1666 1971 1706 Med.
2003 1665 2133 1706 ambo

298 1722 456 1761 Moret.
489 1722 595 1760 Exc.
617 1722 797 1760 Lucens.
818 1732 906 1759 sec.
928 1718 1029 1759 Ald.
1050 1720 1151 1758 Var.
1174 1720 1257 1758 LL.
1275 1720 1343 1759 ed.
1378 1718 1508 1759 Antv.
1537 1721 1601 1759 Ιιὶσ
1622 1720 1686 1758 vel
1707 1723 1751 1759 ut
1773 1720 1876 1770 Reg.
1900 1720 1963 1759 hie
1983 1720 2050 1759 vel
2069 1719 2131 1758 his

299 1775 418 1814 Med.
456 1780 555 1814 tert.
588 1774 650 1813 his
685 1776 751 1813 vel
791 1778 836 1813 ut
865 1774 988 1813 Voss.
1026 1772 1169 1812 Oxon.
1212 1784 1276 1823 pr.
1312 1773 1352 1811 in
1384 1774 1450 1813 vel
1484 1787 1504 1812 ο
1536 1774 1728 1813 Floreat.
1777 1772 1934 1820 refulsit
1966 1773 2130 1813 Lov.—

299 1833 349 1867 65
379 1828 492 1867 salus.
514 1840 611 1867 cum
631 1830 794 1880 στιγμῇ,
813 1828 970 1866 Moret.
991 1839 1075 1866 sec.
1105 1827 1251 1865 circum
1279 1826 1408 1877 aspice
1441 1827 1545 1866 Lov.
1565 1827 1709 1866 circum
1739 1826 1884 1878 inspice
1902 1826 2023 1866 Leid.
2045 1837 2130 1867 sec.

299 1882 420 1921 Med.
440 1893 524 1920 sec.
557 1883 662 1920 Exc.
683 1882 971 1921 Gevart.—66
987 1880 1170 1928 fulgente
1204 1880 1323 1920 Leid.
1345 1892 1430 1919 sec.
1463 1882 1568 1920 Exc.
1600 1881 1782 1921 Gevart.
1816 1881 2005 1920 lacessant
2024 1881 2131 1922 Lov-

299 1938 407 1974 *6⁷
452 1935 704 1984 Inductosque
738 1936 862 1973 Farn.
897 1934 1013 1974 Pric.
1045 1934 1167 1972 Rott.
1202 1934 1336 1973 Oisel.
1368 1934 1486 1974 Med.
1516 1942 1655 1986 quart.
1689 1935 1788 1973 Put.
1825 1934 1931 1985 Reg.
1967 1935 2132 1974 Mazar-

302 1989 456 2027 Petav.
480 1999 564 2026 sec.
590 1988 687 2026 Pat.
713 1987 861 2026 Ambr.
885 1999 949 2037 pr.
969 1988 1070 2028 Jun.
1092 1998 1154 2036 pr.
1178 1988 1280 2025 Lov.
1302 1986 1403 2025 Ald.
1422 1989 1525 2026 Var.
1548 1989 1634 2027 LL.
1670 2000 1694 2027 e
1712 1999 1847 2038 marg.
1880 1988 2025 2028 Parm.
2069 1999 2132 2026 ac·

302 2046 365 2079 tus
385 2041 612 2079 Rom-68
641 2041 844 2092 quicquam
867 2040 985 2079 Rott.
1015 2039 1119 2078 tanti
1136 2040 1322 2090 quidquid
1345 2040 1463 2078 Leid.
1491 2054 1554 2090 pr.
1576 2041 1695 2081 Med.
1719 2047 1817 2081 tert.
1848 2043 2008 2094 fluxere
2026 2041 2128 2082 Jun.

302 2106 367 2145 ρι’.
397 2097 555 2132 traxere
576 2093 722 2132 Ambr.
746 2106 810 2144 pr.
830 2094 930 2132 vat.
949 2093 1085 2145 quint.
1114 2097 1274 2131 traxere
1289 2094 1357 2131 vel
1373 2097 1553 2132 struxere
1571 2095 1727 2135 Petav.
1748 2098 1922 2144 plu—69
1948 2098 2134 2146 quantum

303 2146 492 2186 Florem.
514 2156 694 2198 quatuor
723 2148 841 2186 Med.
865 2147 972 2198 Reg.
995 2146 1156 2185 Mazar.
1180 2147 1333 2185 Petav.
1359 2158 1421 2197 pr.
1457 2147 1626 2186 Bon-on.
1648 2148 1823 2187 Tholos.
1846 2147 1996 2188 Ambr.
2028 2153 2132 2189 tert.

302 2202 408 2240 Exn.
429 2201 609 2239 Lucens.
640 2213 703 2251 pr.
727 2202 796 2239 ed.
813 2200 955 2239 Vicet.
980 2200 1082 2238 Var.
1101 2199 1186 2238 LL.
1205 2211 1229 2238 e
1248 2211 1383 2250 marg.
1410 2199 1553 2239 Parm.
1595 2205 1784 2252 quantum
1806 2202 1924 2240 Leid.
1945 2214 2009 2252 pr.
2027 2202 2132 2241 Vat-

303 2266 389 2293 sec.
413 2253 531 2292 Prie.
547 2253 682 2293 Oisel.
704 2254 783 2292 inc.
811 2253 959 2293 Heius.
978 2252 1126 2292 Ambr.
1149 2265 1211 2303 ρι’.
1229 2253 1332 2293 Jun.
1357 2265 1420 2303 ρι’.
1440 2253 1525 2293 duo
1545 2253 1686 2294 Oxou.
1705 2255 1830 2293 ambo
1853 2255 2011 2294 Mon-et.
2029 2255 2135 2295 Lov.

303 2307 374 2358 qui
397 2312 440 2345 et
460 2319 576 2358 quam
595 2312 639 2345 tu
658 2307 785 2345 habet
807 2319 860 2345 ex
880 2306 1199 2352 emendatione,
1221 2305 1321 2345 edd.
1342 2306 1499 2358 Isingr.
1521 2307 1687 2359 Grypb.
1722 2312 1907 2358 quantum
1927 2308 1996 2347 vel
2014 2320 2137 2359 quan-

302 2365 383 2398 tum
403 2360 503 2399 Vat.
526 2371 590 2409 pr.
634 2360 809 2398 umbram
830 2360 928 2398 vat.
950 2360 1086 2411 quint.
1129 2360 1260 2397 urbem
1281 2359 1401 2399 Leid.
1431 2372 1496 2411 pr.
1519 2361 1664 2400 Oxou.
1686 2373 1751 2412 pr.
1794 2362 1920 2401 orbem
1944 2361 2046 2402 Jun.
2067 2373 2134 2412 pr.

304 2413 445 2453 Oxou.
474 2424 561 2452 sec.
585 2413 702 2452 Pric.
726 2414 884 2452 Moret.
906 2416 1103 2452 sem—70
1131 2413 1276 2452 mirare
1296 2412 1467 2452 Thuan.
1507 2418 1626 2453 terroe
1646 2415 1711 2453 vel
1739 2419 1859 2453 certoe
1888 2415 2008 2453 Med.
2033 2420 2136 2455 tert.

304 2470 408 2505 —71
444 2468 586 2505 Poenus
617 2466 737 2505 Med.
776 2473 913 2516 quart.
945 2465 1046 2505 Ald.
1094 2466 1227 2505 [tenus
1253 2466 1353 2506 Put.
1385 2467 1547 2506 Thuan.
1571 2468 1724 2507 PetaV.
1756 2480 1841 2506 sec.
1893 2467 1997 2507 Pate
2028 2468 2136 2507 Tho-

303 2520 379 2559 los.
402 2518 547 2559 Ambr.
568 2532 653 2559 sec.
675 2519 745 2559 ed.
776 2519 922 2558 Parin.
966 2519 1127 2558 Rhenus
1146 2519 1266 2559 Leid.
1287 2531 1375 2558 sec.
1396 2521 1589 2560 Florent.
1612 2534 1665 2559 m.
1689 2533 1753 2571 pr.
1783 2521 1866 2560 duo
1887 2521 2005 2562 Med.
2028 2522 2135 2562 Exc-

304 2573 488 2613 Lucens.
526 2585 590 2623 pr.
621 2574 718 2612 edd.
751 2573 893 2612 Parm.
930 2572 1087 2623 Isiugr.
1115 2572 1258 2611 Pulm.
1280 2572 1444 2625 Grypb.
1486 2574 1640 2613 Phenus
1655 2575 1759 2614 var.
1779 2575 1864 2614 LL.
1903 2574 1970 2615 ed.
2001 2573 2134 2615 AntV.

303 2626 446 2665 rehnus
463 2627 565 2665 Vat.
587 2639 674 2666 sec.
692 2627 786 2665 Pal.
816 2627 969 2665 Rhetus
984 2627 1086 2665 Var.
1107 2627 1191 2666 LL.
1212 2638 1236 2665 e
1258 2638 1392 2678 marg.
1413 2627 1557 2667 Parni.
1588 2628 1749 2668 Rhenus
1768 2630 1835 2668 vel
1860 2629 2001 2668 Paenus
2014 2627 2137 2676 Med.

305 2692 368 2731 pr.
407 2679 554 2720 Auster
574 2681 739 2720 Bonon.
787 2684 893 2719 ostro
913 2679 1063 2720 Ambr.
1096 2683 1269 2731 ρι’.-72
1299 2681 1413 2720 Mors
1430 2681 1708 2723 Tholas—73
1736 2683 1907 2722 validum
1925 2683 2029 2725 Var.
2050 2682 2136 2722 LL.

1133 2817 1308 2859 NOTAE

357 2911 411 2947 64
445 2910 498 2949 Ut
525 2912 676 2951 reluxit
701 2913 824 2965 salus]
865 2914 960 2955 Quo
991 2918 1186 2966 tempore

305 2972 534 3013 Gildonem
557 2977 783 3026 superasti.

358 3038 410 3073 65
440 3035 597 3087 Septem
624 3040 790 3090 montes]
816 3040 931 3090 Fuit,
952 3052 1004 3079 ex
1037 3042 1188 3082 Clave-

306 3097 385 3149 rio,
411 3099 556 3137 Romae
578 3101 710 3139 moles
728 3102 952 3152 quadrata,
971 3116 1064 3155 quae
1094 3117 1189 3155 sep-

307 3166 393 3202 tem
413 3162 611 3213 cingulis,
631 3164 673 3202 id
697 3169 952 3215 psuseptem
974 3168 1188 3207 columna-

307 3235 401 3263 rum
420 3224 638 3264 ordinibus
659 3227 936 3277 cing‹·batur;
965 3231 1084 3282 quasi
1107 3232 1190 3270 Ro-

309 3299 473 3327 macen
507 3289 670 3328 Coelum
716 3291 888 3343 aliquod
917 3291 1099 3333 haberet
1130 3293 1190 3332 in-

298 3355 398 3392 star
416 3356 582 3405 septem
603 3353 887 3404 planetarum.

1307 2917 1360 2954 68
1391 2912 1606 2966 Quicquid]
1642 2912 1818 2953 Divitiae
1838 2922 1998 2963 omnes,
2031 2923 2136 2964 quas

1255 2980 1319 3014 tot
1340 2975 1540 3025 triumphi
1557 2976 1953 3025 accumulaverunt,
1970 2981 2035 3014 tot
2052 2979 2139 3014 tec-

1255 3043 1301 3077 ta
1321 3049 1426 3076 auro
1446 3044 1615 3086 ornata,
1629 3043 1774 3077 essent
1793 3037 1936 3076 fabula
1951 3042 1996 3075 et
2015 3036 2140 3087 cinis,

1257 3100 1444 3150 nihilque
1465 3105 1705 3139 remaneret
1738 3105 1899 3151 praeter
1918 3110 2137 3138 sermones

1256 3162 1491 3210 hominum,
1528 3162 1608 3201 nisi
1630 3161 1863 3202 Gildonem
1894 3175 1918 3200 a
1938 3161 2141 3210 Meridie,

1256 3228 1337 3265 hoc
1363 3231 1446 3275 est,
1479 3237 1535 3265 ex
1568 3224 1733 3277 Africa,
1752 3238 1826 3265 nos
1861 3225 2139 3266 infestantem

1257 3288 1502 3329 devicisses.

1312 3356 1361 3392 ⁷1
1395 3352 1660 3406 Incumberet]
1708 3354 1839 3395 Velut
1874 3354 1995 3395 nobis
2027 3352 2139 3395 fame
