<?xml version="1.0" encoding="UTF-8"?>
<!DOCTYPE html PUBLIC "-//W3C//DTD XHTML 1.0 Transitional//EN"
    "http://www.w3.org/TR/xhtml1/DTD/xhtml1-transitional.dtd">
<html xmlns="http://www.w3.org/1999/xhtml" xml:lang="en" lang="en">
 <head>
  <title>
</title>
<meta http-equiv="Content-Type" content="text/html;charset=utf-8" />
  <meta name='ocr-system' content='tesseract 3.04.00' />
  <meta name='ocr-capabilities' content='ocr_page ocr_carea ocr_par ocr_line ocrx_word'/>
</head>
<body>
  <div class='ocr_page' id='page_1' title='image "./operaomniaexedit02clauuoft/operaomniaexedit02clauuoft_0470.png"; bbox 0 0 2300 3906; ppageno 0'>
   <div class='ocr_carea' id='block_1_1' title="bbox 312 204 1602 256">
    <p class='ocr_par' dir='ltr' id='par_1_1' title="bbox 312 204 1602 256">
     <span class='ocr_line' id='line_1_1' title="bbox 312 204 1602 256; baseline -0.003 0"><span class='ocrx_word' id='word_1_1' title='bbox 312 204 421 256; x_wconf 80' lang='lat'><strong><em>972</em></strong></span> <span class='ocrx_word' id='word_1_2' title='bbox 865 217 956 255; x_wconf 77' lang='grc' dir='ltr'>οι..</span> <span class='ocrx_word' id='word_1_3' title='bbox 997 213 1350 252; x_wconf 72' lang='lat' dir='ltr'><strong>CLAUDIAM</strong></span> <span class='ocrx_word' id='word_1_4' title='bbox 1395 210 1602 252; x_wconf 81' lang='lat' dir='ltr'><strong>xxxv.</strong></span> 
     </span>
    </p>
   </div>
   <div class='ocr_carea' id='block_1_2' title="bbox 317 330 2158 1240">
    <p class='ocr_par' dir='ltr' id='par_1_2' title="bbox 319 330 1656 398">
     <span class='ocr_line' id='line_1_2' title="bbox 319 330 1656 398; baseline -0.002 -12"><span class='ocrx_word' id='word_1_5' title='bbox 319 334 486 398; x_wconf 84' lang='lat' dir='ltr'><strong><em>Quod</em></strong></span> <span class='ocrx_word' id='word_1_6' title='bbox 511 338 704 386; x_wconf 86' lang='lat' dir='ltr'><strong><em>conata</em></strong></span> <span class='ocrx_word' id='word_1_7' title='bbox 729 330 905 393; x_wconf 83' lang='lat' dir='ltr'><strong><em>nefas,</em></strong></span> <span class='ocrx_word' id='word_1_8' title='bbox 928 335 1022 381; x_wconf 84' lang='lat' dir='ltr'><strong><em>aut</em></strong></span> <span class='ocrx_word' id='word_1_9' title='bbox 1048 330 1208 397; x_wconf 87' lang='lat' dir='ltr'><strong><em>cujus</em></strong></span> <span class='ocrx_word' id='word_1_10' title='bbox 1236 332 1466 383; x_wconf 84' lang='lat' dir='ltr'><strong><em>conscia</em></strong></span> <span class='ocrx_word' id='word_1_11' title='bbox 1491 347 1656 383; x_wconf 78' lang='lat' dir='ltr'>noxae</span> 
     </span>
    </p>

    <p class='ocr_par' dir='ltr' id='par_1_3' title="bbox 317 413 1584 470">
     <span class='ocr_line' id='line_1_3' title="bbox 317 413 1584 470; baseline -0.002 0"><span class='ocrx_word' id='word_1_12' title='bbox 317 419 467 470; x_wconf 87' lang='lat' dir='ltr'><strong><em>Exul</em></strong></span> <span class='ocrx_word' id='word_1_13' title='bbox 494 419 564 469; x_wconf 85' lang='lat' dir='ltr'><strong><em>ad</em></strong></span> <span class='ocrx_word' id='word_1_14' title='bbox 592 419 855 467; x_wconf 81' lang='lat' dir='ltr'><strong>immanes</strong></span> <span class='ocrx_word' id='word_1_15' title='bbox 884 413 1051 464; x_wconf 80' lang='lat' dir='ltr'>Erebi</span> <span class='ocrx_word' id='word_1_16' title='bbox 1075 414 1338 465; x_wconf 84' lang='lat' dir='ltr'><strong><em>detrudor</em></strong></span> <span class='ocrx_word' id='word_1_17' title='bbox 1363 415 1584 467; x_wconf 64' lang='lat' dir='ltr'><strong><em>hiatus?</em></strong></span> 
     </span>
    </p>

    <p class='ocr_par' dir='ltr' id='par_1_4' title="bbox 318 499 2148 654">
     <span class='ocr_line' id='line_1_4' title="bbox 318 499 2148 566; baseline -0.003 -12"><span class='ocrx_word' id='word_1_18' title='bbox 318 501 368 553; x_wconf 88' lang='lat' dir='ltr'>O</span> <span class='ocrx_word' id='word_1_19' title='bbox 395 502 724 559; x_wconf 65' lang='lat' dir='ltr'><strong><em>fortunatae,</em></strong></span> <span class='ocrx_word' id='word_1_20' title='bbox 753 500 846 550; x_wconf 86' lang='lat' dir='ltr'><strong><em>alii</em></strong></span> <span class='ocrx_word' id='word_1_21' title='bbox 872 515 1259 566; x_wconf 83' lang='lat' dir='ltr'><strong><em>quascumque</em></strong></span> <span class='ocrx_word' id='word_1_22' title='bbox 1282 499 1516 550; x_wconf 84' lang='lat' dir='ltr'><strong><em>tulerunt</em></strong></span> <span class='ocrx_word' id='word_1_23' title='bbox 2040 499 2148 553; x_wconf 76' lang='lat'><strong><em>260</em></strong></span> 
     </span>
     <span class='ocr_line' id='line_1_5' title="bbox 319 583 1633 654; baseline -0.003 -16"><span class='ocrx_word' id='word_1_24' title='bbox 319 586 634 654; x_wconf 73' lang='lat' dir='ltr'><strong><em>Raptores!</em></strong></span> <span class='ocrx_word' id='word_1_25' title='bbox 676 585 868 635; x_wconf 82' lang='lat' dir='ltr'><strong><em>saltem</em></strong></span> <span class='ocrx_word' id='word_1_26' title='bbox 895 585 1171 635; x_wconf 84' lang='lat' dir='ltr'><strong><em>communi</em></strong></span> <span class='ocrx_word' id='word_1_27' title='bbox 1201 584 1329 635; x_wconf 84' lang='lat' dir='ltr'><strong><em>Sole</em></strong></span> <span class='ocrx_word' id='word_1_28' title='bbox 1355 583 1633 634; x_wconf 87' lang='lat' dir='ltr'><strong><em>fruuntur.</em></strong></span> 
     </span>
    </p>

    <p class='ocr_par' dir='ltr' id='par_1_5' title="bbox 318 667 1763 734">
     <span class='ocr_line' id='line_1_6' title="bbox 318 667 1763 734; baseline -0.003 -15"><span class='ocrx_word' id='word_1_29' title='bbox 318 669 425 720; x_wconf 86' lang='lat' dir='ltr'><strong><em>Sed</em></strong></span> <span class='ocrx_word' id='word_1_30' title='bbox 452 670 578 719; x_wconf 90' lang='lat' dir='ltr'><strong><em>mihi</em></strong></span> <span class='ocrx_word' id='word_1_31' title='bbox 607 669 895 734; x_wconf 83' lang='lat' dir='ltr'><strong><em>virginitas</em></strong></span> <span class='ocrx_word' id='word_1_32' title='bbox 923 668 1131 734; x_wconf 76' lang='lat' dir='ltr'><strong><em>pariter</em></strong></span> <span class='ocrx_word' id='word_1_33' title='bbox 1155 667 1467 734; x_wconf 83' lang='lat' dir='ltr'><strong><em>coelumque</em></strong></span> <span class='ocrx_word' id='word_1_34' title='bbox 1493 671 1763 733; x_wconf 82' lang='lat' dir='ltr'><strong><em>negatur:</em></strong></span> 
     </span>
    </p>

    <p class='ocr_par' dir='ltr' id='par_1_6' title="bbox 318 751 1639 820">
     <span class='ocr_line' id='line_1_7' title="bbox 318 751 1639 820; baseline 0.001 -18"><span class='ocrx_word' id='word_1_35' title='bbox 318 751 558 819; x_wconf 86' lang='lat' dir='ltr'><strong><em>Eripitur</em></strong></span> <span class='ocrx_word' id='word_1_36' title='bbox 584 753 714 803; x_wconf 65' lang='lat' dir='ltr'><strong><em>cum*</em></strong></span> <span class='ocrx_word' id='word_1_37' title='bbox 733 754 856 804; x_wconf 84' lang='lat' dir='ltr'><strong><em>luce</em></strong></span> <span class='ocrx_word' id='word_1_38' title='bbox 882 753 1062 820; x_wconf 88' lang='lat' dir='ltr'><strong><em>pudor</em></strong></span> <span class='ocrx_word' id='word_1_39' title='bbox 1085 770 1098 804; x_wconf 89' lang='lat'><strong>:</strong></span> <span class='ocrx_word' id='word_1_40' title='bbox 1139 752 1402 819; x_wconf 81' lang='lat' dir='ltr'><strong><em>terrisque</em></strong></span> <span class='ocrx_word' id='word_1_41' title='bbox 1428 751 1639 804; x_wconf 86' lang='lat' dir='ltr'><strong><em>relictis</em></strong></span> 
     </span>
    </p>

    <p class='ocr_par' dir='ltr' id='par_1_7' title="bbox 318 835 1532 903">
     <span class='ocr_line' id='line_1_8' title="bbox 318 835 1532 903; baseline -0.002 -16"><span class='ocrx_word' id='word_1_42' title='bbox 318 836 586 888; x_wconf 86' lang='lat' dir='ltr'><strong><em>Servitum</em></strong></span> <span class='ocrx_word' id='word_1_43' title='bbox 613 835 806 903; x_wconf 87' lang='lat' dir='ltr'><strong><em>Stygio</em></strong></span> <span class='ocrx_word' id='word_1_44' title='bbox 831 836 1004 888; x_wconf 88' lang='lat' dir='ltr'><strong><em>ducor</em></strong></span> <span class='ocrx_word' id='word_1_45' title='bbox 1030 836 1254 903; x_wconf 85' lang='lat' dir='ltr'><strong><em>captiva</em></strong></span> <span class='ocrx_word' id='word_1_46' title='bbox 1282 842 1532 902; x_wconf 81' lang='lat' dir='ltr'><strong>tyranno.</strong></span> 
     </span>
    </p>

    <p class='ocr_par' dir='ltr' id='par_1_8' title="bbox 320 917 2158 1072">
     <span class='ocr_line' id='line_1_9' title="bbox 320 917 2158 988; baseline -0.001 -18"><span class='ocrx_word' id='word_1_47' title='bbox 320 920 369 970; x_wconf 89' lang='grc' dir='ltr'>Ο</span> <span class='ocrx_word' id='word_1_48' title='bbox 398 921 540 970; x_wconf 84' lang='lat' dir='ltr'><strong><em>male</em></strong></span> <span class='ocrx_word' id='word_1_49' title='bbox 567 920 759 972; x_wconf 84' lang='lat' dir='ltr'><strong><em>dilecti</em></strong></span> <span class='ocrx_word' id='word_1_50' title='bbox 783 919 970 982; x_wconf 84' lang='lat' dir='ltr'><strong><em>floreS,</em></strong></span> <span class='ocrx_word' id='word_1_51' title='bbox 998 920 1372 988; x_wconf 83' lang='lat' dir='ltr'><strong><em>despectaque</em></strong></span> <span class='ocrx_word' id='word_1_52' title='bbox 1402 922 1592 973; x_wconf 83' lang='lat' dir='ltr'><strong><em>matris</em></strong></span> <span class='ocrx_word' id='word_1_53' title='bbox 2049 917 2158 970; x_wconf 77' lang='lat'><strong><em>265</em></strong></span> 
     </span>
     <span class='ocr_line' id='line_1_10' title="bbox 320 1002 1626 1072; baseline 0.002 -18"><span class='ocrx_word' id='word_1_54' title='bbox 320 1002 584 1067; x_wconf 83' lang='lat' dir='ltr'><strong><em>Consilia,</em></strong></span> <span class='ocrx_word' id='word_1_55' title='bbox 608 1022 641 1056; x_wconf 93' lang='lat' dir='ltr'>o</span> <span class='ocrx_word' id='word_1_56' title='bbox 670 1004 905 1056; x_wconf 84' lang='lat' dir='ltr'><strong><em>Veneris</em></strong></span> <span class='ocrx_word' id='word_1_57' title='bbox 931 1005 1222 1072; x_wconf 75' lang='lat' dir='ltr'><strong><em>deprensae</em></strong></span> <span class='ocrx_word' id='word_1_58' title='bbox 1249 1006 1425 1057; x_wconf 80' lang='lat' dir='ltr'><strong><em>&#39;Serius</em></strong></span> <span class='ocrx_word' id='word_1_59' title='bbox 1451 1011 1592 1057; x_wconf 85' lang='lat' dir='ltr'><strong><em>artes</em></strong></span> <span class='ocrx_word' id='word_1_60' title='bbox 1614 1007 1626 1057; x_wconf 68' lang='grc' dir='ltr'>ἒ</span> 
     </span>
    </p>

    <p class='ocr_par' dir='ltr' id='par_1_9' title="bbox 322 1087 1581 1156">
     <span class='ocr_line' id='line_1_11' title="bbox 322 1087 1581 1156; baseline 0.003 -19"><span class='ocrx_word' id='word_1_61' title='bbox 322 1087 503 1140; x_wconf 82' lang='lat' dir='ltr'><strong>Mater</strong></span> <span class='ocrx_word' id='word_1_62' title='bbox 526 1090 596 1150; x_wconf 87' lang='lat' dir='ltr'><strong><em>io,</em></strong></span> <span class='ocrx_word' id='word_1_63' title='bbox 626 1105 720 1139; x_wconf 87' lang='lat' dir='ltr'><strong><em>seu</em></strong></span> <span class='ocrx_word' id='word_1_64' title='bbox 746 1093 798 1139; x_wconf 89' lang='lat' dir='ltr'><strong><em>te</em></strong></span> <span class='ocrx_word' id='word_1_65' title='bbox 827 1089 1083 1156; x_wconf 81' lang='lat' dir='ltr'>Phrygiis</span> <span class='ocrx_word' id='word_1_66' title='bbox 1109 1090 1165 1139; x_wconf 90' lang='lat' dir='ltr'><strong><em>in</em></strong></span> <span class='ocrx_word' id='word_1_67' title='bbox 1191 1090 1434 1141; x_wconf 84' lang='lat' dir='ltr'><strong><em>vallibus</em></strong></span> <span class='ocrx_word' id='word_1_68' title='bbox 1459 1089 1581 1141; x_wconf 83' lang='lat' dir='ltr'><strong><em>Idae</em></strong></span> 
     </span>
    </p>

    <p class='ocr_par' dir='ltr' id='par_1_10' title="bbox 323 1171 1697 1240">
     <span class='ocr_line' id='line_1_12' title="bbox 323 1171 1697 1240; baseline 0.001 -18"><span class='ocrx_word' id='word_1_69' title='bbox 323 1171 629 1240; x_wconf 85' lang='lat' dir='ltr'><strong><em>Mygdonio</em></strong></span> <span class='ocrx_word' id='word_1_70' title='bbox 651 1175 834 1225; x_wconf 81' lang='lat' dir='ltr'><strong><em>buxus</em></strong></span> <span class='ocrx_word' id='word_1_71' title='bbox 863 1175 1229 1224; x_wconf 79' lang='lat' dir='ltr'><strong><em>circumsonat</em></strong></span> <span class='ocrx_word' id='word_1_72' title='bbox 1252 1173 1475 1225; x_wconf 84' lang='lat' dir='ltr'><strong><em>horrida</em></strong></span> <span class='ocrx_word' id='word_1_73' title='bbox 1501 1178 1697 1236; x_wconf 57' lang='lat' dir='ltr'><strong><em>cantu,</em></strong></span> 
     </span>
    </p>
   </div>
   <div class='ocr_carea' id='block_1_3' title="bbox 321 1304 2168 1624">
    <p class='ocr_par' dir='ltr' id='par_1_11' title="bbox 321 1304 2168 1624">
     <span class='ocr_line' id='line_1_13' title="bbox 325 1304 2161 1360; baseline -0.001 -14"><span class='ocrx_word' id='word_1_74' title='bbox 325 1307 438 1352; x_wconf 81' lang='lat' dir='ltr'><strong><em>Quod</em></strong></span> <span class='ocrx_word' id='word_1_75' title='bbox 458 1310 606 1347; x_wconf 77' lang='lat' dir='ltr'><strong><em>tentavi</em></strong></span> <span class='ocrx_word' id='word_1_76' title='bbox 625 1310 783 1358; x_wconf 81' lang='lat' dir='ltr'><em>crimen,</em></span> <span class='ocrx_word' id='word_1_77' title='bbox 798 1313 864 1348; x_wconf 84' lang='lat' dir='ltr'><strong><em>aut</em></strong></span> <span class='ocrx_word' id='word_1_78' title='bbox 883 1310 989 1358; x_wconf 77' lang='lat' dir='ltr'><strong><em>cujus</em></strong></span> <span class='ocrx_word' id='word_1_79' title='bbox 1015 1310 1119 1349; x_wconf 79' lang='lat' dir='ltr'><strong><em>socia</em></strong></span> <span class='ocrx_word' id='word_1_80' title='bbox 1143 1310 1264 1360; x_wconf 78' lang='lat' dir='ltr'><strong><em>culpoe</em></strong></span> <span class='ocrx_word' id='word_1_81' title='bbox 1290 1309 1422 1358; x_wconf 63' lang='lat' dir='ltr'><strong><em>ejicior</em></strong></span> <span class='ocrx_word' id='word_1_82' title='bbox 1447 1311 1538 1349; x_wconf 79' lang='lat' dir='ltr'><strong><em>exul</em></strong></span> <span class='ocrx_word' id='word_1_83' title='bbox 1569 1311 1619 1348; x_wconf 86' lang='lat' dir='ltr'><strong><em>ad</em></strong></span> <span class='ocrx_word' id='word_1_84' title='bbox 1650 1320 1834 1347; x_wconf 81' lang='lat' dir='ltr'><em>cavernas</em></span> <span class='ocrx_word' id='word_1_85' title='bbox 1865 1307 2044 1346; x_wconf 74' lang='lat' dir='ltr'><strong><em>horridas</em></strong></span> <span class='ocrx_word' id='word_1_86' title='bbox 2067 1304 2161 1346; x_wconf 83' lang='lat' dir='ltr'><strong><em>Tar-</em></strong></span> 
     </span>
     <span class='ocr_line' id='line_1_14' title="bbox 324 1360 2163 1413; baseline -0.001 -14"><span class='ocrx_word' id='word_1_87' title='bbox 324 1360 434 1402; x_wconf 79' lang='lat' dir='ltr'><strong><em>tari?</em></strong></span> <span class='ocrx_word' id='word_1_88' title='bbox 483 1363 519 1399; x_wconf 92' lang='lat' dir='ltr'>O</span> <span class='ocrx_word' id='word_1_89' title='bbox 543 1362 680 1410; x_wconf 79' lang='lat' dir='ltr'><strong><em>felices</em></strong></span> <span class='ocrx_word' id='word_1_90' title='bbox 713 1364 890 1413; x_wconf 65' lang='lat' dir='ltr'><strong><em>puellas,</em></strong></span> <span class='ocrx_word' id='word_1_91' title='bbox 921 1375 1015 1412; x_wconf 79' lang='lat' dir='ltr'><strong><em>quas</em></strong></span> <span class='ocrx_word' id='word_1_92' title='bbox 1044 1363 1115 1401; x_wconf 81' lang='lat' dir='ltr'><strong><em>alii</em></strong></span> <span class='ocrx_word' id='word_1_93' title='bbox 1141 1365 1342 1413; x_wconf 83' lang='lat' dir='ltr'><strong><em>proedones</em></strong></span> <span class='ocrx_word' id='word_1_94' title='bbox 1373 1363 1644 1401; x_wconf 72' lang='lat' dir='ltr'><strong><em>abduxerunt.-</em></strong></span> <span class='ocrx_word' id='word_1_95' title='bbox 1683 1364 1823 1400; x_wconf 79' lang='lat' dir='ltr'><strong><em>saltem</em></strong></span> <span class='ocrx_word' id='word_1_96' title='bbox 1846 1361 2051 1410; x_wconf 79' lang='lat' dir='ltr'><strong><em>potiuntur</em></strong></span> <span class='ocrx_word' id='word_1_97' title='bbox 2078 1361 2163 1399; x_wconf 82' lang='lat' dir='ltr'><strong><em>luce</em></strong></span> 
     </span>
     <span class='ocr_line' id='line_1_15' title="bbox 322 1413 2160 1466; baseline -0.001 -13"><span class='ocrx_word' id='word_1_98' title='bbox 322 1417 526 1455; x_wconf 82' lang='lat' dir='ltr'><strong><em>communi.</em></strong></span> <span class='ocrx_word' id='word_1_99' title='bbox 582 1418 637 1455; x_wconf 83' lang='lat' dir='ltr'><strong><em>At</em></strong></span> <span class='ocrx_word' id='word_1_100' title='bbox 669 1416 863 1466; x_wconf 76' lang='lat' dir='ltr'><strong><em>pudicitia</em></strong></span> <span class='ocrx_word' id='word_1_101' title='bbox 884 1416 982 1454; x_wconf 83' lang='lat' dir='ltr'><strong><em>mihi</em></strong></span> <span class='ocrx_word' id='word_1_102' title='bbox 1016 1415 1208 1461; x_wconf 75' lang='lat' dir='ltr'><strong><em>aufertur,</em></strong></span> <span class='ocrx_word' id='word_1_103' title='bbox 1237 1421 1271 1454; x_wconf 86' lang='lat' dir='ltr'><strong><em>et</em></strong></span> <span class='ocrx_word' id='word_1_104' title='bbox 1301 1418 1414 1454; x_wconf 80' lang='lat' dir='ltr'><strong><em>simut</em></strong></span> <span class='ocrx_word' id='word_1_105' title='bbox 1435 1418 1583 1454; x_wconf 82' lang='lat' dir='ltr'><strong><em>tumen.-</em></strong></span> <span class='ocrx_word' id='word_1_106' title='bbox 1612 1416 1734 1464; x_wconf 83' lang='lat' dir='ltr'><strong><em>pudor</em></strong></span> <span class='ocrx_word' id='word_1_107' title='bbox 1752 1413 1942 1451; x_wconf 79' lang='lat' dir='ltr'><strong><em>adimitur</em></strong></span> <span class='ocrx_word' id='word_1_108' title='bbox 1959 1413 2056 1451; x_wconf 82' lang='lat' dir='ltr'><strong><em>mihi</em></strong></span> <span class='ocrx_word' id='word_1_109' title='bbox 2074 1425 2160 1451; x_wconf 78' lang='lat' dir='ltr'><strong><em>cum</em></strong></span> 
     </span>
     <span class='ocr_line' id='line_1_16' title="bbox 327 1465 2168 1519; baseline -0.002 -13"><span class='ocrx_word' id='word_1_110' title='bbox 327 1467 431 1517; x_wconf 83' lang='lat' dir='ltr'><strong><em>Sole,</em></strong></span> <span class='ocrx_word' id='word_1_111' title='bbox 451 1473 488 1506; x_wconf 88' lang='lat' dir='ltr'><strong><em>et</em></strong></span> <span class='ocrx_word' id='word_1_112' title='bbox 507 1471 639 1519; x_wconf 83' lang='lat' dir='ltr'><strong><em>rapior</em></strong></span> <span class='ocrx_word' id='word_1_113' title='bbox 656 1469 817 1507; x_wconf 82' lang='lat' dir='ltr'><strong><em>desertis</em></strong></span> <span class='ocrx_word' id='word_1_114' title='bbox 837 1469 968 1515; x_wconf 74' lang='lat' dir='ltr'><strong><em>terris,</em></strong></span> <span class='ocrx_word' id='word_1_115' title='bbox 986 1472 1030 1505; x_wconf 80' lang='lat' dir='ltr'><strong><em>ut</em></strong></span> <span class='ocrx_word' id='word_1_116' title='bbox 1037 1467 1193 1514; x_wconf 85' lang='lat' dir='ltr'><strong><em>famula</em></strong></span> <span class='ocrx_word' id='word_1_117' title='bbox 1211 1468 1375 1505; x_wconf 75' lang='lat' dir='ltr'><strong><em>serviam</em></strong></span> <span class='ocrx_word' id='word_1_118' title='bbox 1403 1467 1505 1514; x_wconf 77' lang='lat' dir='ltr'><strong><em>Regi</em></strong></span> <span class='ocrx_word' id='word_1_119' title='bbox 1528 1465 1701 1513; x_wconf 75' lang='lat' dir='ltr'><strong><em>Inferna.</em></strong></span> <span class='ocrx_word' id='word_1_120' title='bbox 1737 1467 1773 1502; x_wconf 91' lang='grc'><strong>0</strong></span> <span class='ocrx_word' id='word_1_121' title='bbox 1781 1465 1905 1515; x_wconf 79' lang='lat' dir='ltr'><strong><em>flores</em></strong></span> <span class='ocrx_word' id='word_1_122' title='bbox 1922 1467 2045 1504; x_wconf 82' lang='lat' dir='ltr'><strong><em>amati</em></strong></span> <span class='ocrx_word' id='word_1_123' title='bbox 2064 1465 2168 1514; x_wconf 67' lang='lat' dir='ltr'><strong><em>infe-</em></strong></span> 
     </span>
     <span class='ocr_line' id='line_1_17' title="bbox 321 1516 2162 1569; baseline -0.001 -11"><span class='ocrx_word' id='word_1_124' title='bbox 321 1522 465 1569; x_wconf 77' lang='lat' dir='ltr'><strong><em>liciter,</em></strong></span> <span class='ocrx_word' id='word_1_125' title='bbox 483 1528 521 1559; x_wconf 84' lang='lat' dir='ltr'><strong><em>et</em></strong></span> <span class='ocrx_word' id='word_1_126' title='bbox 541 1523 723 1559; x_wconf 76' lang='lat' dir='ltr'><em>contemti</em></span> <span class='ocrx_word' id='word_1_127' title='bbox 743 1523 910 1558; x_wconf 76' lang='lat' dir='ltr'><strong><em>monitus</em></strong></span> <span class='ocrx_word' id='word_1_128' title='bbox 929 1519 1099 1558; x_wconf 69' lang='lat' dir='ltr'><strong><em>matris!</em></strong></span> <span class='ocrx_word' id='word_1_129' title='bbox 1126 1533 1147 1557; x_wconf 90' lang='lat' dir='ltr'><em>o</em></span> <span class='ocrx_word' id='word_1_130' title='bbox 1165 1519 1243 1557; x_wconf 84' lang='lat' dir='ltr'><strong><em>doli</em></strong></span> <span class='ocrx_word' id='word_1_131' title='bbox 1267 1519 1427 1558; x_wconf 82' lang='lat' dir='ltr'><strong><em>Veneris</em></strong></span> <span class='ocrx_word' id='word_1_132' title='bbox 1445 1519 1589 1557; x_wconf 80' lang='lat' dir='ltr'><strong><em>detecti</em></strong></span> <span class='ocrx_word' id='word_1_133' title='bbox 1606 1517 1790 1557; x_wconf 82' lang='lat' dir='ltr'><strong><em>tardius!</em></strong></span> <span class='ocrx_word' id='word_1_134' title='bbox 1810 1516 1905 1557; x_wconf 80' lang='lat' dir='ltr'><strong><em>Ah!</em></strong></span> <span class='ocrx_word' id='word_1_135' title='bbox 1925 1523 2064 1568; x_wconf 82' lang='lat' dir='ltr'><strong><em>mater,</em></strong></span> <span class='ocrx_word' id='word_1_136' title='bbox 2080 1519 2162 1558; x_wconf 80' lang='lat' dir='ltr'><strong><em>sive</em></strong></span> 
     </span>
     <span class='ocr_line' id='line_1_18' title="bbox 329 1572 2161 1624; baseline 0 -13"><span class='ocrx_word' id='word_1_137' title='bbox 329 1574 428 1611; x_wconf 82' lang='lat' dir='ltr'><strong><em>tibia</em></strong></span> <span class='ocrx_word' id='word_1_138' title='bbox 444 1574 642 1611; x_wconf 82' lang='lat' dir='ltr'><strong><em>horribilis</em></strong></span> <span class='ocrx_word' id='word_1_139' title='bbox 660 1577 770 1611; x_wconf 73' lang='lat' dir='ltr'><strong><em>sonat</em></strong></span> <span class='ocrx_word' id='word_1_140' title='bbox 789 1574 933 1611; x_wconf 80' lang='lat' dir='ltr'><strong><em>circum</em></strong></span> <span class='ocrx_word' id='word_1_141' title='bbox 952 1583 1065 1610; x_wconf 84' lang='lat' dir='ltr'><strong><em>aures</em></strong></span> <span class='ocrx_word' id='word_1_142' title='bbox 1101 1578 1194 1610; x_wconf 86' lang='lat' dir='ltr'><strong><em>tuas</em></strong></span> <span class='ocrx_word' id='word_1_143' title='bbox 1214 1575 1343 1611; x_wconf 62' lang='lat' dir='ltr'><strong><em>vantu</em></strong></span> <span class='ocrx_word' id='word_1_144' title='bbox 1375 1572 1502 1624; x_wconf 80' lang='lat' dir='ltr'><strong><em>Lydio</em></strong></span> <span class='ocrx_word' id='word_1_145' title='bbox 1524 1572 1565 1610; x_wconf 88' lang='grc' dir='ltr'><strong><em>ἰιι</em></strong></span> <span class='ocrx_word' id='word_1_146' title='bbox 1585 1572 1747 1610; x_wconf 73' lang='lat' dir='ltr'><strong><em>vallibus</em></strong></span> <span class='ocrx_word' id='word_1_147' title='bbox 1767 1572 1847 1610; x_wconf 70' lang='lat' dir='ltr'><strong><em>111ae</em></strong></span> <span class='ocrx_word' id='word_1_148' title='bbox 1872 1572 2063 1622; x_wconf 70' lang='lat' dir='ltr'><strong><em>Trnjanoe,</em></strong></span> <span class='ocrx_word' id='word_1_149' title='bbox 2082 1573 2161 1611; x_wconf 79' lang='lat' dir='ltr'><strong><em>sive</em></strong></span> 
     </span>
    </p>
   </div>
   <div class='ocr_carea' id='block_1_4' title="bbox 1099 1677 1397 1692">
    <p class='ocr_par' dir='ltr' id='par_1_12' title="bbox 1099 1677 1397 1692">
     <span class='ocr_line' id='line_1_19' title="bbox 1099 1677 1397 1692; baseline 0 0"><span class='ocrx_word' id='word_1_150' title='bbox 1099 1677 1397 1692; x_wconf 54' lang='lat' dir='ltr'><strong><em>eeeeeeeeeee</em></strong></span> 
     </span>
    </p>
   </div>
   <div class='ocr_carea' id='block_1_5' title="bbox 327 1757 2175 2823">
    <p class='ocr_par' dir='ltr' id='par_1_13' title="bbox 327 1757 2175 2823">
     <span class='ocr_line' id='line_1_20' title="bbox 327 1757 2165 1811; baseline 0.001 -15"><span class='ocrx_word' id='word_1_151' title='bbox 327 1757 436 1796; x_wconf 72' lang='lat' dir='ltr'><strong><em>rexit</em></strong></span> <span class='ocrx_word' id='word_1_152' title='bbox 455 1758 556 1797; x_wconf 83' lang='lat' dir='ltr'><strong><em>Vat.</em></strong></span> <span class='ocrx_word' id='word_1_153' title='bbox 573 1763 711 1810; x_wconf 85' lang='lat' dir='ltr'><strong><em>quart.</em></strong></span> <span class='ocrx_word' id='word_1_154' title='bbox 728 1759 831 1809; x_wconf 83' lang='lat' dir='ltr'><strong><em>Reg.</em></strong></span> <span class='ocrx_word' id='word_1_155' title='bbox 854 1757 995 1797; x_wconf 77' lang='lat' dir='ltr'><strong><em>Oxon.</em></strong></span> <span class='ocrx_word' id='word_1_156' title='bbox 1016 1769 1082 1808; x_wconf 84' lang='lat' dir='ltr'><strong><em>pr.</em></strong></span> <span class='ocrx_word' id='word_1_157' title='bbox 1112 1762 1240 1797; x_wconf 80' lang='lat' dir='ltr'><strong><em>versat</em></strong></span> <span class='ocrx_word' id='word_1_158' title='bbox 1262 1758 1330 1796; x_wconf 87' lang='lat' dir='ltr'><strong><em>vel</em></strong></span> <span class='ocrx_word' id='word_1_159' title='bbox 1357 1759 1467 1797; x_wconf 73' lang='lat' dir='ltr'><strong><em>vexit</em></strong></span> <span class='ocrx_word' id='word_1_160' title='bbox 1485 1758 1586 1797; x_wconf 68' lang='lat' dir='ltr'><strong><em>vav.</em></strong></span> <span class='ocrx_word' id='word_1_161' title='bbox 1608 1758 1882 1811; x_wconf 85' lang='lat' dir='ltr'><strong><em>quint.—·258</em></strong></span> <span class='ocrx_word' id='word_1_162' title='bbox 1909 1758 2027 1798; x_wconf 84' lang='lat' dir='ltr'><strong><em>noxia</em></strong></span> <span class='ocrx_word' id='word_1_163' title='bbox 2045 1758 2165 1810; x_wconf 79' lang='lat' dir='ltr'><strong><em>culpae</em></strong></span> 
     </span>
     <span class='ocr_line' id='line_1_21' title="bbox 327 1811 2165 1864; baseline 0.001 -14"><span class='ocrx_word' id='word_1_164' title='bbox 327 1812 433 1850; x_wconf 77' lang='lat' dir='ltr'><strong><em>Exc.</em></strong></span> <span class='ocrx_word' id='word_1_165' title='bbox 454 1811 606 1851; x_wconf 86' lang='lat' dir='ltr'><strong><em>Petav.</em></strong></span> <span class='ocrx_word' id='word_1_166' title='bbox 628 1817 767 1863; x_wconf 81' lang='lat' dir='ltr'><strong><em>quart.</em></strong></span> <span class='ocrx_word' id='word_1_167' title='bbox 812 1824 926 1850; x_wconf 68' lang='lat' dir='ltr'><strong><em>noxae</em></strong></span> <span class='ocrx_word' id='word_1_168' title='bbox 955 1813 1056 1850; x_wconf 87' lang='lat' dir='ltr'><strong><em>Vat.</em></strong></span> <span class='ocrx_word' id='word_1_169' title='bbox 1092 1817 1194 1850; x_wconf 78' lang='lat' dir='ltr'><strong><em>tert.</em></strong></span> <span class='ocrx_word' id='word_1_170' title='bbox 1228 1811 1447 1864; x_wconf 44' lang='lat' dir='ltr'><strong><em>Jun.23§&#39;ec.</em></strong></span> <span class='ocrx_word' id='word_1_171' title='bbox 1482 1811 1634 1851; x_wconf 78' lang='lat' dir='ltr'><strong><em>Petav.</em></strong></span> <span class='ocrx_word' id='word_1_172' title='bbox 1670 1818 1771 1852; x_wconf 81' lang='lat' dir='ltr'><strong><em>tert.</em></strong></span> <span class='ocrx_word' id='word_1_173' title='bbox 1802 1813 1904 1852; x_wconf 82' lang='lat' dir='ltr'><strong><em>Vat.</em></strong></span> <span class='ocrx_word' id='word_1_174' title='bbox 1935 1812 2073 1851; x_wconf 88' lang='lat' dir='ltr'><strong><em>Livin.</em></strong></span> <span class='ocrx_word' id='word_1_175' title='bbox 2095 1811 2165 1852; x_wconf 89' lang='lat' dir='ltr'><strong><em>ed.</em></strong></span> 
     </span>
     <span class='ocr_line' id='line_1_22' title="bbox 329 1864 2167 1916; baseline 0.002 -15"><span class='ocrx_word' id='word_1_176' title='bbox 329 1864 472 1903; x_wconf 84' lang='lat' dir='ltr'><strong><em>Vicet.</em></strong></span> <span class='ocrx_word' id='word_1_177' title='bbox 492 1866 593 1904; x_wconf 85' lang='lat' dir='ltr'><strong><em>Var.</em></strong></span> <span class='ocrx_word' id='word_1_178' title='bbox 624 1866 708 1903; x_wconf 89' lang='lat' dir='ltr'><strong><em>LL.</em></strong></span> <span class='ocrx_word' id='word_1_179' title='bbox 730 1877 753 1904; x_wconf 87' lang='lat' dir='ltr'><strong><em>e</em></strong></span> <span class='ocrx_word' id='word_1_180' title='bbox 775 1877 910 1916; x_wconf 83' lang='lat' dir='ltr'><strong><em>marg.</em></strong></span> <span class='ocrx_word' id='word_1_181' title='bbox 941 1866 1086 1904; x_wconf 80' lang='lat' dir='ltr'><strong><em>Parm.</em></strong></span> <span class='ocrx_word' id='word_1_182' title='bbox 1127 1867 1248 1915; x_wconf 78' lang='lat' dir='ltr'><strong><em>culpae</em></strong></span> <span class='ocrx_word' id='word_1_183' title='bbox 1271 1871 1357 1904; x_wconf 82' lang='lat' dir='ltr'><strong><em>tres</em></strong></span> <span class='ocrx_word' id='word_1_184' title='bbox 1377 1866 1496 1905; x_wconf 86' lang='lat' dir='ltr'><strong><em>Vatt.</em></strong></span> <span class='ocrx_word' id='word_1_185' title='bbox 1528 1866 1620 1905; x_wconf 73' lang='lat' dir='ltr'><strong><em>Pau.</em></strong></span> <span class='ocrx_word' id='word_1_186' title='bbox 1642 1866 1750 1904; x_wconf 91' lang='lat' dir='ltr'><strong><em>Cod.</em></strong></span> <span class='ocrx_word' id='word_1_187' title='bbox 1779 1866 2014 1913; x_wconf 78' lang='lat' dir='ltr'><strong><em>Bartholin.</em></strong></span> <span class='ocrx_word' id='word_1_188' title='bbox 2043 1866 2167 1916; x_wconf 77' lang='lat' dir='ltr'><strong><em>culpoe</em></strong></span> 
     </span>
     <span class='ocr_line' id='line_1_23' title="bbox 327 1918 2170 1969; baseline 0.001 -14"><span class='ocrx_word' id='word_1_189' title='bbox 327 1918 395 1956; x_wconf 83' lang='lat' dir='ltr'><strong><em>vel</em></strong></span> <span class='ocrx_word' id='word_1_190' title='bbox 415 1930 527 1956; x_wconf 75' lang='lat' dir='ltr'><strong><em>noxa&gt;</em></strong></span> <span class='ocrx_word' id='word_1_191' title='bbox 540 1920 638 1957; x_wconf 79' lang='lat' dir='ltr'><strong><em>Vat.</em></strong></span> <span class='ocrx_word' id='word_1_192' title='bbox 657 1931 740 1957; x_wconf 82' lang='lat' dir='ltr'><strong><em>sec.</em></strong></span> <span class='ocrx_word' id='word_1_193' title='bbox 762 1919 901 1958; x_wconf 86' lang='lat' dir='ltr'><strong><em>Oxou.</em></strong></span> <span class='ocrx_word' id='word_1_194' title='bbox 920 1932 1002 1958; x_wconf 85' lang='lat' dir='ltr'><strong><em>sec.</em></strong></span> <span class='ocrx_word' id='word_1_195' title='bbox 1031 1919 1182 1957; x_wconf 83' lang='lat' dir='ltr'><strong><em>conscia</em></strong></span> <span class='ocrx_word' id='word_1_196' title='bbox 1200 1920 1321 1969; x_wconf 77' lang='lat' dir='ltr'><strong><em>culpa&gt;</em></strong></span> <span class='ocrx_word' id='word_1_197' title='bbox 1342 1920 1407 1958; x_wconf 92' lang='lat' dir='ltr'><strong><em>vel</em></strong></span> <span class='ocrx_word' id='word_1_198' title='bbox 1429 1919 1548 1957; x_wconf 77' lang='lat' dir='ltr'><strong><em>noxia</em></strong></span> <span class='ocrx_word' id='word_1_199' title='bbox 1568 1932 1677 1958; x_wconf 80' lang='lat' dir='ltr'><em>noxoe</em></span> <span class='ocrx_word' id='word_1_200' title='bbox 1696 1920 1815 1958; x_wconf 78' lang='lat' dir='ltr'><strong><em>Voss.</em></strong></span> <span class='ocrx_word' id='word_1_201' title='bbox 1832 1931 1956 1959; x_wconf 73' lang='lat' dir='ltr'><strong><em>sec.-</em></strong></span> <span class='ocrx_word' id='word_1_202' title='bbox 1971 1922 2050 1958; x_wconf 75' lang='lat'><strong><em>260</em></strong></span> <span class='ocrx_word' id='word_1_203' title='bbox 2069 1919 2170 1958; x_wconf 78' lang='lat' dir='ltr'><strong><em>alias</em></strong></span> 
     </span>
     <span class='ocr_line' id='line_1_24' title="bbox 327 1970 2166 2024; baseline 0.001 -15"><span class='ocrx_word' id='word_1_204' title='bbox 327 1970 447 2009; x_wconf 84' lang='lat' dir='ltr'><strong><em>Leid.</em></strong></span> <span class='ocrx_word' id='word_1_205' title='bbox 495 1972 635 2011; x_wconf 89' lang='lat' dir='ltr'><strong><em>Oxou.</em></strong></span> <span class='ocrx_word' id='word_1_206' title='bbox 675 1985 759 2011; x_wconf 85' lang='lat' dir='ltr'><strong><em>sec.</em></strong></span> <span class='ocrx_word' id='word_1_207' title='bbox 802 1973 1029 2023; x_wconf 80' lang='lat' dir='ltr'><strong><em>quicumque</em></strong></span> <span class='ocrx_word' id='word_1_208' title='bbox 1066 1974 1165 2011; x_wconf 79' lang='lat' dir='ltr'><strong><em>Vat.</em></strong></span> <span class='ocrx_word' id='word_1_209' title='bbox 1209 1977 1307 2015; x_wconf 76' lang='lat' dir='ltr'><strong><em>tert.</em></strong></span> <span class='ocrx_word' id='word_1_210' title='bbox 1362 1985 1614 2024; x_wconf 80' lang='lat' dir='ltr'><strong><em>quoscumque</em></strong></span> <span class='ocrx_word' id='word_1_211' title='bbox 1652 1972 1905 2013; x_wconf 55' lang='lat' dir='ltr'><strong><em>Lem—261</em></strong></span> <span class='ocrx_word' id='word_1_212' title='bbox 1949 1973 2028 2011; x_wconf 78' lang='lat' dir='ltr'><strong><em>sole</em></strong></span> <span class='ocrx_word' id='word_1_213' title='bbox 2063 1973 2166 2012; x_wconf 86' lang='lat' dir='ltr'><strong><em>Vat.</em></strong></span> 
     </span>
     <span class='ocr_line' id='line_1_25' title="bbox 330 2024 2168 2076; baseline 0.001 -15"><span class='ocrx_word' id='word_1_214' title='bbox 330 2024 467 2064; x_wconf 89' lang='lat' dir='ltr'><strong><em>Livin.</em></strong></span> <span class='ocrx_word' id='word_1_215' title='bbox 497 2027 579 2064; x_wconf 85' lang='lat' dir='ltr'><strong><em>luce</em></strong></span> <span class='ocrx_word' id='word_1_216' title='bbox 599 2027 698 2064; x_wconf 86' lang='lat' dir='ltr'><strong><em>Vat.</em></strong></span> <span class='ocrx_word' id='word_1_217' title='bbox 722 2038 784 2076; x_wconf 88' lang='lat' dir='ltr'><strong><em>pr.</em></strong></span> <span class='ocrx_word' id='word_1_218' title='bbox 806 2031 851 2064; x_wconf 93' lang='lat' dir='ltr'><strong><em>et</em></strong></span> <span class='ocrx_word' id='word_1_219' title='bbox 872 2039 957 2066; x_wconf 63' lang='lat' dir='ltr'><strong><em>⁸sec.</em></strong></span> <span class='ocrx_word' id='word_1_220' title='bbox 977 2026 1081 2066; x_wconf 87' lang='lat' dir='ltr'><strong><em>Cod.</em></strong></span> <span class='ocrx_word' id='word_1_221' title='bbox 1110 2025 1350 2064; x_wconf 77' lang='lat' dir='ltr'><strong><em>Bartholin.</em></strong></span> <span class='ocrx_word' id='word_1_222' title='bbox 1376 2026 1478 2066; x_wconf 86' lang='lat' dir='ltr'><strong><em>Jun.</em></strong></span> <span class='ocrx_word' id='word_1_223' title='bbox 1501 2037 1584 2065; x_wconf 87' lang='lat' dir='ltr'><strong><em>sec.</em></strong></span> <span class='ocrx_word' id='word_1_224' title='bbox 1605 2027 1793 2065; x_wconf 81' lang='lat' dir='ltr'><strong><em>chartac.</em></strong></span> <span class='ocrx_word' id='word_1_225' title='bbox 1811 2026 1962 2065; x_wconf 88' lang='lat' dir='ltr'><strong><em>Heius.</em></strong></span> <span class='ocrx_word' id='word_1_226' title='bbox 1986 2027 2081 2065; x_wconf 73' lang='lat' dir='ltr'><strong><em>Md.</em></strong></span> <span class='ocrx_word' id='word_1_227' title='bbox 2102 2025 2168 2064; x_wconf 83' lang='lat' dir='ltr'><strong><em>ed.</em></strong></span> 
     </span>
     <span class='ocr_line' id='line_1_26' title="bbox 330 2079 2170 2130; baseline 0.001 -13"><span class='ocrx_word' id='word_1_228' title='bbox 330 2079 472 2117; x_wconf 86' lang='lat' dir='ltr'><strong><em>Parm.</em></strong></span> <span class='ocrx_word' id='word_1_229' title='bbox 492 2086 540 2118; x_wconf 85' lang='lat' dir='ltr'><strong><em>et</em></strong></span> <span class='ocrx_word' id='word_1_230' title='bbox 570 2079 714 2118; x_wconf 82' lang='lat' dir='ltr'><strong><em>Vicet.</em></strong></span> <span class='ocrx_word' id='word_1_231' title='bbox 758 2081 840 2118; x_wconf 84' lang='lat' dir='ltr'><strong><em>luce</em></strong></span> <span class='ocrx_word' id='word_1_232' title='bbox 865 2081 928 2118; x_wconf 89' lang='lat' dir='ltr'><strong><em>vel</em></strong></span> <span class='ocrx_word' id='word_1_233' title='bbox 961 2081 1038 2118; x_wconf 84' lang='lat' dir='ltr'><strong><em>sole</em></strong></span> <span class='ocrx_word' id='word_1_234' title='bbox 1066 2081 1185 2118; x_wconf 85' lang='lat' dir='ltr'><strong><em>Voss.</em></strong></span> <span class='ocrx_word' id='word_1_235' title='bbox 1217 2083 1440 2119; x_wconf 62' lang='lat' dir='ltr'><strong><em>sea—262</em></strong></span> <span class='ocrx_word' id='word_1_236' title='bbox 1468 2081 1603 2118; x_wconf 80' lang='lat' dir='ltr'><strong><em>coelum</em></strong></span> <span class='ocrx_word' id='word_1_237' title='bbox 1631 2081 1855 2130; x_wconf 81' lang='lat' dir='ltr'><strong><em>pariterque</em></strong></span> <span class='ocrx_word' id='word_1_238' title='bbox 1886 2081 1988 2118; x_wconf 87' lang='lat' dir='ltr'><strong><em>Vat.</em></strong></span> <span class='ocrx_word' id='word_1_239' title='bbox 2027 2084 2170 2130; x_wconf 83' lang='lat' dir='ltr'><strong><em>quart.</em></strong></span> 
     </span>
     <span class='ocr_line' id='line_1_27' title="bbox 327 2132 2167 2183; baseline 0.001 -15"><span class='ocrx_word' id='word_1_240' title='bbox 327 2132 483 2180; x_wconf 82' lang='lat' dir='ltr'><strong><em>pariter</em></strong></span> <span class='ocrx_word' id='word_1_241' title='bbox 498 2145 582 2170; x_wconf 83' lang='lat' dir='ltr'><strong><em>cum</em></strong></span> <span class='ocrx_word' id='word_1_242' title='bbox 599 2133 680 2171; x_wconf 81' lang='lat' dir='ltr'><strong><em>luce</em></strong></span> <span class='ocrx_word' id='word_1_243' title='bbox 697 2133 801 2171; x_wconf 86' lang='lat' dir='ltr'><strong><em>Vat.</em></strong></span> <span class='ocrx_word' id='word_1_244' title='bbox 832 2144 915 2171; x_wconf 85' lang='lat' dir='ltr'><strong><em>sec.</em></strong></span> <span class='ocrx_word' id='word_1_245' title='bbox 948 2132 1031 2170; x_wconf 86' lang='lat' dir='ltr'><strong><em>duo</em></strong></span> <span class='ocrx_word' id='word_1_246' title='bbox 1058 2133 1178 2171; x_wconf 90' lang='lat' dir='ltr'><strong><em>Med.</em></strong></span> <span class='ocrx_word' id='word_1_247' title='bbox 1210 2133 1360 2171; x_wconf 83' lang='lat' dir='ltr'><strong><em>Heius.</em></strong></span> <span class='ocrx_word' id='word_1_248' title='bbox 1385 2133 1438 2171; x_wconf 78' lang='lat' dir='ltr'><strong><em>H.</em></strong></span> <span class='ocrx_word' id='word_1_249' title='bbox 1473 2139 1518 2171; x_wconf 89' lang='lat' dir='ltr'><strong><em>et</em></strong></span> <span class='ocrx_word' id='word_1_250' title='bbox 1546 2133 1730 2171; x_wconf 79' lang='lat' dir='ltr'><strong><em>chartac.</em></strong></span> <span class='ocrx_word' id='word_1_251' title='bbox 1763 2133 1900 2183; x_wconf 73' lang='lat' dir='ltr'><strong><em>eJusd.</em></strong></span> <span class='ocrx_word' id='word_1_252' title='bbox 1933 2133 2073 2171; x_wconf 79' lang='lat' dir='ltr'><strong><em>Oxou.</em></strong></span> <span class='ocrx_word' id='word_1_253' title='bbox 2103 2144 2167 2183; x_wconf 85' lang='lat' dir='ltr'><strong><em>pr.</em></strong></span> 
     </span>
     <span class='ocr_line' id='line_1_28' title="bbox 333 2180 2171 2236; baseline 0.001 -14"><span class='ocrx_word' id='word_1_254' title='bbox 333 2184 453 2223; x_wconf 85' lang='lat' dir='ltr'><strong><em>Voss.</em></strong></span> <span class='ocrx_word' id='word_1_255' title='bbox 466 2197 552 2224; x_wconf 83' lang='lat' dir='ltr'><strong><em>sec.</em></strong></span> <span class='ocrx_word' id='word_1_256' title='bbox 572 2185 673 2224; x_wconf 86' lang='lat' dir='ltr'><strong><em>Jun.</em></strong></span> <span class='ocrx_word' id='word_1_257' title='bbox 692 2197 777 2223; x_wconf 79' lang='lat' dir='ltr'><strong><em>sec.</em></strong></span> <span class='ocrx_word' id='word_1_258' title='bbox 797 2185 866 2222; x_wconf 91' lang='lat' dir='ltr'><strong><em>ed.</em></strong></span> <span class='ocrx_word' id='word_1_259' title='bbox 888 2180 1028 2223; x_wconf 84' lang='lat' dir='ltr'><strong><em>Vicet.</em></strong></span> <span class='ocrx_word' id='word_1_260' title='bbox 1070 2199 1156 2223; x_wconf 77' lang='lat' dir='ltr'><strong><em>cum</em></strong></span> <span class='ocrx_word' id='word_1_261' title='bbox 1177 2187 1258 2224; x_wconf 86' lang='lat' dir='ltr'><strong><em>luce</em></strong></span> <span class='ocrx_word' id='word_1_262' title='bbox 1277 2186 1345 2224; x_wconf 80' lang='lat' dir='ltr'><strong><em>vel</em></strong></span> <span class='ocrx_word' id='word_1_263' title='bbox 1366 2187 1572 2236; x_wconf 81' lang='lat' dir='ltr'><strong><em>coelumque</em></strong></span> <span class='ocrx_word' id='word_1_264' title='bbox 1595 2186 1712 2224; x_wconf 88' lang='lat' dir='ltr'><strong><em>Voss.</em></strong></span> <span class='ocrx_word' id='word_1_265' title='bbox 1733 2189 1954 2224; x_wconf 58' lang='lat' dir='ltr'><strong><em>sem—263</em></strong></span> <span class='ocrx_word' id='word_1_266' title='bbox 1986 2185 2171 2236; x_wconf 73' lang='lat' dir='ltr'><strong><em>Eripitur</em></strong></span> 
     </span>
     <span class='ocr_line' id='line_1_29' title="bbox 332 2237 2167 2287; baseline -0.001 -11"><span class='ocrx_word' id='word_1_267' title='bbox 332 2249 419 2276; x_wconf 82' lang='lat' dir='ltr'><strong><em>cum</em></strong></span> <span class='ocrx_word' id='word_1_268' title='bbox 436 2239 514 2276; x_wconf 77' lang='lat' dir='ltr'><strong><em>sole</em></strong></span> <span class='ocrx_word' id='word_1_269' title='bbox 535 2238 618 2275; x_wconf 86' lang='lat' dir='ltr'><strong><em>inc.</em></strong></span> <span class='ocrx_word' id='word_1_270' title='bbox 639 2238 789 2275; x_wconf 64' lang='lat' dir='ltr'><strong><em>Heia«.</em></strong></span> <span class='ocrx_word' id='word_1_271' title='bbox 823 2237 977 2274; x_wconf 88' lang='lat' dir='ltr'><strong><em>Petav.</em></strong></span> <span class='ocrx_word' id='word_1_272' title='bbox 1012 2249 1099 2274; x_wconf 87' lang='lat' dir='ltr'><strong><em>sec.</em></strong></span> <span class='ocrx_word' id='word_1_273' title='bbox 1134 2238 1240 2276; x_wconf 88' lang='lat' dir='ltr'><strong><em>Exc.</em></strong></span> <span class='ocrx_word' id='word_1_274' title='bbox 1270 2238 1423 2276; x_wconf 84' lang='lat' dir='ltr'><strong><em>Petav.</em></strong></span> <span class='ocrx_word' id='word_1_275' title='bbox 1443 2245 1584 2287; x_wconf 84' lang='lat' dir='ltr'><strong><em>quart.</em></strong></span> <span class='ocrx_word' id='word_1_276' title='bbox 1600 2239 1704 2275; x_wconf 84' lang='lat' dir='ltr'><strong><em>Var.</em></strong></span> <span class='ocrx_word' id='word_1_277' title='bbox 1728 2238 1810 2276; x_wconf 89' lang='lat' dir='ltr'><strong><em>LL.</em></strong></span> <span class='ocrx_word' id='word_1_278' title='bbox 1832 2250 1855 2276; x_wconf 93' lang='lat' dir='ltr'><strong><em>e</em></strong></span> <span class='ocrx_word' id='word_1_279' title='bbox 1874 2250 2005 2287; x_wconf 83' lang='lat' dir='ltr'><strong><em>marg.</em></strong></span> <span class='ocrx_word' id='word_1_280' title='bbox 2024 2238 2167 2277; x_wconf 86' lang='lat' dir='ltr'><strong><em>Parm.</em></strong></span> 
     </span>
     <span class='ocr_line' id='line_1_30' title="bbox 331 2288 2167 2339; baseline 0.002 -11"><span class='ocrx_word' id='word_1_281' title='bbox 331 2303 417 2328; x_wconf 81' lang='lat' dir='ltr'><strong><em>cum</em></strong></span> <span class='ocrx_word' id='word_1_282' title='bbox 437 2291 519 2327; x_wconf 83' lang='lat' dir='ltr'><strong><em>luce</em></strong></span> <span class='ocrx_word' id='word_1_283' title='bbox 540 2291 643 2333; x_wconf 64' lang='lat' dir='ltr'><strong><em>Rea.</em></strong></span> <span class='ocrx_word' id='word_1_284' title='bbox 673 2289 775 2327; x_wconf 87' lang='lat' dir='ltr'><strong><em>Put.</em></strong></span> <span class='ocrx_word' id='word_1_285' title='bbox 806 2290 973 2327; x_wconf 83' lang='lat' dir='ltr'>Tholos.</span> <span class='ocrx_word' id='word_1_286' title='bbox 1007 2289 1168 2328; x_wconf 88' lang='lat' dir='ltr'><strong><em>Moret.</em></strong></span> <span class='ocrx_word' id='word_1_287' title='bbox 1204 2301 1268 2339; x_wconf 85' lang='grc' dir='ltr'>ρι·.</span> <span class='ocrx_word' id='word_1_288' title='bbox 1289 2290 1412 2328; x_wconf 74' lang='lat' dir='ltr'><strong><em>Voss.</em></strong></span> <span class='ocrx_word' id='word_1_289' title='bbox 1433 2301 1519 2328; x_wconf 87' lang='lat' dir='ltr'><strong><em>sec.</em></strong></span> <span class='ocrx_word' id='word_1_290' title='bbox 1541 2288 1625 2328; x_wconf 91' lang='lat' dir='ltr'><strong><em>duo</em></strong></span> <span class='ocrx_word' id='word_1_291' title='bbox 1642 2290 1794 2328; x_wconf 80' lang='lat' dir='ltr'><strong><em>Petav.</em></strong></span> <span class='ocrx_word' id='word_1_292' title='bbox 1819 2289 1916 2328; x_wconf 84' lang='lat' dir='ltr'><strong><em>Ald.</em></strong></span> <span class='ocrx_word' id='word_1_293' title='bbox 1938 2290 2004 2329; x_wconf 88' lang='lat' dir='ltr'><strong><em>ed.</em></strong></span> <span class='ocrx_word' id='word_1_294' title='bbox 2024 2289 2167 2332; x_wconf 84' lang='lat' dir='ltr'><strong><em>Parm.</em></strong></span> 
     </span>
     <span class='ocr_line' id='line_1_31' title="bbox 334 2341 2170 2394; baseline 0.001 -13"><span class='ocrx_word' id='word_1_295' title='bbox 334 2345 469 2381; x_wconf 79' lang='grc'><strong><em>-264</em></strong></span> <span class='ocrx_word' id='word_1_296' title='bbox 499 2342 649 2390; x_wconf 79' lang='lat' dir='ltr'><strong><em>Infelix</em></strong></span> <span class='ocrx_word' id='word_1_297' title='bbox 682 2341 825 2393; x_wconf 78' lang='lat' dir='ltr'><strong><em>Stygio</em></strong></span> <span class='ocrx_word' id='word_1_298' title='bbox 855 2342 957 2381; x_wconf 88' lang='lat' dir='ltr'><strong><em>Vat.</em></strong></span> <span class='ocrx_word' id='word_1_299' title='bbox 986 2354 1052 2393; x_wconf 86' lang='lat' dir='ltr'><strong><em>pr.</em></strong></span> <span class='ocrx_word' id='word_1_300' title='bbox 1088 2341 1198 2381; x_wconf 87' lang='lat' dir='ltr'><strong><em>Cod.</em></strong></span> <span class='ocrx_word' id='word_1_301' title='bbox 1231 2342 1467 2382; x_wconf 82' lang='lat' dir='ltr'><strong><em>Bartholin.</em></strong></span> <span class='ocrx_word' id='word_1_302' title='bbox 1510 2342 1709 2382; x_wconf 67' lang='lat' dir='ltr'><strong><em>Ser-citum</em></strong></span> <span class='ocrx_word' id='word_1_303' title='bbox 1737 2342 1881 2394; x_wconf 81' lang='lat' dir='ltr'><strong><em>Stygio</em></strong></span> <span class='ocrx_word' id='word_1_304' title='bbox 1909 2344 2008 2382; x_wconf 86' lang='lat' dir='ltr'><strong><em>Vat.</em></strong></span> <span class='ocrx_word' id='word_1_305' title='bbox 2029 2350 2170 2394; x_wconf 83' lang='lat' dir='ltr'><strong><em>quart.</em></strong></span> 
     </span>
     <span class='ocr_line' id='line_1_32' title="bbox 335 2395 2175 2446; baseline 0.002 -12"><span class='ocrx_word' id='word_1_306' title='bbox 335 2395 439 2434; x_wconf 82' lang='lat' dir='ltr'><strong><em>Jun.</em></strong></span> <span class='ocrx_word' id='word_1_307' title='bbox 462 2408 528 2446; x_wconf 87' lang='lat' dir='ltr'><strong><em>pr.</em></strong></span> <span class='ocrx_word' id='word_1_308' title='bbox 551 2396 671 2434; x_wconf 85' lang='lat' dir='ltr'><strong><em>Voss.</em></strong></span> <span class='ocrx_word' id='word_1_309' title='bbox 694 2408 758 2446; x_wconf 87' lang='lat' dir='ltr'><strong><em>pr.</em></strong></span> <span class='ocrx_word' id='word_1_310' title='bbox 785 2395 878 2434; x_wconf 86' lang='lat' dir='ltr'><strong><em>Pal.</em></strong></span> <span class='ocrx_word' id='word_1_311' title='bbox 915 2395 1102 2435; x_wconf 73' lang='lat' dir='ltr'><strong><em>Flore-nt.</em></strong></span> <span class='ocrx_word' id='word_1_312' title='bbox 1133 2396 1251 2435; x_wconf 88' lang='lat' dir='ltr'><strong><em>Med.</em></strong></span> <span class='ocrx_word' id='word_1_313' title='bbox 1287 2408 1350 2446; x_wconf 86' lang='lat' dir='ltr'><strong><em>pr.</em></strong></span> <span class='ocrx_word' id='word_1_314' title='bbox 1384 2396 1490 2446; x_wconf 68' lang='lat' dir='ltr'><strong><em>Rvg.</em></strong></span> <span class='ocrx_word' id='word_1_315' title='bbox 1530 2398 1690 2435; x_wconf 76' lang='lat' dir='ltr'><strong><em>Bonon.</em></strong></span> <span class='ocrx_word' id='word_1_316' title='bbox 1725 2396 1893 2437; x_wconf 76' lang='lat' dir='ltr'><strong><em>Tholas.</em></strong></span> <span class='ocrx_word' id='word_1_317' title='bbox 1914 2397 1995 2436; x_wconf 92' lang='lat' dir='ltr'><strong><em>inc.</em></strong></span> <span class='ocrx_word' id='word_1_318' title='bbox 2022 2397 2175 2439; x_wconf 84' lang='lat' dir='ltr'><strong><em>Heius.</em></strong></span> 
     </span>
     <span class='ocr_line' id='line_1_33' title="bbox 337 2448 2172 2501; baseline 0.002 -14"><span class='ocrx_word' id='word_1_319' title='bbox 337 2449 420 2488; x_wconf 92' lang='lat' dir='ltr'><strong><em>duo</em></strong></span> <span class='ocrx_word' id='word_1_320' title='bbox 442 2449 597 2487; x_wconf 87' lang='lat' dir='ltr'><strong><em>Petav.</em></strong></span> <span class='ocrx_word' id='word_1_321' title='bbox 618 2450 719 2488; x_wconf 88' lang='lat' dir='ltr'><strong><em>Var.</em></strong></span> <span class='ocrx_word' id='word_1_322' title='bbox 753 2450 839 2487; x_wconf 88' lang='lat' dir='ltr'><strong><em>LL.</em></strong></span> <span class='ocrx_word' id='word_1_323' title='bbox 859 2460 882 2486; x_wconf 89' lang='lat' dir='ltr'><strong><em>e</em></strong></span> <span class='ocrx_word' id='word_1_324' title='bbox 905 2461 1035 2498; x_wconf 81' lang='lat' dir='ltr'><strong><em>marg.</em></strong></span> <span class='ocrx_word' id='word_1_325' title='bbox 1071 2450 1213 2488; x_wconf 82' lang='lat' dir='ltr'><strong><em>Parm.</em></strong></span> <span class='ocrx_word' id='word_1_326' title='bbox 1253 2448 1468 2488; x_wconf 82' lang='lat' dir='ltr'><strong><em>Servitium</em></strong></span> <span class='ocrx_word' id='word_1_327' title='bbox 1501 2449 1621 2488; x_wconf 86' lang='lat' dir='ltr'><strong><em>Med.</em></strong></span> <span class='ocrx_word' id='word_1_328' title='bbox 1655 2456 1791 2501; x_wconf 81' lang='lat' dir='ltr'><strong><em>quart.</em></strong></span> <span class='ocrx_word' id='word_1_329' title='bbox 1816 2450 1969 2489; x_wconf 81' lang='lat' dir='ltr'><strong><em>Heins.</em></strong></span> <span class='ocrx_word' id='word_1_330' title='bbox 1991 2450 2045 2490; x_wconf 88' lang='lat' dir='ltr'><strong><em>H.</em></strong></span> <span class='ocrx_word' id='word_1_331' title='bbox 2069 2451 2172 2491; x_wconf 87' lang='lat' dir='ltr'><strong><em>Jun.</em></strong></span> 
     </span>
     <span class='ocr_line' id='line_1_34' title="bbox 335 2502 2171 2553; baseline 0.002 -12"><span class='ocrx_word' id='word_1_332' title='bbox 335 2513 422 2542; x_wconf 87' lang='lat' dir='ltr'><strong><em>sec.</em></strong></span> <span class='ocrx_word' id='word_1_333' title='bbox 445 2503 528 2541; x_wconf 88' lang='lat' dir='ltr'><strong><em>duo</em></strong></span> <span class='ocrx_word' id='word_1_334' title='bbox 550 2502 688 2542; x_wconf 86' lang='lat' dir='ltr'><strong><em>Oxou.</em></strong></span> <span class='ocrx_word' id='word_1_335' title='bbox 727 2502 942 2541; x_wconf 80' lang='lat' dir='ltr'><strong><em>Servicium</em></strong></span> <span class='ocrx_word' id='word_1_336' title='bbox 963 2508 1049 2541; x_wconf 87' lang='lat' dir='ltr'><strong><em>tres</em></strong></span> <span class='ocrx_word' id='word_1_337' title='bbox 1078 2503 1196 2542; x_wconf 85' lang='lat' dir='ltr'><strong><em>Vatt.</em></strong></span> <span class='ocrx_word' id='word_1_338' title='bbox 1217 2509 1262 2541; x_wconf 87' lang='lat' dir='ltr'><strong><em>et</em></strong></span> <span class='ocrx_word' id='word_1_339' title='bbox 1281 2502 1324 2541; x_wconf 90' lang='lat' dir='ltr'><strong><em>d.</em></strong></span> <span class='ocrx_word' id='word_1_340' title='bbox 1343 2503 1504 2542; x_wconf 69' lang='lat' dir='ltr'><strong><em>Mox-et.</em></strong></span> <span class='ocrx_word' id='word_1_341' title='bbox 1525 2515 1590 2553; x_wconf 89' lang='grc' dir='ltr'>ρι·.</span> <span class='ocrx_word' id='word_1_342' title='bbox 1618 2503 1719 2542; x_wconf 85' lang='lat' dir='ltr'><strong><em>Put.</em></strong></span> <span class='ocrx_word' id='word_1_343' title='bbox 1744 2505 1895 2542; x_wconf 86' lang='lat' dir='ltr'><strong><em>Petav.</em></strong></span> <span class='ocrx_word' id='word_1_344' title='bbox 1912 2516 1998 2543; x_wconf 84' lang='lat' dir='ltr'><strong><em>sec.</em></strong></span> <span class='ocrx_word' id='word_1_345' title='bbox 2019 2505 2171 2544; x_wconf 83' lang='lat' dir='ltr'><strong><em>Ambr.</em></strong></span> 
     </span>
     <span class='ocr_line' id='line_1_35' title="bbox 335 2555 2172 2608; baseline 0.001 -13"><span class='ocrx_word' id='word_1_346' title='bbox 335 2561 436 2596; x_wconf 88' lang='lat' dir='ltr'><strong><em>tert.</em></strong></span> <span class='ocrx_word' id='word_1_347' title='bbox 456 2557 560 2594; x_wconf 80' lang='lat' dir='ltr'><strong><em>Exc.</em></strong></span> <span class='ocrx_word' id='word_1_348' title='bbox 582 2557 734 2595; x_wconf 81' lang='lat' dir='ltr'><strong><em>Petav.</em></strong></span> <span class='ocrx_word' id='word_1_349' title='bbox 755 2562 893 2607; x_wconf 83' lang='lat' dir='ltr'><strong><em>quart.</em></strong></span> <span class='ocrx_word' id='word_1_350' title='bbox 936 2555 1151 2595; x_wconf 74' lang='lat' dir='ltr'><strong><em>Servitium</em></strong></span> <span class='ocrx_word' id='word_1_351' title='bbox 1184 2556 1251 2594; x_wconf 78' lang='lat' dir='ltr'><strong><em>vel</em></strong></span> <span class='ocrx_word' id='word_1_352' title='bbox 1270 2555 1471 2595; x_wconf 81' lang='lat' dir='ltr'><strong><em>Servitam</em></strong></span> <span class='ocrx_word' id='word_1_353' title='bbox 1498 2557 1623 2596; x_wconf 84' lang='lat' dir='ltr'><strong><em>Voss.</em></strong></span> <span class='ocrx_word' id='word_1_354' title='bbox 1657 2569 1741 2597; x_wconf 76' lang='lat' dir='ltr'><strong><em>sec.</em></strong></span> <span class='ocrx_word' id='word_1_355' title='bbox 1763 2556 1848 2596; x_wconf 89' lang='lat' dir='ltr'><strong><em>vid.</em></strong></span> <span class='ocrx_word' id='word_1_356' title='bbox 1871 2558 1995 2597; x_wconf 89' lang='lat' dir='ltr'><strong><em>Cous.</em></strong></span> <span class='ocrx_word' id='word_1_357' title='bbox 2016 2557 2172 2608; x_wconf 85' lang='lat' dir='ltr'><strong><em>Olybr.</em></strong></span> 
     </span>
     <span class='ocr_line' id='line_1_36' title="bbox 336 2609 2174 2662; baseline 0.001 -14"><span class='ocrx_word' id='word_1_358' title='bbox 336 2612 428 2648; x_wconf 79' lang='lat'><strong><em>138.</em></strong></span> <span class='ocrx_word' id='word_1_359' title='bbox 449 2616 494 2648; x_wconf 90' lang='lat' dir='ltr'><strong><em>et</em></strong></span> <span class='ocrx_word' id='word_1_360' title='bbox 512 2610 612 2649; x_wconf 81' lang='lat' dir='ltr'><strong><em>Var.</em></strong></span> <span class='ocrx_word' id='word_1_361' title='bbox 630 2609 718 2649; x_wconf 89' lang='lat' dir='ltr'><strong><em>LL.</em></strong></span> <span class='ocrx_word' id='word_1_362' title='bbox 747 2609 799 2648; x_wconf 85' lang='lat' dir='ltr'><strong><em>ad</em></strong></span> <span class='ocrx_word' id='word_1_363' title='bbox 825 2609 916 2649; x_wconf 87' lang='lat' dir='ltr'><strong><em>Lib.</em></strong></span> <span class='ocrx_word' id='word_1_364' title='bbox 937 2621 987 2648; x_wconf 88' lang='grc' dir='ltr'><strong><em>ιι.</em></strong></span> <span class='ocrx_word' id='word_1_365' title='bbox 1009 2610 1063 2648; x_wconf 88' lang='lat' dir='ltr'><strong><em>de</em></strong></span> <span class='ocrx_word' id='word_1_366' title='bbox 1099 2621 1164 2660; x_wconf 85' lang='lat' dir='ltr'><strong><em>pr.</em></strong></span> <span class='ocrx_word' id='word_1_367' title='bbox 1201 2610 1327 2649; x_wconf 75' lang='lat' dir='ltr'><strong><em>Cons.</em></strong></span> <span class='ocrx_word' id='word_1_368' title='bbox 1360 2609 1527 2649; x_wconf 78' lang='lat' dir='ltr'><strong><em>Stilich.</em></strong></span> <span class='ocrx_word' id='word_1_369' title='bbox 1548 2623 1609 2650; x_wconf 79' lang='lat' dir='ltr'><strong><em>vs.</em></strong></span> <span class='ocrx_word' id='word_1_370' title='bbox 1630 2612 1724 2649; x_wconf 80' lang='lat'><strong><em>325.</em></strong></span> <span class='ocrx_word' id='word_1_371' title='bbox 1765 2613 1894 2662; x_wconf 80' lang='lat' dir='ltr'><strong><em>stupri</em></strong></span> <span class='ocrx_word' id='word_1_372' title='bbox 1923 2623 1999 2662; x_wconf 87' lang='lat' dir='ltr'><strong><em>pro</em></strong></span> <span class='ocrx_word' id='word_1_373' title='bbox 2032 2610 2174 2662; x_wconf 78' lang='lat' dir='ltr'><strong><em>Stygio</em></strong></span> 
     </span>
     <span class='ocr_line' id='line_1_37' title="bbox 339 2662 2172 2716; baseline 0.001 -16"><span class='ocrx_word' id='word_1_374' title='bbox 339 2662 443 2702; x_wconf 84' lang='lat' dir='ltr'><strong><em>Exc.</em></strong></span> <span class='ocrx_word' id='word_1_375' title='bbox 464 2663 617 2711; x_wconf 78' lang='lat' dir='ltr'><strong><em>Petav.</em></strong></span> <span class='ocrx_word' id='word_1_376' title='bbox 637 2668 776 2715; x_wconf 82' lang='lat' dir='ltr'><strong><em>quart.</em></strong></span> <span class='ocrx_word' id='word_1_377' title='bbox 803 2665 924 2702; x_wconf 71' lang='lat' dir='ltr'><strong><em>drwor</em></strong></span> <span class='ocrx_word' id='word_1_378' title='bbox 942 2663 1086 2714; x_wconf 81' lang='lat' dir='ltr'><strong><em>Stygio</em></strong></span> <span class='ocrx_word' id='word_1_379' title='bbox 1106 2663 1299 2703; x_wconf 86' lang='lat' dir='ltr'><strong><em>Florent.</em></strong></span> <span class='ocrx_word' id='word_1_380' title='bbox 1318 2664 1441 2702; x_wconf 84' lang='lat' dir='ltr'><strong><em>Voss.</em></strong></span> <span class='ocrx_word' id='word_1_381' title='bbox 1465 2666 1664 2714; x_wconf 73' lang='grc' dir='ltr'>ρι·.-266</span> <span class='ocrx_word' id='word_1_382' title='bbox 1697 2664 1874 2703; x_wconf 75' lang='lat' dir='ltr'><strong><em>Com-ilia</em></strong></span> <span class='ocrx_word' id='word_1_383' title='bbox 1894 2666 2000 2716; x_wconf 83' lang='lat' dir='ltr'><strong><em>Reg.</em></strong></span> <span class='ocrx_word' id='word_1_384' title='bbox 2018 2665 2172 2704; x_wconf 78' lang='lat' dir='ltr'><strong><em>tardius</em></strong></span> 
     </span>
     <span class='ocr_line' id='line_1_38' title="bbox 338 2715 2172 2769; baseline 0 -13"><span class='ocrx_word' id='word_1_385' title='bbox 338 2716 441 2756; x_wconf 83' lang='lat' dir='ltr'><strong><em>Exe.</em></strong></span> <span class='ocrx_word' id='word_1_386' title='bbox 462 2717 612 2756; x_wconf 79' lang='lat' dir='ltr'><strong><em>PetaV.</em></strong></span> <span class='ocrx_word' id='word_1_387' title='bbox 631 2722 769 2768; x_wconf 84' lang='lat' dir='ltr'><strong><em>quart.</em></strong></span> <span class='ocrx_word' id='word_1_388' title='bbox 810 2715 922 2755; x_wconf 79' lang='lat' dir='ltr'><strong><em>urbes</em></strong></span> <span class='ocrx_word' id='word_1_389' title='bbox 951 2718 1018 2755; x_wconf 86' lang='lat' dir='ltr'><strong><em>vel</em></strong></span> <span class='ocrx_word' id='word_1_390' title='bbox 1047 2719 1154 2756; x_wconf 71' lang='lat' dir='ltr'><strong><em>artes</em></strong></span> <span class='ocrx_word' id='word_1_391' title='bbox 1187 2717 1426 2756; x_wconf 60' lang='lat' dir='ltr'><strong><em>Fun—267</em></strong></span> <span class='ocrx_word' id='word_1_392' title='bbox 1455 2717 1493 2755; x_wconf 80' lang='lat' dir='ltr'><strong><em>io</em></strong></span> <span class='ocrx_word' id='word_1_393' title='bbox 1529 2721 1568 2756; x_wconf 82' lang='lat' dir='ltr'><strong><em>te</em></strong></span> <span class='ocrx_word' id='word_1_394' title='bbox 1587 2730 1654 2756; x_wconf 76' lang='lat' dir='ltr'><strong><em>seu</em></strong></span> <span class='ocrx_word' id='word_1_395' title='bbox 1685 2717 1838 2757; x_wconf 83' lang='lat' dir='ltr'><strong><em>Petav.</em></strong></span> <span class='ocrx_word' id='word_1_396' title='bbox 1860 2730 1945 2757; x_wconf 90' lang='lat' dir='ltr'><strong><em>sec.</em></strong></span> <span class='ocrx_word' id='word_1_397' title='bbox 1974 2717 2172 2769; x_wconf 77' lang='lat' dir='ltr'><strong><em>Pkrygiae</em></strong></span> 
     </span>
     <span class='ocr_line' id='line_1_39' title="bbox 334 2770 2174 2823; baseline 0.001 -15"><span class='ocrx_word' id='word_1_398' title='bbox 334 2770 573 2810; x_wconf 77' lang='lat' dir='ltr'><strong><em>convallibus</em></strong></span> <span class='ocrx_word' id='word_1_399' title='bbox 603 2770 777 2821; x_wconf 82' lang='lat' dir='ltr'><strong><em>legebat</em></strong></span> <span class='ocrx_word' id='word_1_400' title='bbox 809 2770 1094 2810; x_wconf 79' lang='lat' dir='ltr'><strong><em>Heins.—-268</em></strong></span> <span class='ocrx_word' id='word_1_401' title='bbox 1143 2770 1374 2822; x_wconf 73' lang='lat' dir='ltr'><strong><em>Mygdonia»</em></strong></span> <span class='ocrx_word' id='word_1_402' title='bbox 1415 2770 1571 2811; x_wconf 88' lang='lat' dir='ltr'><strong><em>Moret.</em></strong></span> <span class='ocrx_word' id='word_1_403' title='bbox 1605 2783 1668 2822; x_wconf 83' lang='lat' dir='ltr'><strong><em>pr.</em></strong></span> <span class='ocrx_word' id='word_1_404' title='bbox 1713 2770 1968 2810; x_wconf 80' lang='lat' dir='ltr'><strong><em>circumsonat</em></strong></span> <span class='ocrx_word' id='word_1_405' title='bbox 2004 2771 2174 2823; x_wconf 74' lang='lat' dir='ltr'><strong><em>undique</em></strong></span> 
     </span>
    </p>
   </div>
   <div class='ocr_carea' id='block_1_6' title="bbox 1168 2878 1344 2918">
    <p class='ocr_par' dir='ltr' id='par_1_14' title="bbox 1168 2878 1344 2918">
     <span class='ocr_line' id='line_1_40' title="bbox 1168 2878 1344 2918; baseline 0 0"><span class='ocrx_word' id='word_1_406' title='bbox 1168 2878 1344 2918; x_wconf 82' lang='lat' dir='ltr'>NOTAE</span> 
     </span>
    </p>
   </div>
   <div class='ocr_carea' id='block_1_7' title="bbox 337 2956 2177 3135">
    <p class='ocr_par' dir='ltr' id='par_1_15' title="bbox 337 2956 2177 3135">
     <span class='ocr_line' id='line_1_41' title="bbox 393 2956 2174 3008; baseline 0.001 -12"><span class='ocrx_word' id='word_1_407' title='bbox 393 2960 475 2996; x_wconf 79' lang='lat'><strong><em>264</em></strong></span> <span class='ocrx_word' id='word_1_408' title='bbox 506 2958 674 3008; x_wconf 75' lang='lat' dir='ltr'><strong><em>Captiva</em></strong></span> <span class='ocrx_word' id='word_1_409' title='bbox 725 2957 911 3008; x_wconf 79' lang='lat' dir='ltr'><strong><em>tyranno]</em></strong></span> <span class='ocrx_word' id='word_1_410' title='bbox 969 2958 1069 2997; x_wconf 90' lang='lat' dir='ltr'><strong><em>Non</em></strong></span> <span class='ocrx_word' id='word_1_411' title='bbox 1117 2957 1228 2996; x_wconf 82' lang='lat' dir='ltr'><strong><em>dixit</em></strong></span> <span class='ocrx_word' id='word_1_412' title='bbox 1292 2958 1423 2997; x_wconf 85' lang='lat' dir='ltr'><strong><em>Ceres</em></strong></span> <span class='ocrx_word' id='word_1_413' title='bbox 1444 2956 1672 2996; x_wconf 85' lang='lat' dir='ltr'><strong><em>discedens</em></strong></span> <span class='ocrx_word' id='word_1_414' title='bbox 1708 2962 1978 3008; x_wconf 85' lang='lat' dir='ltr'><strong><em>praeceperat</em></strong></span> <span class='ocrx_word' id='word_1_415' title='bbox 1994 2957 2093 2996; x_wconf 85' lang='lat' dir='ltr'><strong><em>filiae</em></strong></span> <span class='ocrx_word' id='word_1_416' title='bbox 2121 2969 2174 2997; x_wconf 87' lang='lat' dir='ltr'><strong><em>ne</em></strong></span> 
     </span>
     <span class='ocr_line' id='line_1_42' title="bbox 337 3019 2174 3073; baseline 0.001 -13"><span class='ocrx_word' id='word_1_417' title='bbox 337 3031 455 3069; x_wconf 71' lang='lat' dir='ltr'><strong><em>uxor,</em></strong></span> <span class='ocrx_word' id='word_1_418' title='bbox 473 3019 548 3057; x_wconf 81' lang='lat' dir='ltr'><strong><em>sed</em></strong></span> <span class='ocrx_word' id='word_1_419' title='bbox 579 3019 751 3069; x_wconf 86' lang='lat' dir='ltr'><strong><em>captiva,</em></strong></span> <span class='ocrx_word' id='word_1_420' title='bbox 781 3021 834 3059; x_wconf 89' lang='lat' dir='ltr'><strong><em>ad</em></strong></span> <span class='ocrx_word' id='word_1_421' title='bbox 855 3020 1093 3073; x_wconf 80' lang='lat' dir='ltr'><strong><em>augendam</em></strong></span> <span class='ocrx_word' id='word_1_422' title='bbox 1113 3033 1226 3060; x_wconf 81' lang='lat' dir='ltr'><strong><em>com-</em></strong></span> <span class='ocrx_word' id='word_1_423' title='bbox 1293 3019 1470 3060; x_wconf 81' lang='lat' dir='ltr'><strong><em>efferret</em></strong></span> <span class='ocrx_word' id='word_1_424' title='bbox 1506 3020 1660 3072; x_wconf 85' lang='lat' dir='ltr'><strong><em>pedem</em></strong></span> <span class='ocrx_word' id='word_1_425' title='bbox 1710 3026 1834 3059; x_wconf 83' lang='lat' dir='ltr'><strong><em>extra</em></strong></span> <span class='ocrx_word' id='word_1_426' title='bbox 1885 3020 2028 3059; x_wconf 79' lang='lat' dir='ltr'><strong><em>limen.</em></strong></span> <span class='ocrx_word' id='word_1_427' title='bbox 2101 3020 2174 3061; x_wconf 86' lang='lat' dir='ltr'><strong><em>Sic</em></strong></span> 
     </span>
     <span class='ocr_line' id='line_1_43' title="bbox 338 3080 2177 3135; baseline 0.002 -15"><span class='ocrx_word' id='word_1_428' title='bbox 338 3080 681 3120; x_wconf 79' lang='lat' dir='ltr'><strong><em>miserationem:</em></strong></span> <span class='ocrx_word' id='word_1_429' title='bbox 723 3093 804 3120; x_wconf 91' lang='lat' dir='ltr'><strong><em>non</em></strong></span> <span class='ocrx_word' id='word_1_430' title='bbox 839 3082 950 3122; x_wconf 83' lang='lat' dir='ltr'><strong><em>dixit</em></strong></span> <span class='ocrx_word' id='word_1_431' title='bbox 994 3083 1116 3133; x_wconf 81' lang='lat' dir='ltr'><strong><em>Regi,</em></strong></span> <span class='ocrx_word' id='word_1_432' title='bbox 1155 3083 1227 3122; x_wconf 87' lang='lat' dir='ltr'><strong><em>sed</em></strong></span> <span class='ocrx_word' id='word_1_433' title='bbox 1295 3083 1423 3134; x_wconf 87' lang='lat' dir='ltr'><strong><em>Dina,</em></strong></span> <span class='ocrx_word' id='word_1_434' title='bbox 1441 3082 1529 3122; x_wconf 72' lang='lat' dir='ltr'><strong><em>fitia</em></strong></span> <span class='ocrx_word' id='word_1_435' title='bbox 1544 3080 1701 3133; x_wconf 77' lang='lat' dir='ltr'><strong><em>Jacob,</em></strong></span> <span class='ocrx_word' id='word_1_436' title='bbox 1727 3083 1767 3121; x_wconf 89' lang='lat' dir='ltr'><strong><em>in</em></strong></span> <span class='ocrx_word' id='word_1_437' title='bbox 1797 3093 1919 3121; x_wconf 72' lang='lat' dir='ltr'><strong><em>sacra</em></strong></span> <span class='ocrx_word' id='word_1_438' title='bbox 1934 3082 2177 3135; x_wconf 87' lang='lat' dir='ltr'><strong><em>Scriptura,</em></strong></span> 
     </span>
    </p>
   </div>
   <div class='ocr_carea' id='block_1_8' title="bbox 338 3142 2174 3388">
    <p class='ocr_par' dir='ltr' id='par_1_16' title="bbox 338 3142 2174 3196">
     <span class='ocr_line' id='line_1_44' title="bbox 338 3142 2174 3196; baseline 0.002 -13"><span class='ocrx_word' id='word_1_439' title='bbox 338 3148 522 3196; x_wconf 73' lang='lat' dir='ltr'><strong><em>tyranno,</em></strong></span> <span class='ocrx_word' id='word_1_440' title='bbox 540 3144 593 3182; x_wconf 88' lang='lat' dir='ltr'><strong><em>ob</em></strong></span> <span class='ocrx_word' id='word_1_441' title='bbox 610 3142 786 3181; x_wconf 79' lang='lat' dir='ltr'><strong><em>eandem</em></strong></span> <span class='ocrx_word' id='word_1_442' title='bbox 809 3144 1032 3184; x_wconf 89' lang='lat' dir='ltr'><strong><em>rationem.</em></strong></span> <span class='ocrx_word' id='word_1_443' title='bbox 1295 3158 1391 3186; x_wconf 86' lang='lat' dir='ltr'><strong><em>cum</em></strong></span> <span class='ocrx_word' id='word_1_444' title='bbox 1413 3145 1587 3185; x_wconf 67' lang='lat' dir='ltr'><strong><em>exiisset</em></strong></span> <span class='ocrx_word' id='word_1_445' title='bbox 1619 3145 1672 3183; x_wconf 80' lang='lat' dir='ltr'><strong><em>ad</em></strong></span> <span class='ocrx_word' id='word_1_446' title='bbox 1701 3150 1918 3194; x_wconf 84' lang='lat' dir='ltr'><strong><em>externos,</em></strong></span> <span class='ocrx_word' id='word_1_447' title='bbox 1948 3151 2073 3196; x_wconf 85' lang='lat' dir='ltr'><strong><em>rapta</em></strong></span> <span class='ocrx_word' id='word_1_448' title='bbox 2093 3151 2174 3196; x_wconf 89' lang='lat' dir='ltr'><strong><em>est,</em></strong></span> 
     </span>
    </p>

    <p class='ocr_par' dir='ltr' id='par_1_17' title="bbox 341 3206 2174 3388">
     <span class='ocr_line' id='line_1_45' title="bbox 394 3206 2174 3258; baseline 0.001 -12"><span class='ocrx_word' id='word_1_449' title='bbox 394 3209 474 3246; x_wconf 83' lang='lat'><strong><em>265</em></strong></span> <span class='ocrx_word' id='word_1_450' title='bbox 508 3206 614 3244; x_wconf 83' lang='lat' dir='ltr'><strong><em>Male</em></strong></span> <span class='ocrx_word' id='word_1_451' title='bbox 647 3206 781 3258; x_wconf 76' lang='lat' dir='ltr'><strong><em>dilecti</em></strong></span> <span class='ocrx_word' id='word_1_452' title='bbox 802 3206 946 3258; x_wconf 80' lang='lat' dir='ltr'><strong><em>flores]</em></strong></span> <span class='ocrx_word' id='word_1_453' title='bbox 989 3208 1091 3246; x_wconf 92' lang='lat' dir='ltr'><strong><em>Mea</em></strong></span> <span class='ocrx_word' id='word_1_454' title='bbox 1127 3220 1224 3247; x_wconf 90' lang='lat' dir='ltr'><strong><em>cum</em></strong></span> <span class='ocrx_word' id='word_1_455' title='bbox 1292 3215 1338 3249; x_wconf 89' lang='lat' dir='ltr'><strong><em>et</em></strong></span> <span class='ocrx_word' id='word_1_456' title='bbox 1357 3220 1483 3249; x_wconf 77' lang='lat' dir='ltr'><strong><em>causa</em></strong></span> <span class='ocrx_word' id='word_1_457' title='bbox 1502 3206 1584 3246; x_wconf 80' lang='lat' dir='ltr'><strong><em>fuit</em></strong></span> <span class='ocrx_word' id='word_1_458' title='bbox 1611 3209 1835 3246; x_wconf 83' lang='lat' dir='ltr'><strong><em>muitarum</em></strong></span> <span class='ocrx_word' id='word_1_459' title='bbox 1865 3208 2174 3248; x_wconf 86' lang='lat' dir='ltr'><strong><em>calamitatum.</em></strong></span> 
     </span>
     <span class='ocr_line' id='line_1_46' title="bbox 341 3256 2174 3326; baseline -0.002 -13"><span class='ocrx_word' id='word_1_460' title='bbox 341 3272 547 3326; x_wconf 78' lang='lat' dir='ltr'><strong><em>pernicie,</em></strong></span> <span class='ocrx_word' id='word_1_461' title='bbox 579 3270 719 3312; x_wconf 80' lang='lat' dir='ltr'><strong><em>fuistis</em></strong></span> <span class='ocrx_word' id='word_1_462' title='bbox 752 3273 863 3312; x_wconf 83' lang='lat' dir='ltr'><strong><em>enim</em></strong></span> <span class='ocrx_word' id='word_1_463' title='bbox 893 3285 1024 3312; x_wconf 86' lang='lat' dir='ltr'><strong><em>causa</em></strong></span> <span class='ocrx_word' id='word_1_464' title='bbox 1053 3285 1130 3312; x_wconf 89' lang='lat' dir='ltr'><strong><em>cur</em></strong></span> <span class='ocrx_word' id='word_1_465' title='bbox 1162 3284 1225 3312; x_wconf 85' lang='lat' dir='ltr'><strong><em>ra·</em></strong></span> <span class='ocrx_word' id='word_1_466' title='bbox 1345 3274 1425 3311; x_wconf 80' lang='lat'><strong><em>26⁷</em></strong></span> <span class='ocrx_word' id='word_1_467' title='bbox 1455 3269 1521 3320; x_wconf 84' lang='lat'><strong><em>10]</em></strong></span> <span class='ocrx_word' id='word_1_468' title='bbox 1551 3270 1635 3309; x_wconf 90' lang='lat' dir='ltr'><strong><em>Hic</em></strong></span> <span class='ocrx_word' id='word_1_469' title='bbox 1654 3278 1720 3309; x_wconf 85' lang='lat' dir='ltr'><strong><em>est</em></strong></span> <span class='ocrx_word' id='word_1_470' title='bbox 1740 3269 1913 3309; x_wconf 86' lang='lat' dir='ltr'><strong><em>dolendi</em></strong></span> <span class='ocrx_word' id='word_1_471' title='bbox 1935 3256 2174 3321; x_wconf 70' lang='lat' dir='ltr'><strong><em>particula;</em></strong></span> 
     </span>
     <span class='ocr_line' id='line_1_47' title="bbox 343 3333 1797 3388; baseline -0.003 -12"><span class='ocrx_word' id='word_1_472' title='bbox 343 3346 485 3388; x_wconf 78' lang='lat' dir='ltr'><strong><em>perer.</em></strong></span> <span class='ocrx_word' id='word_1_473' title='bbox 1291 3335 1396 3376; x_wconf 73' lang='lat' dir='ltr'><strong><em>alias</em></strong></span> <span class='ocrx_word' id='word_1_474' title='bbox 1415 3334 1582 3374; x_wconf 80' lang='lat' dir='ltr'><strong><em>laetitiae</em></strong></span> <span class='ocrx_word' id='word_1_475' title='bbox 1604 3333 1797 3373; x_wconf 82' lang='lat' dir='ltr'><strong><em>inservit.</em></strong></span> 
     </span>
    </p>
   </div>
   <div class='ocr_carea' id='block_1_9' title="bbox 395 3392 2174 3451">
    <p class='ocr_par' dir='ltr' id='par_1_18' title="bbox 395 3392 2174 3451">
     <span class='ocr_line' id='line_1_48' title="bbox 395 3392 2174 3451; baseline -0.002 -13"><span class='ocrx_word' id='word_1_476' title='bbox 395 3398 662 3451; x_wconf 71' lang='lat' dir='ltr'><strong><em>Despectaque</em></strong></span> <span class='ocrx_word' id='word_1_477' title='bbox 705 3396 845 3438; x_wconf 78' lang='lat' dir='ltr'><strong><em>matris</em></strong></span> <span class='ocrx_word' id='word_1_478' title='bbox 890 3392 1070 3448; x_wconf 77' lang='lat' dir='ltr'><strong><em>consilia]</em></strong></span> <span class='ocrx_word' id='word_1_479' title='bbox 1115 3397 1227 3437; x_wconf 79' lang='lat' dir='ltr'><strong><em>Nam</em></strong></span> <span class='ocrx_word' id='word_1_480' title='bbox 1348 3401 1429 3439; x_wconf 81' lang='lat'><strong><em>268</em></strong></span> <span class='ocrx_word' id='word_1_481' title='bbox 1458 3397 1675 3449; x_wconf 70' lang='lat' dir='ltr'><strong><em>Mygdonio</em></strong></span> <span class='ocrx_word' id='word_1_482' title='bbox 1693 3395 1902 3447; x_wconf 82' lang='lat' dir='ltr'><strong><em>oanta]1d</em></strong></span> <span class='ocrx_word' id='word_1_483' title='bbox 1921 3401 2003 3448; x_wconf 86' lang='lat' dir='ltr'><strong><em>est,</em></strong></span> <span class='ocrx_word' id='word_1_484' title='bbox 2016 3394 2174 3448; x_wconf 75' lang='lat' dir='ltr'><strong><em>Lydio3</em></strong></span> 
     </span>
    </p>
   </div>
  </div>
 </body>
</html>
