2300 3906
299 184 408 239 726
849 200 944 239 ot..
985 196 1337 238 oLAUmAm
1379 196 1571 237 xxm.

300 318 609 372 Deficimus
634 318 865 388 queruli,
891 318 940 368 si
962 318 1064 368 bos
1087 315 1363 368 abductus
1385 321 1586 381 aratrO,

301 404 362 456 Si
384 406 556 457 libata
582 419 756 469 seges,
833 401 964 472 Non
987 402 1130 453 hanc
1161 403 1439 468 ergastula
1461 403 1622 455 nobis

301 488 580 540 Immisere
604 504 840 550 manum,
865 502 966 537 nec
993 486 1332 552 conjurantis
1359 502 1538 539 arenae

299 573 490 625 Turba
512 574 630 625 fuit.
707 570 942 636 Qualem
971 571 1237 623 Stilichon
1262 571 1523 639 dejecerit
1540 572 1776 635 hostem,

299 657 545 710 Thraces
573 663 628 709 et
654 658 935 710 Haemonii
960 663 1221 725 poterunt
1249 655 1531 724 Moesique
1554 658 1731 712 fateri.
2016 657 2126 710 165

299 742 526 810 Frigida
553 750 633 795 ter
660 745 847 796 decies
873 745 1137 795 nudatum
1160 742 1445 795 frondibus
1471 741 1735 795 Haemum

296 826 501 880 Tendit
526 829 722 896 hyems
743 830 939 881 vestire
966 830 1107 895 gelu,
1148 828 1484 896 totidemque
1507 828 1705 881 solutis

298 911 414 962 Ver
438 914 653 964 nivibus
678 914 908 965 viridem
928 910 1103 965 monti
1126 914 1406 981 reparavit
1427 913 1709 977 amictum,

297 995 389 1047 Ex
415 1012 524 1063 quo
540 996 659 1063 jam
685 997 895 1064 patrios
920 1013 1051 1063 gens
1073 998 1195 1050 haec
1222 998 1394 1049 oblita
1418 998 1666 1061 TrioneS‚

298 1079 486 1147 Atque
516 1080 772 1132 Histrum
798 1085 1112 1133 transvecta
1138 1082 1324 1146 semel,
1350 1082 1583 1150 vestigia
1608 1082 1731 1134 fixit
2016 1082 2126 1135 170·

296 1244 444 1290 aratro,
461 1239 495 1279 si
510 1239 644 1278 messis
657 1243 804 1278 nostra
823 1242 930 1277 tacta
949 1241 1029 1278 est.
1089 1239 1234 1278 Carcer
1253 1251 1328 1278 non
1346 1240 1510 1279 immisit
1530 1239 1571 1278 in
1592 1252 1660 1279 nos
1677 1239 1775 1279 hunc
1794 1240 2015 1280 exercitum
2032 1239 2119 1280 Ge-

295 1299 450 1343 tarum,
466 1306 585 1343 neque
589 1292 678 1341 fuit
696 1297 852 1332 caterva
870 1293 979 1331 Circi
993 1293 1263 1343 conspirantis.
1326 1293 1491 1332 Thraces
1509 1298 1546 1332 et
1570 1294 1743 1332 Thessali
1758 1299 1797 1333 et
1812 1295 1929 1333 Moesi
1938 1297 2125 1344 poterunt

298 1347 489 1399 confiteri,
510 1348 660 1397 qualem
679 1346 846 1385 Stilicho
866 1347 1004 1385 vicerit
1024 1346 1181 1385 hostem.
1237 1346 1391 1397 Hyems
1405 1347 1538 1395 gelida
1561 1346 1701 1398 incipit
1729 1351 1862 1396 tegere
1876 1349 2006 1397 glacie
2028 1348 2127 1386 Hae-

295 1413 400 1439 mum
418 1400 552 1439 tricies
580 1401 787 1451 spoliatum
807 1398 923 1447 foliis
954 1399 1054 1449 suis,
1081 1404 1119 1438 et
1136 1412 1200 1438 ver
1217 1399 1437 1450 liquefactis
1455 1400 1588 1440 tricies
1613 1399 1765 1439 nivibus
1782 1401 1982 1440 renovavit
2004 1401 2126 1439 monti

295 1459 439 1493 vestem
470 1454 720 1503 viridantem,
748 1465 798 1493 ex
822 1465 894 1504 quo
915 1461 1108 1504 tempore
1135 1454 1217 1492 hoec
1247 1454 1354 1492 natio
1375 1453 1582 1492 Getarum
1613 1454 1812 1493 immemor
1830 1452 2131 1504 Septemtriom's

292 1508 434 1558 patrii,
464 1520 510 1547 ac
539 1509 654 1547 semel
678 1511 923 1557 transgressa
941 1506 1183 1558 Danubium,
1207 1508 1343 1557 pedem
1365 1506 1469 1559 fixit
1491 1506 1660 1555 fatalem
1677 1511 1797 1546 terroe
1817 1507 2017 1547 Thraciae:
2043 1506 2129 1547 sive

1061 1631 1357 1647 eeeeeeeeeee

295 1728 378 1756 sec.
400 1714 484 1753 ine.
503 1714 653 1754 Heius,
685 1714 789 1764 Reg.
811 1714 954 1753 Oxon.
981 1725 1048 1764 pr.
1070 1713 1225 1753 PetaV.
1253 1726 1337 1754 sec.
1367 1715 1534 1756 Tholos.
1555 1715 1705 1756 Ambr.
1726 1727 1814 1756 sec.
1833 1716 1938 1756 Lov.
1968 1717 2127 1758 Moret.

294 1771 378 1808 Sec.
397 1769 518 1807 Voss.
541 1768 646 1806 Exc.
669 1767 848 1806 Gevart.
881 1768 1064 1806 Lucens.
1095 1779 1159 1816 pr.
1180 1768 1281 1808 Var.
1311 1769 1396 1808 LL.
1418 1770 1485 1808 ed.
1506 1769 1639 1810 Antv.
1668 1782 1722 1809 m.
1744 1773 1940 1821 pr.—-161
1976 1770 2128 1823 Defici-

294 1834 382 1861 mur
409 1821 671 1872 conjiciebat
703 1820 856 1861 Heins.
898 1821 1070 1871 querulis
1086 1821 1192 1860 Var.
1215 1822 1302 1861 LL.
1326 1834 1348 1859 e
1370 1834 1502 1874 marg.
1525 1824 1666 1863 Parni.
1701 1822 1989 1863 aductus²Lov.
2023 1824 2126 1864 Jun-

295 1888 357 1926 pr.
388 1876 574 1914 abductus
594 1874 746 1913 Ambr.
768 1887 834 1925 pr.
857 1875 980 1913 ambo
1000 1875 1162 1914 Mon-et.
1180 1875 1285 1915 Exc.
1301 1876 1411 1915 Laeti
1429 1883 1473 1915 et
1490 1878 1667 1917 Lucens.
1688 1889 1771 1917 sec.
1799 1878 1987 1917 adductus
2002 1877 2125 1917 Leid.

293 1942 378 1968 sec.
402 1942 495 1968 cunr
519 1928 715 1967 undecim
740 1928 847 1978 aliis,
876 1928 943 1967 ed.
975 1929 1117 1968 Parm.
1149 1929 1490 1970 et-Vicet.—162
1519 1931 1705 1970 Delibata
1725 1931 1819 1971 Pal.
1841 1930 1960 1971 Med.
1983 1942 2049 1979 pr.
2079 1930 2128 1971 Si

291 1983 413 2021 libata
432 1983 536 2021 Lov.
558 1982 629 2033 qui
648 1986 692 2020 et
723 1982 832 2031 quies
863 1982 932 2019 ve}
958 1993 1067 2030 seges
1095 1981 1419 2023 exhibet-0163
1450 1983 1626 2032 Inice-ere
1643 1985 1793 2024 Ambr.
1813 1993 1900 2024 sec,
1927 1996 2018 2026 num
2038 1996 2127 2023 con·

282 2035 461 2083 jurantis
481 2035 644 2074 Mazar.
673 2047 794 2085 neque
815 2035 896 2072 duo
915 2035 1036 2074 Vatt.
1079 2034 1235 2074 habenae
1254 2036 1376 2075 Med.
1397 2042 1616 2078 see-164
1658 2038 1798 2087 dejecit
1817 2038 1859 2076 in
1878 2038 2038 2077 Mon-et.
2058 2050 2124 2090 pr.

293 2089 480 2137 dejecerat
513 2088 611 2128 Pat.
643 2088 806 2127 Thuau.
838 2088 1008 2127 Tholos.
1035 2087 1183 2128 Ambr.
1218 2093 1414 2139 plu—165
1449 2091 1688 2142 Thracesque
1709 2092 1828 2132 Med.
1861 2104 1947 2132 sec.
1969 2091 2126 2133 Petav-

293 2154 378 2181 sec.
406 2146 585 2193 poterant
606 2142 699 2180 Pal.
722 2141 840 2180 Med.
862 2153 924 2191 pr.
957 2146 1116 2191 possunt
1134 2142 1219 2181 inc.
1241 2142 1392 2182 Heius.
1431 2145 1616 2196 Mysique
1635 2144 1784 2185 Ambr.
1802 2150 1903 2185 tert.
1933 2145 2126 2196 meruique

292 2195 453 2234 Moret.
475 2207 540 2246 pr.
583 2195 773 2245 meosz‘que
793 2195 895 2233 Lov.
925 2195 1123 2244 Messique
1138 2195 1239 2236 Jun.
1258 2200 1457 2246 ρει-166
1497 2199 1691 2236 nutritum
1709 2199 1829 2238 Med.
1852 2206 1990 2249 quart.
2007 2198 2125 2245 from

289 2249 394 2288 tibus
413 2249 480 2288 ed.
500 2249 642 2288 Vicet.
671 2248 781 2288 AEmi
801 2248 959 2286 Moret.
977 2252 1172 2299 piu—167
1194 2250 1409 2301 totiensque
1427 2255 1613 2302 quatuor
1628 2251 2123 2292 Vatt.Pa1.Farn.Pric·.

292 2303 409 2342 Rott.
441 2302 572 2341 Oisel.
593 2303 696 2341 Exc.
717 2303 981 2341 Laeti.——168
1012 2302 1175 2341 viridem
1190 2303 1343 2342 nivibus
1362 2303 1445 2343 duo
1462 2305 1579 2344 Vatt.
1598 2305 1695 2344 Pat.
1711 2304 1864 2345 Petav.
1886 2318 1952 2357 pr.
1981 2306 2125 2344 montis

293 2356 440 2394 Ambr.
479 2360 582 2395 tert.
614 2355 748 2402 fronti
784 2354 853 2393 vel
895 2355 1036 2404 frondi
1074 2355 1325 2406 conjecerat
1361 2357 1509 2396 Heius.
1568 2359 1778 2410 reparabat
1823 2357 1971 2399 Ambr.
2003 2370 2124 2409 pr.-—
2144 2392 2147 2395 .

291 2413 369 2448 169
400 2409 468 2447 Ex
485 2421 559 2459 quo
572 2407 659 2456 jam
676 2409 744 2446 vel
772 2409 824 2446 Et
843 2409 1023 2459 quoniam
1042 2410 1149 2448 Exc.
1168 2410 1290 2449 Laeti.
1313 2412 1469 2462 patrias
1488 2411 1635 2452 Ambr.
1652 2425 1716 2463 pr.
1737 2413 1836 2452 Pat.
1851 2413 2004 2452 Petav.
2021 2417 2123 2451 tert.

289 2467 347 2502 est
373 2462 494 2502 oblita
526 2463 654 2502 Voss.
683 2461 804 2502 Leid.
841 2473 926 2502 sec.
964 2462 1069 2502 Exc.
1107 2463 1423 2505 Gevart.—-170
1451 2469 1696 2516 transgressa
1727 2465 1798 2506 ed.
1816 2466 1962 2505 Vicet.
2006 2464 2126 2504 simul

1122 2558 1300 2599 NOTAE

343 2644 421 2680 162
453 2640 686 2692 Ergastula]
725 2640 842 2679 Loca
857 2639 898 2678 in
917 2638 1067 2692 quibus
1087 2651 1174 2678 ser·
1241 2651 1323 2679 non
1357 2652 1503 2689 arena,
1536 2640 1723 2694 inquam,
1757 2639 1934 2680 immisit
1971 2639 2124 2692 Getas,

285 2705 327 2743 vi
346 2704 686 2743 includebantur.
726 2703 869 2743 Servis
886 2715 1004 2743 arma
1019 2716 1172 2756 gerere
1239 2702 1316 2742 sed
1333 2703 1453 2754 regio
1470 2704 1717 2755 asperrima.

286 2780 368 2806 non
400 2768 578 2815 licebat,
615 2767 742 2806 immo
777 2779 917 2819 neque
945 2767 1171 2819 libertinis,
1292 2770 1378 2807 165»
1402 2767 1623 2818 Haemonii]
1678 2766 1883 2817 Thessali,
1915 2766 1975 2805 sic
2014 2765 2121 2807 dicti

285 2831 362 2870 nisi
383 2831 423 2870 in
449 2831 708 2883 gravissimis
736 2831 861 2882 Reip.
891 2830 1167 2881 temporibus.
1237 2831 1292 2871 ab
1329 2831 1484 2870 Haemo
1512 2837 1670 2882 monte,
1699 2831 1769 2871 vel
1807 2830 1862 2870 ab
1895 2829 2122 2871 Haemonia

286 2894 556 2942 Macrobius:
586 2894 598 2915 ‘
629 2899 726 2944 post
746 2892 1031 2939 calamitatem
1052 2894 1166 2946 apud
1235 2895 1514 2935 Deucalionis
1535 2895 1603 2934 vel
1622 2894 1838 2934 Haemonii
1858 2892 1961 2933 filia.

285 2958 607 2997 Thrasimenum
627 2965 741 2998 notae
760 2958 893 2998 cladis
924 2964 1167 3010 acceptam,
1289 2959 1428 3011 Moesi]
1485 2959 1645 3012 Populi
1674 2958 1839 2999 Moesiae
1870 2969 2015 2997 versus
2035 2956 2122 2995 Da-

283 3020 479 3060 libertini
500 3033 667 3073 quoque
689 3022 732 3061 in
759 3027 1071 3061 sacramentum
1096 3034 1165 3061 vo·
1235 3023 1429 3064 nubium.
2036 3037 2038 3040 ’

285 3080 373 3123 cati
405 3083 533 3123 sunt!
577 3084 693 3123 Hinc
714 3084 879 3123 Tullius
915 3084 1062 3124 Pisoni
1096 3082 1170 3124 ex?
1289 3089 1369 3125 166
1389 3087 1473 3126 Ter
1499 3083 1643 3134 decies]
1699 3082 1927 3122 Familiare
1947 3085 2014 3120 est
2034 3080 2118 3120 Po-

283 3146 492 3199 probrat‘
515 3157 731 3185 servorum
753 3145 995 3187 delectum!
1235 3147 1318 3188 etis
1363 3159 1493 3186 annos
1543 3147 1768 3198 designare
1805 3156 1883 3196 per
1926 3143 2118 3195 hyemes,

338 3211 415 3248 163
448 3208 719 3259 coniurantis]
775 3208 870 3248 Non
892 3222 1053 3261 carcer,
1081 3222 1168 3250 non
1235 3212 1423 3264 aliasque
1443 3210 1541 3250 anni
1563 3213 1864 3260 tempestates.

283 3285 414 3315 arena
447 3274 703 3326 conjurans;
732 3272 775 3312 id
811 3278 893 3323 est,
914 3286 997 3313 non
1029 3274 1168 3315 circus
1289 3273 1493 3324 Hoemum]
1565 3272 1778 3323 Montem,
1831 3270 1904 3325 qui
1939 3271 2118 3312 Thessa-

282 3338 433 3390 plenus
465 3337 750 3390 gladiatorum
778 3337 1091 3388 conjurantium
1120 3337 1166 3378 in
1231 3336 1332 3377 liam
1351 3335 1573 3377 a'rhracia
1589 3334 1766 3376 dirimit.

284 3393 530 3450 Romanos3
585 3398 739 3452 qualis·
770 3397 856 3439 fuit
898 3398 1164 3451 Spartacum
