2300 3906
676 174 741 213 ιΝ
783 172 850 212 ιι.
891 173 1064 214 cous,
1102 146 1371 215 s‘rfflen.
1412 167 1558 217 121ss
1901 173 2008 226 703

199 290 263 341 In
289 309 507 360 proram
521 294 678 363 jacet
696 309 871 361 usque
893 291 1000 348 leo.
1074 296 1193 349 Vix
1217 292 1472 350 sublevat
1495 313 1662 350 unum

196 374 386 428 Tarda
408 377 560 429 ratis.
636 376 908 430 Fremitus
933 381 1142 447 stagnis
1166 380 1381 434 auditur
1402 382 1460 434 in
1486 382 1632 445 imiS,

195 456 517 526 Cunctaque
536 459 824 526 prosiliunt
849 468 999 527 eete3
1040 468 1365 530 terrenaque
1392 464 1615 516 Nereus
1897 465 2003 518 360

195 539 414 593 Confert
434 546 675 595 monstra
702 544 848 608 suis;
887 548 939 596 et
962 561 1068 596 non
1095 560 1314 612 aequare
1338 546 1563 599 fatetur.

192 623 439 692 AEquora
465 624 547 675 sic
575 625 751 676 victor
778 629 991 693 quoties
1016 623 1312 695 perrubra
1330 627 1535 696 Lyaeus

190 705 451 772 Navigat,
477 708 749 776 intorquet
772 712 989 762 clavum
1014 711 1249 779 SilenuS,
1275 717 1331 762 et
1355 727 1512 763 acres

187 789 454 842 Insudant
478 795 651 843 tonsis
678 794 874 862 Satyri,
891 794 1225 867 'taurinaque
1250 795 1417 861 pulsu

177 872 525 951 'Baoobharum
552 876 807 929 Bromios
827 879 1060 930 invitant
1083 885 1344 947 tympana
1368 894 1564 932 remOS.
1896 881 2003 936 365

182 955 442 1009 Transtra
462 958 634 1025 ligant
657 961 893 1013 hederae:
932 963 1135 1014 malum
1162 961 1483 1014 circumflua
1506 963 1672 1016 vestit

180 1105 293 1148 feros
309 1120 382 1158 per
399 1121 505 1148 mare
521 1109 706 1148 muscum
722 1115 892 1157 resonat,
910 1116 948 1150 et
966 1112 1091 1151 leones
1107 1113 1236 1164 aliqui
1254 1112 1495 1163 reflectentes
1510 1115 1690 1162 caudam,
1704 1126 1729 1153 a
1742 1126 1868 1165 puppe
1880 1126 1997 1165 uque

179 1160 229 1198 ad
243 1172 400 1210 proram
417 1164 692 1201 extenduntur.
751 1163 877 1202 Navis
891 1165 994 1203 lenta
1012 1165 1081 1203 vix
1094 1169 1227 1215 portat
1244 1178 1362 1203 unum
1389 1176 1443 1203 ex
1472 1166 1577 1204 inis:
1607 1168 1766 1215 rugitus
1784 1167 1999 1210 exauditur

179 1211 220 1251 in
238 1213 349 1252 vadis
366 1214 582 1262 profundis,
599 1222 636 1254 et
655 1219 736 1254 cete
752 1218 881 1254 omnia
899 1223 1167 1266 prorumpunt,
1193 1222 1232 1255 et
1255 1218 1457 1267 Neptunus
1487 1223 1682 1268 comparat
1708 1223 1887 1268 portenta
1917 1224 1998 1259 ter·

176 1266 317 1305 restria
337 1279 430 1306 cum
446 1269 540 1316 suis,
557 1273 595 1307 et
614 1268 818 1320 confitetur
835 1282 908 1307 sua
927 1282 1001 1308 non
1020 1270 1218 1319 adaequari
1240 1270 1332 1307 inis.
1391 1270 1457 1308 Ita
1483 1272 1786 1321 quotiescumque
1818 1272 1995 1311 Bacchus

174 1318 438 1369 triumphator
454 1321 615 1370 navigat
645 1334 716 1371 per
735 1334 840 1360 mare
868 1322 1038 1369 rubrum,
1067 1321 1221 1365 Silenus
1243 1324 1349 1370 regit
1364 1322 1678 1371 gubernaculum.
1698 1328 1733 1361 et
1756 1324 1892 1374 Satyri
1910 1322 1997 1363 ani·

176 1383 255 1410 mos
283 1373 504 1412 incumbunt
528 1375 658 1424 remis,
684 1379 723 1413 et
754 1379 910 1422 tergora
939 1381 1062 1414 tensa
1091 1374 1204 1413 boum
1235 1375 1401 1425 impulsu
1434 1375 1703 1414 Bacchantum
1735 1377 1994 1423 adhortantur

173 1424 339 1475 vemiges
356 1427 518 1467 Bacchi.
555 1427 726 1468 Hederae
752 1431 909 1483 nectunt
928 1432 1127 1468 transtra.-
1150 1428 1360 1480 pampinus
1387 1428 1663 1480 circumsparsa
1680 1430 1805 1479 cingit
1825 1431 1967 1468 malum
1983 1443 1997 1468 .·

938 1547 1233 1563 ύθθηθθθθθθθ

172 1624 274 1664 item
303 1624 481 1665 Gevart.
530 1627 655 1665 classi
675 1639 828 1666 annexa
859 1625 1007 1667 Ambr.
1038 1632 1136 1666 tert.
1187 1626 1360 1666 Classica
1381 1627 1447 1666 vel
1470 1627 1616 1667 Classis
1633 1639 1750 1667 curva
1773 1629 1875 1668 Exc.
1895 1627 1992 1669 Pat.

173 1689 260 1717 sec.
307 1679 478 1718 Classica
495 1692 612 1718 curva
633 1682 697 1718 vel
723 1685 833 1718 tor-va
858 1685 995 1720 sonant
1025 1681 1127 1719 Lov.
1169 1680 1211 1718 in
1226 1692 1352 1730 puppe
1373 1681 1468 1719 Vat.
1488 1693 1552 1731 pr.
1573 1687 1617 1719 et
1637 1687 1735 1720 tert.
1758 1681 1850 1720 Pal.
1872 1682 1992 1721 Rott.

172 1731 280 1782 Reg.
297 1732 458 1771 Mazar.
479 1733 619 1771 Oxou.
641 1745 706 1783 pr.
730 1734 827 1772 Vat.
847 1733 983 1772 Livin.
1025 1732 1243 1783 relinquens
1274 1734 1378 1784 Reg.
1414 1734 1569 1772 Moret.
1601 1746 1685 1772 sec.
1708 1734 1850 1773 Oxon.
1872 1746 1995 1784 ρι·.-

171 1786 252 1822 358
280 1784 347 1823 Aa
363 1798 526 1835 puppem
552 1786 653 1826 Jun.
687 1798 751 1835 pr.
797 1785 863 1825 Ad
879 1798 1036 1836 proram
1067 1786 1153 1824 duo
1185 1785 1336 1838 Leidd.
1370 1791 1458 1824 tres
1484 1787 1604 1825 Vatt.
1625 1787 1741 1825 Pric.
1763 1795 1848 1825 tres
1869 1786 1991 1827 Med.

170 1836 255 1875 inc.
278 1837 428 1876 Heius.
449 1838 548 1876 Put.
568 1838 732 1878 Thuan.
752 1838 835 1876 duo
865 1840 1019 1878 Petav.
1052 1839 1216 1879 Bonon.
1247 1839 1343 1877 Pat.
1377 1840 1545 1877 '1¹h010s.
1577 1840 1679 1878 [ιον.
1716 1839 1835 1879 Voss.
1866 1840 1993 1879 ambo

170 1889 331 1929 Moret.
355 1896 442 1929 tres
462 1888 612 1928 Ambr.
633 1892 742 1929 Exc.
764 1891 941 1932 Gevart.
962 1892 1145 1930 Lucens.
1165 1903 1231 1942 pr.
1253 1892 1356 1929 Var.
1378 1892 1462 1930 LL.
1482 1903 1506 1929 e
1526 1903 1656 1942 marg.
1679 1892 1822 1930 Parm.
1861 1892 1904 1930 ln
1926 1893 1992 1930 vel

170 1941 236 1981 Aa
255 1943 357 1982 Vat.
379 1948 479 1983 tert.
503 1945 622 1982 Rott.
637 1944 740 1991 jacit
760 1945 879 1983 Med.
901 1949 1002 1983 tert.
1037 1944 1148 1992 J'acet
1167 1944 1247 1982 duo
1268 1943 1420 1982 Leidd.
1443 1955 1537 1982 cum
1559 1944 1753 1982 undecim
1774 1944 1881 1982 aliis.
1910 1945 1994 1994 ipse

171 1995 242 2035 ed.
267 1996 410 2035 Parm.
445 2002 489 2036 et
519 1997 661 2036 Vicet.
720 1997 840 2036 imum
872 1997 1105 2036 Pan—36⁰
1147 1997 1386 2046 Terrenaque
1420 1997 1611 2035 Florent.
1644 2003 1731 2035 tres
1761 1995 1878 2035 Med.
1909 1997 1992 2037 inc.

172 2048 326 2088 Heins.
346 2050 447 2090 Put.
470 2050 578 2101 Reg.
597 2050 759 2088 Thuan.
781 2050 942 2098 Mazar.
962 2056 1048 2089 tres
1086 2050 1232 2088 Petav.
1251 2050 1414 2087 Bonon.
1429 2049 1596 2088 Tnolos.
1616 2055 1703 2088 tres
1722 2049 1869 2088 Ambr.
1890 2050 1992 2089 Lov-

170 2099 328 2142 M'oret.
344 2115 429 2143 sec.
448 2101 552 2142 Ald.
584 2104 691 2142 Exc.
713 2103 877 2142 Schott.
897 2103 1077 2142 Gevart.
1097 2103 1276 2141 Lucens.
1298 2114 1362 2153 pr.
1384 2103 1483 2140 Var.
1511 2103 1598 2140 LL.
1633 2115 1656 2141 e
1687 2115 1817 2153 marg.
1846 2103 1991 2142 Parin.

172 2154 441 2207 Tyrrhenaque
462 2157 560 2195 Vat.
581 2156 716 2207 quint.
739 2156 855 2196 Med.
878 2161 978 2196 tert.
996 2155 1062 2194 ed.
1090 2156 1230 2194 vicet.
1262 2155 1414 2194 Heins.
1445 2156 1699 2205 ascripserat
1732 2167 1848 2207 seqq.
1899 2155 1994 2206 Tyr-

168 2208 285 2248 rhena
300 2214 487 2258 monstra,
504 2209 711 2260 delphine&
733 2210 816 2250 vid.
847 2209 976 2250 Ovid.
1003 2209 1112 2248 Met.
1134 2219 1203 2247 ιιι.
1226 2208 1297 2247 ubi
1316 2206 1411 2247 fuse
1431 2213 1578 2247 narrat
1596 2206 1797 2248 fabulam.
1826 2209 1991 2248 Seneca

167 2259 419 2312 Agamemn.
449 2267 544 2302 451.
580 2266 591 2284 ‘
609 2263 848 2314 'I'yrrhenus
874 2262 986 2301 omni
1020 2262 1146 2312 piscis
1166 2261 1336 2300 exultat
1354 2260 1628 2300 freto.'—-36l
1658 2266 1696 2300 et
1716 2274 1790 2300 non
1807 2261 1905 2301 Vat.
1927 2274 1989 2312 pr.

169 2313 310 2354 Oxon.
331 2328 394 2365 ρι·.
415 2321 501 2355 vet.
522 2316 628 2366 Gyr.
648 2317 746 2354 Vat.
779 2316 916 2354 Livin.
951 2316 1058 2354 Exc.
1091 2314 1200 2353 Laeti
1234 2319 1279 2352 et
1313 2314 1493 2352 Lucens.
1524 2326 1585 2363 pr.
1628 2316 1694 2352 sed
1713 2327 1786 2351 non
1806 2320 1991 2365 quatuor

167 2367 285 2408 Vatt.
305 2369 399 2408 Pal.
424 2369 544 2408 Fam.
577 2368 695 2408 Prie.
725 2369 844 2407 Rott.
885 2379 1016 2407 errare
1044 2367 1272 2406 Par—362
1299 2367 1476 2416 quatiens
1501 2368 1658 2404 Bonon.
1678 2367 1843 2405 Tholos.
1863 2366 1989 2405 ambo

167 2419 327 2459 Moret.
373 2423 521 2471 quaties
537 2422 617 2459 inc.
638 2420 792 2460 Heius.
813 2422 914 2459 Var.
942 2421 1024 2458 LL.
1045 2431 1068 2459 e
1084 2431 1214 2469 marg.
1237 2418 1380 2458 Par-m.
1426 2418 1577 2468 quaties
1607 2419 1670 2456 ve}
1697 2419 1848 2468 quoties
1865 2419 1986 2459 Med.

169 2473 407 2512 terh—363
436 2475 561 2513 clavos
577 2474 659 2512 duo
681 2475 798 2513 Vatt.
820 2474 974 2513 Petav.
993 2475 1191 2522 ρι·.-364
1214 2472 1404 2509 Insudant
1423 2477 1600 2521 quatuor
1622 2472 1738 2510 Vatt.
1757 2471 1846 2510 Pal.
1864 2472 1983 2511 Rott.

168 2524 300 2565 Oisev.
323 2527 429 2576 Reg.
451 2527 612 2565 Mazar.
646 2526 801 2564 Movet.
836 2538 899 2577 pr.
945 2525 1151 2564 Adsudant
1176 2524 1300 2562 Voss.
1324 2524 1482 2562 Moret.
1512 2535 1597 2562 sec.
1621 2524 1723 2563 Lov.
1757 2523 1853 2563 Ald.
1876 2525 1984 2564 Exc.

168 2577 346 2618 Gevart.
396 2580 592 2618 Assudani
615 2578 699 2617 duo
722 2579 870 2618 Leidd.
902 2578 1001 2617 Vat.
1028 2578 1164 2628 quint.
1192 2577 1294 2617 Jun.
1327 2588 1392 2627 pr.
1426 2576 1544 2616 Prie.
1578 2577 1695 2614 Med.
1731 2582 1870 2628 quart.
1899 2577 1984 2616 inc.

168 2631 318 2671 Heins.
339 2633 438 2671 Put.
459 2633 621 2671 Thuan.
642 2633 724 2671 duo
746 2633 897 2671 Petav.
920 2631 1083 2670 Bonon.
1104 2630 1201 2668 Pat.
1219 2636 1305 2668 tres
1325 2628 1452 2668 Amb.
1474 2630 1581 2668 Exc.
1603 2632 1780 2670 Luceus.
1802 2642 1865 2681 pr.
1881 2631 1984 2671 Var.

168 2685 254 2724 LL.
272 2698 294 2724 e
315 2697 444 2735 marg.
464 2685 610 2724 Parm.
631 2685 731 2723 item
752 2685 821 2724 ed.
844 2683 977 2723 Antv.
1019 2682 1219 2723 Assudant
1247 2683 1316 2721 vel
1350 2683 1538 2721 Insudant
1568 2683 1685 2721 Med.
1708 2689 1808 2722 tert.
1847 2683 1984 2734 Satyri

164 2738 286 2777 tonsis
303 2739 400 2777 vat.
422 2750 509 2777 sec.
533 2738 689 2778 Moret.
711 2750 776 2788 pr.
821 2738 976 2788 repulsu
994 2737 1115 2775 Voss.
1137 2735 1255 2774 Leid.
1276 2747 1360 2774 sec.
1403 2747 1516 2774 cursu
1531 2735 1632 2776 Jun.
1654 2739 1851 2785 ρι·.-365
1879 2736 1982 2774 Bro-

163 2791 250 2830 aios
266 2792 422 2831 Moret.
443 2794 645 2844 ρι·.-366
672 2791 791 2830 nectit
809 2791 966 2830 Thuan.
986 2789 1059 2841 qui
1079 2790 1121 2828 in
1140 2801 1227 2841 seq.
1255 2800 1372 2828 aurea
1389 2800 1544 2839 serpens
1558 2789 1839 2829 habet.·-368
1862 2791 1984 2828 madi·

985 2915 1168 2956 NOTAE

215 3026 297 3064 359
328 3024 455 3064 Tarda
473 3023 592 3076 ratis]
607 3025 735 3067 Quasi
756 3025 874 3064 navis
891 3031 1041 3065 onusta
1105 3024 1272 3064 Silenus
1294 3028 1436 3064 tamen
1456 3020 1540 3062 fuit
1557 3022 1648 3074 ejus
1669 3022 1780 3061 altor
1808 3024 1854 3060 et
1873 3032 1983 3073 prae-

165 3099 246 3126 uuo
277 3093 443 3128 tantum
496 3088 617 3127 leone
654 3087 730 3127 fiat
764 3088 946 3128 tardior:
995 3088 1038 3127 id
1106 3093 1270 3139 ceptor.

165 3150 278 3200 quod
296 3151 459 3190 indicat
481 3151 812 3202 magnitudinem
833 3151 926 3202 ejus
944 3162 1039 3202 por·
1160 3155 1236 3190 365
1267 3150 1449 3190 Bromios
1466 3147 1608 3198 remos]
1653 3147 1852 3197 Remiges
1873 3147 1981 3186 Bac-

166 3218 388 3253 tentosam.
1106 3213 1173 3253 chi
1209 3214 1370 3253 Bromii
1399 3211 1476 3251 ἀπὸ
1514 3212 1584 3250 τοῦ
1614 3208 1770 3262 βρέμειν
1793 3208 1977 3256 fremere.

217 3276 296 3313 363
325 3275 497 3327 Silenus]
531 3276 691 3316 Bacchi
728 3275 905 3316 comites
938 3278 1038 3314 sunt
1104 3275 1302 3327 Cujacius
1319 3276 1426 3327 legit
1438 3287 1578 3326 pronos
1594 3286 1729 3324 remos,
1748 3271 1866 3324 quasi
1883 3281 1977 3320 pro-

163 3335 343 3389 Silenus,
361 3337 517 3391 Satyri,
548 3339 698 3391 Fauni,
721 3339 920 3380 Bacchae.
976 3337 1039 3378 At
1103 3337 1234 3378 clives
1253 3341 1298 3378 et
1324 3337 1562 3378 sentientes
1583 3347 1628 3376 se
1648 3335 1801 3374 vehere
1819 3331 1976 3371 Deum.
