2300 3906
3 3355 9 3440 Ι

3 3442 9 3478 i

633 200 700 238 ιΝ
745 199 1110 239 EUTROPIUM
1152 182 1271 237 Lm.
1312 200 1379 239 11.
1805 188 1912 242 559

101 318 232 371 Non
251 318 491 387 peditem
512 318 781 385 praecedit
807 336 976 388 eques
999 338 1011 371 :
1048 338 1157 374 non
1183 319 1474 374 commoda
1494 317 1694 371 castris

98 402 330 472 Eligitur
354 402 533 468 regio:
574 402 789 454 vicibus
812 406 1069 457 custodia
1092 406 1262 457 nullis

95 484 383 553 Advigilat
405 486 560 538 vallo
582 502 595 538 :
633 500 741 538 non
765 489 1122 556 explorantur
1146 489 1342 541 eundae

97 569 464 638 Vitandaeque
493 571 602 623 viae
625 588 637 623 :
674 573 825 624 nullo
853 589 913 624 se
939 590 1144 626 cornua
1167 574 1388 625 flectunt
1807 568 1912 622 420

96 652 327 707 Ordine:
367 654 582 707 confusi
607 657 820 723 passim
844 673 947 723 per
972 667 1154 725 opaca
1179 660 1447 723 vagantur

96 737 313 801 Lustra,
340 754 441 806 per
466 740 685 806 ignotos
709 744 943 806 angusto
967 741 1184 792 tramite
1208 739 1406 792 valles,

166 820 262 873 Sic
288 824 455 875 vacui
479 824 707 877 rectoris
733 826 878 893 equi,
904 826 987 877 sic
1011 826 1147 878 orba
1170 825 1439 891 magistro

94 903 291 958 Fertur
313 907 372 958 in
395 908 691 976 abruptum
716 925 870 972 casu,
893 925 1001 961 non
1028 910 1224 972 sidere,
1251 909 1491 977 puppis:

94 989 187 1042 Sic
211 990 323 1042 ruit
348 991 403 1042 in
426 1007 610 1058 rupeS,
639 992 849 1044 amisso
867 995 1022 1060 pisce
1048 993 1249 1056 sodali,
1803 990 1912 1044 425

93 1071 304 1137 Bellua,
331 1074 625 1128 sulcandas
650 1076 744 1143 qui
767 1077 1010 1143 praevius
1035 1076 1232 1128 edocet
1255 1076 1458 1139 undaS,

92 1155 535 1227 Immensumque
560 1175 732 1226 pecus
757 1174 948 1228 parvae
972 1159 1346 1211 moderamine
1374 1159 1572 1211 caudae

87 1321 306 1374 peditibus.-
336 1337 410 1364 non
429 1326 531 1366 locus
548 1326 737 1376 deligitur
771 1331 886 1379 aptus
911 1327 1051 1366 castris
1081 1325 1321 1365 metandis:
1351 1338 1427 1365 non
1458 1324 1630 1365 excubiae
1659 1324 1829 1374 vigilant
1857 1321 1911 1362 ad

90 1388 289 1427 aggerem,
318 1378 468 1418 vicibus
483 1380 671 1420 alternis.-
697 1393 774 1419 non
791 1381 868 1420 iter
893 1382 1103 1432 petendum
1128 1384 1198 1419 aut
1216 1379 1489 1432 effugiendum
1506 1379 1744 1429 indagatur:
1770 1388 1915 1417 cornua

90 1432 196 1469 nullo
211 1443 252 1470 se
270 1435 426 1472 certant
444 1433 600 1473 ordine:
627 1433 775 1473 turbati
793 1435 961 1486 undique
979 1438 1114 1473 errant
1142 1446 1212 1484 per
1229 1434 1358 1485 sylvas
1377 1445 1528 1484 opacas,
1558 1439 1604 1472 et
1625 1444 1699 1483 per
1717 1432 1835 1471 valles
1852 1430 1914 1468 in-

89 1483 267 1533 cognitas
283 1486 421 1525 semita
440 1490 565 1526 arcta.
621 1487 689 1527 Ita
719 1489 807 1538 equi
824 1488 974 1539 privati
992 1491 1248 1534 moderatore,
1277 1487 1336 1526 ita
1355 1487 1466 1526 navis
1479 1486 1642 1537 privata
1655 1486 1915 1536 gubernatore

91 1537 172 1576 ruit
189 1537 233 1576 in
259 1550 449 1590 prm-eps,
481 1540 612 1579 ducta
645 1553 723 1592 per
741 1541 963 1591 fortunam,
993 1554 1070 1580 non
1104 1553 1182 1591 per
1210 1544 1334 1579 astra.
1391 1540 1459 1579 Ita
1477 1544 1688 1579 monstrum
1706 1537 1918 1578 marinum

91 1589 260 1629 balaena
275 1594 431 1642 rapitur
446 1594 488 1632 in
514 1594 701 1644 scopulos,
726 1596 881 1646 perdito
892 1595 998 1647 pisce
1016 1594 1134 1643 socio,
1162 1594 1367 1643 musculo,
1394 1593 1461 1644 qui
1474 1595 1695 1644 praecedens
1723 1593 1916 1631 monstrat

86 1655 208 1695 aquas
212 1643 435 1697 findendas,
466 1651 508 1686 et
533 1647 726 1697 gubernat
758 1649 923 1688 belluam
953 1648 1188 1699 vegrandem
1205 1646 1395 1697 regimine
1413 1648 1546 1687 caudae
1576 1646 1746 1698 exiguoe,
1777 1649 1815 1685 et
1834 1643 1910 1684 init

856 1781 1151 1797 ΟΙΟΜΙΟΙΙΙΙΙ

91 1872 244 1915 Heius.
276 1871 360 1913 duo
387 1871 537 1914 Ambr.
559 1875 665 1913 Exc.
695 1873 825 1925 Laeti,
851 1874 1035 1915 Lucens.
1066 1886 1152 1915 sec.
1198 1875 1460 1926 Anciranique
1479 1876 1583 1914 Lov.
1604 1874 1803 1915 Put.duo
1826 1875 1910 1914 Pe·

90 1933 174 1967 tav.
215 1926 532 1979 Amphyranique
565 1932 654 1967 tres
677 1927 794 1967 Vatt.
831 1928 926 1967 Pal.
950 1927 1051 1968 Jun.
1089 1940 1152 1979 pr.
1198 1928 1516 1980 Amphyranique
1553 1928 1716 1968 Thuan.
1751 1928 1913 1966 Mazar.

88 1980 241 2020 Petav.
260 1992 324 2032 pr.
344 1980 490 2022 Ambr.
509 1986 610 2021 tert.
633 1980 730 2022 And.
770 1980 1087 2032 Ancplu'ranique
1106 1981 1206 2021 vat.
1235 1993 1324 2021 sec.
1353 1982 1614 2032 Ausitanique
1631 1981 1760 2020 Fam.
1795 1979 1910 2032 Aufi-

89 2033 251 2085 ronique
279 2034 439 2074 Moret.
468 2047 554 2075 sec.
592 2034 924 2085 Anticheram'que
954 2033 1095 2075 Oxon.
1117 2046 1180 2085 pr.
1221 2034 1550 2085 Anticheranique
1576 2039 1622 2074 et
1639 2033 1912 2073 emendatum

88 2086 358 2139 Ancyranique
420 2089 596 2138 Reg.—
614 2091 693 2128 417
726 2089 906 2127 comitem
939 2087 1059 2127 Med.
1107 2092 1247 2138 quart.
1307 2090 1500 2139 proecedet
1566 2087 1707 2127 Oxon.
1766 2098 1831 2138 pr.
1858 2108 1912 2116 —-

88 2143 169 2180 418
200 2141 301 2190 legio
334 2141 437 2182 Jun.
475 2155 540 2194 pr.
581 2142 667 2181 inc.
700 2142 852 2181 Heins.
888 2141 986 2185 Vnt.
1021 2140 1155 2193 quint.
1199 2141 1308 2191 regio
1338 2142 1442 2181 Exc.
1466 2141 1589 2192 Laeti,
1626 2153 1680 2181 m.
1716 2152 1782 2192 pr.
1810 2139 1912 2190 legio

90 2195 158 2233 vei
193 2195 303 2244 regio
323 2195 440 2235 Med.
480 2208 543 2246 pr.
582 2191 707 2235 deest
741 2195 809 2235 hic
851 2206 994 2234 versus
1046 2194 1089 2236 in
1129 2194 1292 2234 Moret.
1333 2198 1536 2246 pr.—-419
1577 2193 1808 2244 Adm‘gilant
1843 2193 1911 2233 ed.

89 2245 232 2287 vicet.
292 2250 413 2288 eumlo
451 2250 551 2290 Vat.
597 2261 683 2289 sec.
704 2271 755 2278 -—
776 2251 856 2288 420
906 2247 1132 2288 Vitamloeve
1166 2247 1282 2287 Prie.
1338 2252 1496 2289 vertunt
1556 2247 1639 2287 inc.
1696 2246 1916 2287 Heius.-

87 2302 165 2340 421
193 2302 360 2352 sparsim
385 2301 533 2343 Ambr.
565 2307 665 2343 tert.
709 2307 842 2354 operta
877 2302 980 2341 Vat.
1015 2313 1080 2352 pr.
1119 2314 1174 2341 m.
1207 2304 1270 2353 pr.
1301 2301 1402 2342 Vat.
1433 2302 1572 2341 Livin.
1592 2301 1783 2349 feruntur
1817 2299 1912 2340 Pal.

87 2352 207 2395 Med.
225 2359 426 2405 pre—422
453 2356 608 2405 ignotos
626 2357 726 2396 Vat.
761 2368 823 2407 pr.
838 2367 894 2394 m.
918 2367 982 2405 pr.
1011 2355 1167 2404 ignotas
1195 2358 1360 2405 angusto
1377 2355 1460 2393 duo
1481 2354 1632 2394 Leidd.
1654 2359 1698 2392 et
1724 2352 1911 2395 maxima

87 2417 186 2457 pars
206 2408 341 2449 Codd.
377 2409 532 2449 Sched.
565 2409 680 2449 Gud.
713 2410 818 2449 Exc.
850 2409 1029 2448 Gevart.
1059 2408 1242 2448 Lucens.
1273 2419 1338 2458 pr.
1367 2407 1467 2447 Ald.
1507 2406 1575 2446 ed.
1608 2406 1750 2445 Parm.
1771 2411 1817 2444 et
1834 2405 1909 2444 Vi-

89 2464 172 2499 cet.
190 2461 292 2500 Var.
309 2462 398 2501 LL.
418 2462 486 2503 ed.
504 2460 633 2502 Antv.
656 2463 792 2511 ignoto
809 2462 911 2500 Vat.
933 2465 1035 2500 tert.
1056 2461 1177 2500 Rott.
1204 2460 1361 2510 ignotas
1374 2463 1515 2509 arguto
1530 2459 1597 2497 vel
1614 2461 1780 2508 angusto
1800 2458 1908 2508 Reg.

87 2511 243 2561 ignotas
261 2520 426 2563 angusto
445 2516 514 2554 vel
531 2519 718 2564 angusta-s
733 2516 867 2564 ignoto
899 2514 1001 2553 Put.
1021 2525 1077 2551 m.
1098 2525 1183 2551 sec.
1211 2516 1376 2562 angusto
1405 2518 1586 2564 quatuor
1605 2512 1725 2552 Vatt.
1755 2511 1910 2561 ignotos

88 2566 204 2604 calles
221 2567 303 2617 leg.
325 2566 472 2607 Heius.
501 2568 625 2606 limite
657 2567 756 2606 Pat.
776 2567 918 2606 Oxou.
951 2577 1016 2615 pr.
1047 2565 1172 2616 limite
1192 2566 1258 2604 vel
1278 2566 1435 2604 tramite
1463 2566 1696 2604 Put.—423
1726 2563 1911 2614 magistri

88 2618 207 2658 Prie.
222 2631 280 2658 ιιι.
301 2632 364 2669 pr.
383 2618 531 2659 Ambr.
551 2622 753 2670 pin—424
781 2619 822 2657 in
855 2617 1066 2657 arbitrium
1098 2619 1194 2657 Pat.
1215 2631 1270 2657 m.
1290 2621 1490 2668 pin—425
1517 2630 1665 2669 puppes
1691 2629 1769 2668 pro
1794 2628 1908 2667 rupes

88 2671 171 2711 inc.
190 2672 478 2713 Heins.-—426
503 2674 687 2712 secandas
719 2671 836 2712 Med.
868 2676 967 2711 tert.
994 2671 1198 2713 sulcandas
1226 2672 1330 2710 Exc.
1348 2671 1470 2711 Laeti.
1496 2672 1565 2722 qui
1595 2672 1693 2711 Vat.
1726 2682 1794 2722 pr.
1821 2670 1907 2710 duo

909 2800 950 2840 N
956 2798 1084 2841 0¹1*AE

140 2917 220 2954 415
249 2915 339 2954 Non
361 2915 551 2967 peditem]
607 2915 693 2956 Sub
713 2917 855 2956 Leone
877 2928 963 2955 om·
1081 2916 1162 2953 424
1191 2913 1240 2952 In
1257 2910 1480 2964 abruptum]
1520 2911 1572 2952 Iu
1605 2912 1697 2953 loca
1724 2911 1911 2964 abrupta

86 2975 152 3017 nia
188 2977 469 3030 indisposita:
505 2987 550 3018 et
569 2979 746 3019 Tacitus
781 2979 962 3027 diceret,
1030 2982 1073 3018 et
1092 2976 1346 3028 praecipitia.

84 3039 98 3069 ‘-
128 3040 367 3092 Pervigiliis
386 3047 430 3081 et
452 3042 802 3090 Bacchanalibus,
836 3053 962 3095 quam
1081 3044 1160 3081 425
1191 3040 1307 3081 Pisce
1339 3040 1482 3093 sodali]
1537 3041 1701 3080 Ferunt
1752 3050 1907 3090 nempe

85 3101 314 3154 disciplina·
335 3109 381 3143 et
399 3104 551 3143 castris
572 3104 800 3155 propiora!
1028 3104 1262 3144 musculum
1298 3104 1459 3155 piscem
1506 3103 1707 3153 exiguum
1757 3114 1907 3154 regere

138 3168 219 3205 419
246 3165 538 3217 Explorantur]
594 3167 691 3206 Non
736 3168 962 3206 mittuntur
1029 3173 1074 3207 et
1094 3167 1251 3207 ducere
1271 3166 1496 3218 balaenam,
1521 3179 1616 3219 quae
1636 3171 1703 3205 est
1734 3171 1907 3217 porten-

89 3229 400 3280 exploratores,
433 3230 505 3281 qui
534 3229 718 3270 doceant
751 3230 860 3269 viam
894 3235 960 3269 tu-
1029 3237 1135 3270 tosae
1159 3230 1477 3281 magnitudinis.
1924 3279 1926 3281 ‚

91 3293 194 3340 tam,
222 3302 308 3342 qua
341 3297 492 3342 eatur3
540 3297 586 3333 et
622 3293 822 3344 intutam,
864 3301 959 3345 quae
1081 3296 1161 3332 427
1190 3293 1334 3344 Pecus]
1387 3293 1634 3332 Monstrum
1685 3290 1904 3330 marinum.

90 3350 262 3391 vitetur·
1029 3355 1238 3396 Horatius
1257 3355 1310 3396 de
1324 3355 1521 3396 monstris
1536 3354 1710 3395 marinis
1727 3366 1739 3393 :
1770 3353 1783 3374 ‘
1800 3351 1903 3391 Om-
