2300 3906
623 179 686 217 lN
731 180 793 218 11.
835 180 1008 219 CONS.
1047 179 1322 219 s'mmcn.
1365 180 1487 220 Lm.
1868 174 1977 228 697

168 296 280 349 Par
303 296 444 348 nitor
461 295 689 346 intactis
713 295 949 345 nivibus.
1023 295 1198 347 Frons
1223 297 1463 349 discolor
1488 313 1626 350 auro
1717 347 1723 383 j

168 380 468 442 Germinat,
493 382 546 429 et
570 377 756 443 spatio
784 393 1025 430 summas
1051 381 1339 446 aequantia
1360 381 1520 449 fagos
1874 385 1980 438 290

170 464 392 516 Cornua
414 475 631 513 ramoso
658 468 891 525 surgunt
914 479 1146 528 procera
1169 465 1411 517 metallo,

171 546 311 614 Opis
336 544 505 597 staeua
525 549 702 595 tenet:
741 544 847 595 fert
869 547 1003 596 retia
1024 561 1151 596 rara
1177 546 1439 613 Lycaste,

170 628 520 693 Auratasque
545 627 738 693 plagas
760 645 772 679 :
811 628 1255 696 immortalesque
1281 628 1526 683 Molossi

170 714 452 765 Latrantes
476 710 668 760 mediis
692 711 891 761 circum
908 712 1047 778 juga
1071 713 1309 764 nubibus
1327 713 1502 767 ibant.

169 796 426 862 Quinque
450 794 576 845 aliae
603 795 830 860 paribus
848 793 1092 862 (Phoebe
1121 797 1202 848 sic
1221 796 1498 866 jusserat)
1523 800 1690 853 armis
1876 804 1985 856 295

171 879 411 931 Diversa
434 878 650 943 regione
674 882 867 942 ruunt;
908 878 1218 947 ducuntque
1245 881 1524 933 cohortem

170 961 424 1029 Quaeque
451 977 623 1011 suam.
697 960 886 1015 Variae
912 961 1102 1014 formis
1122 969 1176 1015 et
1199 970 1356 1030 gente
1380 971 1679 1034 sequuntur

170 1045 503 1112 Ingenioque
528 1060 720 1096 canes:
758 1045 874 1096 illae
902 1048 1243 1112 gravioribus
1270 1055 1414 1116 aptae

172 1129 486 1181 Morsibus:
525 1129 613 1181 hae
638 1129 879 1197 pedibus
905 1131 1144 1182 celeres:
1183 1131 1270 1183 hae
1291 1149 1420 1184 nare
1446 1150 1691 1200 sagaces.

172 1214 527 1282 Hirsutaeque
558 1213 796 1264 fremunt
821 1211 1062 1275 Cressae,
1090 1219 1391 1282 tenuesque
1417 1215 1697 1280 Lacaenae,
1869 1222 1988 1275 «300

166 1377 285 1417 honor·
306 1378 438 1418 Divoe.
496 1380 651 1418 Candor
669 1390 813 1417 eorum
828 1378 970 1417 similis
986 1383 1043 1418 est
1056 1379 1207 1418 nivibus
1222 1379 1483 1418 intaminatis.
1540 1380 1668 1418 Frons
1686 1380 1836 1420 roriata
1853 1387 1989 1422 vernat

168 1443 276 1481 auro,
294 1435 331 1470 et
351 1444 495 1471 cornua
523 1432 725 1471 imitantia
747 1432 950 1470 intervallo
968 1444 1042 1471 suo
1066 1431 1187 1481 fagos
1217 1434 1398 1481 excelsas,
1422 1433 1655 1472 attolluntur
1673 1434 1754 1472 alta
1772 1436 1928 1474 metallo
1948 1438 1991 1475 in

171 1484 358 1534 speeiem
394 1497 603 1524 ramorum.
675 1485 774 1535 Opis
800 1486 1023 1523 moderatur
1052 1485 1240 1524 habenas:
1279 1485 1446 1536 Lycaste
1471 1489 1603 1534 gestat
1633 1486 1737 1525 retia
1772 1492 1922 1537 aperta,
1953 1493 1993 1528 et

169 1537 307 1587 plagas
322 1550 460 1577 aureas
473 1552 486 1577 .-
526 1542 565 1577 et
589 1538 748 1577 Molossi
777 1538 915 1576 oeterni
932 1539 1161 1577 allatrantes
1191 1538 1396 1577 currebant
1413 1539 1518 1577 circa
1535 1550 1689 1578 currum
1709 1539 1750 1577 in
1768 1540 1863 1591 ipsis
1881 1541 1992 1581 nubi·

172 1590 256 1629 bus.
314 1591 493 1643 Quinque
521 1591 611 1629 aliae
642 1590 820 1630 comites
851 1590 896 1628 in
912 1591 1033 1629 armis
1047 1591 1236 1630 similibus
1265 1591 1350 1641 (sic
1377 1591 1510 1630 Diana
1528 1591 1812 1642 imperaverat)
1841 1595 1994 1635 evolant

175 1654 251 1693 per
266 1647 414 1683 tractus
434 1645 574 1691 varios,
604 1648 642 1683 et
667 1656 902 1694 ‚unaquaeque
930 1643 1036 1682 ducit
1067 1642 1264 1683 catervam
1285 1655 1407 1683 suam.
1454 1646 1580 1683 Canes
1598 1645 1761 1684 diversa>
1767 1645 1924 1697 figura,
1954 1651 1994 1686 et

171 1697 344 1746 natione,
363 1701 403 1736 et
419 1701 576 1746 natura,
591 1697 891 1748 subsequuntur:
931 1696 1010 1735 illoe
1038 1697 1184 1735 idoneae
1208 1702 1306 1735 sunt
1333 1697 1522 1736 morsibus
1540 1697 1828 1737 audacioribus:
1855 1699 1915 1738 hoe
1932 1712 1995 1738 ve·

173 1750 270 1789 loces
286 1762 399 1789 cursu
411 1764 424 1790 .·
468 1751 558 1790 aliae
582 1751 709 1790 odorae
727 1749 896 1789 naribus.
942 1750 1000 1788 Et
1021 1750 1169 1789 Cressoe
1187 1750 1350 1801 hispidae
1369 1751 1531 1799 latrant,
1550 1755 1587 1789 et
1606 1750 1785 1790 Lacaenae
1812 1752 1995 1803 graciles,

941 1867 1235 1882 OOOOOOOOOOOO

178 1960 329 2001 Heius.
348 1960 500 2001 Ambr.
524 1962 629 2001 item
659 1961 818 2001 Moret.
847 1963 1067 2001 sec.—289
1084 1960 1204 2010 fraus
1220 1961 1361 2001 Oxou.
1378 1973 1463 2000 sec.
1492 1963 1557 2000 sed
1574 1961 1736 2000 discolor
1754 1962 1910 2001 Moret.
1930 1974 1997 2013 pr.

177 2016 330 2054 decolor
354 2017 449 2055 Put.
476 2016 561 2054 alvo
580 2015 877 2054 'rimam-291
905 2015 1077 2065 spatiosa
1102 2014 1197 2054 Pal.
1223 2015 1346 2053 Farn.
1386 2014 1557 2065 spatiosa
1592 2016 1658 2052 vel
1681 2015 1848 2064 pretiosa
1878 2015 1997 2054 Med.

178 2079 242 2118 pr.
261 2068 466 2108 Heinsius
482 2068 742 2118 ascripserat
759 2068 898 2106 locum
921 2066 1049 2106 ovid.
1071 2077 1144 2107 ιιι.
1164 2067 1344 2106 Metam.
1384 2069 1396 2088 ‘
1416 2067 1643 2117 spatiosam
1669 2067 1870 2106 cornibus
1885 2065 2000 2106 frou-

178 2120 433 2162 κῦμ’-292
460 2126 583 2161 movet
604 2122 841 2162 Pan—293
873 2121 1016 2159 Molosi
1034 2120 1156 2158 ambo
1175 2120 1333 2160 Mon-et.
1367 2120 1553 2158 Molossos
1573 2119 1816 2170 Reg.-294
1843 2120 2002 2159 Laetan·

177 2178 237 2214 tes
256 2174 357 2215 Pat.
385 2187 487 2224 vaga
504 2175 598 2214 Pal.
620 2175 738 2214 Med.
760 2187 823 2226 pr.
856 2173 1020 2213 nubibus
1039 2175 1106 2212 vel
1136 2173 1330 2212 montibus
1346 2173 1512 2213 Thuan.
1556 2172 1717 2223 rupibus
1748 2173 2003 2225 conjiciebat

180 2227 464 2268 Heins.-—295
497 2228 604 2274 Quin
644 2229 735 2268 alioe
776 2229 963 2267 Florent.
1008 2226 1099 2265 aliis
1138 2227 1291 2277 pariter
1325 2227 1424 2266 Pat.
1451 2227 1555 2266 Var.
1588 2227 1677 2265 LL.
1707 2227 1778 2265 ed.
1816 2226 2004 2266 Antv.—

179 2284 261 2322 296
285 2283 467 2333 ducitque
484 2294 628 2321 omnes
646 2281 767 2321 Vatt.
787 2281 881 2321 Pal.
915 2281 1043 2319 Farn.
1072 2280 1190 2318 Prie.
1213 2280 1330 2318 Rott.
1350 2280 1487 2319 Oisel.
1513 2281 1731 2330 ducuntque
1765 2278 1911 2318 Ambr.
1938 2290 2003 2330 pr.

182 2334 285 2375 Pnt.
303 2336 465 2374 Thuau.
486 2336 591 2374 Lov.
611 2335 717 2376 Exc.
734 2335 917 2373 Lucens.
931 2336 1130 2383 pr.--298
1157 2332 1380 2381 regionibus
1400 2332 1641 2371 Pan—299
1657 2332 1817 2370 sceler-es
1830 2331 1946 2371 Prie.
1964 2335 2004 2370 et

179 2397 275 2427 nare
290 2387 386 2428 Pal.
407 2387 546 2428 Oisel.
567 2387 746 2438 Vat.pr.
771 2399 826 2427 m.
841 2398 905 2438 pr.
926 2386 1118 2425 Floreut.
1150 2386 1256 2435 Reg.
1274 2386 1437 2424 Mazar.
1458 2384 1601 2423 Oxou.
1620 2387 1820 2434 pun—300
1829 2383 2004 2432 frement

185 2439 279 2480 Pal.
309 2442 460 2480 Cressoe
508 2440 674 2480 Thurin.
725 2444 943 2490 teneroeque
967 2439 1132 2477 -M-oret.
1166 2449 1252 2478 sec.
1285 2436 1436 2476 Ambr.
1490 2448 1575 2477 sec.
1626 2437 1709 2476 inc.
1745 2437 1898 2477 Heius.
1931 2435 2006 2488 qui

1002 2553 1180 2595 NOTAE

182 2658 232 2693 et
259 2652 304 2692 in
323 2664 374 2692 eo
409 2652 568 2705 majora
587 2651 705 2692 nasci
733 2651 930 2691 animalia
947 2650 1065 2690 dixe·
1132 2648 1196 2688 sia
1213 2648 1333 2700 Epiri
1355 2648 1541 2699 regione,
1560 2649 1604 2689 in
1626 2649 1814 2690 Graeeia.

188 2721 300 2757 runt.
354 2716 441 2756 Hic
478 2721 602 2755 natus
639 2726 732 2754 esse
780 2714 941 2754 dicitur
978 2716 1065 2754 Leo
1186 2714 1266 2751 300
1288 2713 1452 2760 Cressoe,
1475 2713 1666 2762 Lacoenoe,
1684 2711 1910 2763 Britannae]
1930 2712 2012 2751 Ca·

190 2780 435 2828 Nemeaens,
454 2780 524 2830 qui
547 2778 646 2818 iude
671 2778 714 2817 in
735 2786 870 2818 terras
891 2778 1068 2827 decidit,
1133 2786 1208 2814 nes
1263 2775 1423 2823 Cretae,
1486 2775 1702 2822 Laconiae,
1758 2775 2014 2826 Britanniae,

189 2848 235 2882 et
254 2842 307 2881 ab
330 2842 521 2881 Hercule
540 2843 682 2881 victus
700 2845 781 2880 est.
1134 2850 1228 2891 quae
1258 2843 1356 2877 snut
1377 2839 1506 2877 variae
1533 2843 1579 2878 et
1598 2836 1751 2884 forma,
1785 2841 1831 2876 et
1852 2837 2012 2887 patria,

243 2907 324 2944 289
353 2905 549 2956 Discolor]
588 2905 720 2943 Frons
747 2903 801 2943 ob
833 2915 980 2943 aurum
1001 2902 1070 2942 ad·
1135 2907 1181 2941 et
1203 2907 1376 2941 natura:
1443 2900 1518 2941 sed
1556 2912 1702 2941 omnes
1734 2905 1809 2940 aut
1838 2899 2016 2938 velocis-

185 2964 399 3016 junetum,
448 2965 644 3006 ostendit
703 2966 831 3007 alium
883 2967 1069 3006 colorem
1135 2965 1266 3013 simoe,
1315 2970 1388 3004 aut
1441 2964 1697 3005 fortissimae.
1767 2960 1895 3004 Quod
1958 2960 2014 3001 ad

191 3040 318 3081 quam
331 3029 546 3068 nativum.
1136 3041 1263 3069 canes
1281 3028 1514 3069 Britannos
1530 3031 1716 3079 spectat,
1727 3023 2015 3077 *Symmachus

187 3139 190 3142 ,
245 3094 322 3132 291
356 3092 542 3143 Ramooo]
568 3092 798 3144 Virgilius:
827 3091 840 3114 ‘
864 3093 920 3132 Et
939 3104 1073 3132 ramo·
1138 3096 1263 3132 vocat
1289 3091 1475 3132 scoticos.
1529 3091 1689 3130 Mirum
1725 3087 1928 3140 quiddam
1959 3098 2015 3126 ex

198 3165 246 3194 sa
260 3155 419 3207 Mycou
440 3156 600 3196 vivacis
619 3169 782 3196 cornua
799 3156 948 3196 cervi!
1137 3155 1279 3194 Plinio
1299 3153 1432 3194 refert
1451 3153 1623 3205 Lipsius
1642 3153 1695 3191 de
1715 3163 1821 3191 cane
1844 3149 2016 3189 inusita-

249 3220 329 3258 ²03
358 3218 623 3271 Immortalee]
652 3220 762 3261 Quia
775 3226 987 3271 perpetuo
1005 3231 1075 3259 co·
1140 3223 1196 3258 tae
1216 3217 1539 3270 magnitudinis,
1572 3227 1697 3269 quem
1727 3216 1742 3238 ⁴
1762 3214 1928 3254 Indiam
1946 3223 2022 3263 pec

200 3279 404 3321 mitantur
422 3287 469 3322 et
481 3282 805 3322 comitabuntur
819 3282 1021 3323 Dianam.
1139 3280 1252 3328 tenti
1273 3280 1522 3321 Alexandro
1537 3279 1704 3331 Magno
1721 3290 1799 3318 rex
1818 3272 2016 3316 Albaniai

256 3333 440 3395 Molossi}
476 3344 615 3396 Canes
644 3344 829 3385 venatici
846 3345 1078 3392 eerolos·
1139 3343 1254 3384 douo
1273 3341 1486 3384 dederat?
1515 3341 1603 3381 Hic
1615 3340 1728 3380 euim
1743 3332 2017 3387 canis,Alex-
