2300 3906
636 194 702 233 ιΝ
747 193 1112 237 nu'rnopmm
1155 194 1277 234 mn.
1317 193 1386 232 11.
1809 180 1916 235 553

98 310 244 375 Quis
269 298 463 362 melius
491 309 706 360 vibrata
730 325 866 375 puer
892 312 1157 378 vertigine
1182 310 1334 362 molli
1364 333 1366 335 >

97 393 345 445 Membra
368 395 538 443 rotet:
578 395 757 442 verrat
780 393 904 459 quis
928 410 1202 447 marmora
1227 396 1376 445 crine
1399 392 1629 462 supino:

97 475 240 540 Quis
267 475 440 541 magis
467 473 673 525 enodes
697 475 930 527 laterum
956 477 1274 545 detorqueat
1295 481 1479 529 artus:

98 558 243 623 Quis
268 559 391 610 voci
415 557 636 623 digitos,
675 558 868 609 oculos
888 560 1015 626 quis
1041 560 1285 611 motibus
1313 563 1486 625 aptet.

97 642 180 694 Hi
202 642 443 707 tragicos
469 641 759 693 meminere
783 643 983 694 modos
1006 660 1018 695 ε
1056 643 1145 694 his
1167 642 1358 693 fabula
1382 641 1611 707 TereUS,

97 724 208 777 His
232 725 460 776 necdum
490 725 786 776 commissa
811 725 979 777 choro
1005 729 1253 776 cantatur
1279 723 1498 791 Agave.

163 808 421 875 Increpat
447 807 774 875 Eutropius:
816 807 948 859 Non
966 808 1090 860 haec
1115 809 1438 875 spectacula
1463 813 1679 879 tempus

92 892 364 944 Poscere:
404 909 549 944 nunc
577 892 718 943 alias
746 908 1016 945 armorum
1042 894 1354 944 incumbere
1380 910 1560 947 curas,

92 977 165 1028 Se
190 976 326 1028 satis
351 974 617 1027 Armenio
643 975 850 1027 fessum
877 994 980 1044 pro
1003 976 1174 1028 limite
1198 978 1363 1043 cingi,

1808 392 1916 445 360

1807 811 1916 865 365

82 1135 182 1175 puer
210 1124 451 1175 circumagat
480 1138 618 1177 corpus
648 1127 852 1177 impulsum
881 1127 1049 1166 circuitu
1080 1126 1157 1167 leni
1171 1140 1184 1165 .·
1217 1126 1303 1176 quis
1331 1127 1482 1177 capillis
1517 1127 1752 1178 resupinatis
1769 1127 1915 1168 abster-

84 1181 180 1226 gent
215 1179 462 1229 pavimenta
495 1192 735 1219 marmorea.-
782 1179 868 1230 quis
900 1181 1080 1232 deflectat
1115 1179 1253 1219 melius
1277 1184 1409 1230 partes
1436 1181 1566 1219 molles
1593 1181 1783 1221 laterum.-
1828 1182 1916 1232 quis

87 1233 341 1271 accommodet
369 1233 519 1271 melius
549 1233 698 1282 digitos
716 1234 814 1282 voci,
846 1234 932 1282 quis
949 1234 1074 1272 oculos
1091 1232 1376 1272 saltationibus.
1435 1233 1496 1271 Hi
1512 1234 1766 1272 recordantur
1782 1246 1915 1273 versus

86 1283 282 1333 tragicos.-
302 1284 443 1333 fabula
462 1286 577 1325 Terei
593 1289 748 1325 canitur
766 1286 820 1324 ab
840 1285 922 1325 iuis
935 1300 949 1325 .-
977 1287 1113 1337 Agave
1139 1287 1308 1325 nondum
1333 1286 1485 1325 credita
1498 1285 1652 1325 theatro
1670 1286 1839 1325 canitur
1858 1286 1911 1326 ab

86 1336 191 1376 aliis.
247 1338 461 1389 Eutropius
496 1339 743 1390 reprehendit
775 1338 867 1388 hos,
899 1339 1063 1389 dicens,
1092 1339 1189 1378 Hoc
1218 1342 1367 1389 tempus
1395 1351 1472 1377 non
1501 1343 1632 1389 petere
1650 1339 1758 1378 ludos
1789 1339 1915 1384 tales,-

87 1401 188 1430 ’ωηο
203 1390 349 1431 labores
376 1393 474 1432 alios
493 1392 584 1432 belli
603 1405 756 1444 urgere,
787 1404 828 1432 se
854 1393 932 1432 etsi
943 1391 1169 1443 fatigatum
1185 1392 1284 1431 satis
1300 1392 1449 1431 armari
1462 1404 1535 1443 pro
1541 1391 1695 1445 finibus
1712 1392 1912 1432 Armenia:

871 1495 1161 1511 000000000000

82 1553 189 1590 tert.
223 1551 469 1591 contenditur
484 1551 643 1591 Moret.
664 1563 748 1592 sec.
770 1551 856 1592 Hic
876 1562 1026 1590 versus
1045 1562 1140 1590 cum
1161 1551 1304 1603 priore
1324 1551 1592 1591 desideratur
1610 1551 1653 1591 in
1671 1551 1831 1592 Moret.
1848 1563 1912 1603 pr.

88 1606 222 1643 —860
247 1608 353 1647 rotat
371 1605 491 1644 Leid.
512 1617 577 1655 pr.
605 1609 735 1644 vertat
755 1605 858 1645 Exc.
880 1603 990 1643 Laeti
1013 1616 1068 1644 m.
1096 1616 1158 1655 pr.
1180 1609 1224 1644 et
1243 1606 1424 1645 Lucens.
1444 1618 1507 1656 pr.
1535 1605 1638 1644 item
1658 1604 1757 1645 Ald.
1784 1609 1912 1644 verret

88 1655 330 1697 Med-tert.
357 1662 489 1696 verrat
510 1664 596 1697 tres
616 1658 736 1698 Med.
762 1659 844 1698 inc.
864 1657 1014 1696 Heius.
1035 1657 1139 1697 Put.
1160 1658 1265 1709 Reg.
1284 1659 1450 1697 Thnan.
1470 1659 1634 1698 Bonon.
1654 1664 1742 1696 tres
1764 1657 1912 1697 Ambr.

87 1708 251 1749 Mazar.
271 1709 354 1749 duo
370 1710 519 1750 PetaV.
547 1711 647 1750 Vat.
677 1711 814 1751 Livin.
841 1711 950 1749 Exc.
970 1710 1149 1750 Lucens.
1170 1723 1232 1762 pr.
1252 1711 1318 1750 ed.
1337 1711 1476 1751 Vicet.
1494 1710 1648 1750 Sched.
1667 1710 1781 1750 Gud.
1810 1723 1913 1749 mar·

88 1773 192 1802 more
210 1763 374 1803 Thuan.
414 1763 523 1802 crine
534 1764 658 1804 soluto
677 1764 771 1803 Pal.
817 1763 941 1802 soluto
962 1763 1030 1802 vel
1061 1763 1334 1815 supino·Med.
1355 1767 1551 1814 pru—361
1585 1763 1664 1808 Qui
1684 1764 1812 1812 magis
1828 1763 1912 1803 Bo-

87 1826 184 1855 non.
213 1814 369 1855 Petav.
399 1821 499 1856 tert.
538 1817 675 1855 edones
693 1817 793 1856 Var.
825 1816 912 1855 LL.
934 1815 1064 1855 Antv.
1090 1817 1226 1855 enodes
1244 1817 1312 1856 vel
1329 1817 1484 1855 idoneos
1503 1817 1606 1865 Reg.
1634 1816 1795 1855 Moret.
1826 1828 1914 1857 sec.

80 1879 281 1918 procerum
300 1869 399 1908 Vat.
418 1874 519 1908 tert.
540 1870 661 1908 Rott.
681 1869 789 1908 Exc.
820 1869 916 1907 Pat.
937 1880 1023 1908 rec.
1046 1880 1248 1918 procerum
1268 1870 1336 1908 vel
1365 1870 1533 1908 laterum
1558 1870 1662 1907 Put.
1690 1873 1802 1907 artus
1814 1882 1914 1920 qua·

85 1926 184 1961 tuor
203 1920 326 1961 Vatt.
348 1921 443 1961 Pal.
464 1922 594 1960 Farn.
615 1922 721 1971 Reg.
741 1922 896 1960 PetaV.
916 1932 1004 1960 sec.
1026 1932 1156 1972 marg.
1176 1921 1332 1972 Isingr.
1359 1933 1472 1960 arcus
1490 1922 1590 1960 Vat.
1614 1926 1754 1972 quart.
1774 1920 1912 1961 Oisel.

85 1973 267 2015 Florent.
288 1974 371 2014 dno
390 1974 509 2014 Med.
528 1974 613 2014 inc.
643 1974 789 2014 Heius.
811 1975 914 2014 Put.
932 1974 1100 2012 Thuan.
1129 1974 1290 2014 Mazar.
1307 1974 1475 2013 Tholos.
1503 1972 1653 2013 Ambr.
1673 1985 1758 2013 sec.
1787 1974 1912 2014 ambo

83 2025 242 2068 Moret.
276 2027 361 2067 duo
389 2027 681 2068 Petam—362
720 2029 846 2067 oculos
872 2026 939 2077 qui
958 2026 1078 2066 Leid.
1107 2039 1192 2066 sec.
1220 2026 1389 2068 motibus
1407 2027 1510 2066 Lov.
1531 2039 1626 2066 cum
1648 2027 1805 2077 glossa,
1833 2027 1861 2067 i.
1881 2039 1916 2068 e.

79 2080 450 2129 gesticulationibus.
486 2081 658 2120 moribus
683 2092 827 2120 omnes
857 2081 979 2120 Vatt.
1013 2080 1108 2119 Pal.
1145 2081 1272 2120 Farn.
1308 2080 1428 2120 Prie.
1469 2080 1588 2127 tht.
1612 2080 1713 2120 Jun.
1733 2091 1800 2130 pr.
1828 2079 1912 2120 duo

82 2132 231 2174 Leidd.
251 2134 457 2174 erOxon.
477 2146 613 2185 marg.
635 2134 790 2185 Isingr.
812 2138 857 2173 et
874 2133 981 2173 Cod.
999 2132 1142 2172 Pulm.
1163 2138 1208 2172 et
1228 2134 1397 2173 Claver.
1425 2132 1591 2172 motibus
1617 2132 1806 2172 exhibet.
1828 2133 1912 2174 vid.

84 2196 199 2238 supr.
215 2200 278 2228 vs.
297 2190 388 2228 182.
407 2191 518 2238 aptet
539 2186 671 2227 Oisel.
699 2188 785 2239 apti
799 2187 919 2227 Rott.
936 2186 1004 2226 ed.
1024 2186 1168 2226 Parm.
1188 2199 1211 2225 e
1227 2187 1626 2238 conjectura.-363
1635 2186 1745 2235 J'ocos
1761 2185 1910 2226 Ambr.

83 2248 149 2289 pr.
169 2239 309 2281 Oxou.
325 2252 410 2280 sec.
426 2240 547 2280 Med.
568 2245 707 2293 quart.
726 2241 839 2290 jocos
853 2240 923 2279 vel
938 2240 1068 2279 modos
1078 2240 1179 2279 Vat.
1201 2241 1473 2291 quint.-364
1500 2241 1671 2279 nondum
1684 2245 1773 2279 tres
1790 2239 1911 2282 Vatt.

83 2291 232 2334 Petam
267 2306 333 2346 pr.
352 2292 502 2335 Ambr.
534 2305 617 2334 sec.
638 2295 822 2333 mundum
852 2293 937 2333 inc.
964 2292 1114 2333 Heius.
1141 2294 1311 2333 medium
1329 2293 1431 2333 Put.
1460 2292 1575 2332 choro
1594 2293 1699 2332 Lov.
1720 2293 1748 2333 J
1755 2304 1824 2331 un.
1844 2304 1911 2343 pr.

84 2344 245 2386 Moret.
267 2359 350 2387 sec.
381 2345 534 2387 Sched.
568 2347 682 2387 Gud.
702 2345 805 2386 Ald.
831 2347 939 2386 Exc.
960 2345 1141 2386 Gevart.
1169 2347 1280 2385 thoro
1307 2347 1471 2386 Thuan.
1492 2344 1640 2386 Ambr.
1668 2350 1771 2384 tert.
1799 2345 1911 2384 thoro

80 2399 148 2438 vel
165 2400 249 2439 viro
276 2400 390 2440 Prie.
427 2400 542 2439 choro
561 2400 630 2439 vel
658 2400 770 2439 thoro
788 2400 898 2450 Reg.
918 2399 1061 2440 Oxon.
1080 2402 1286 2451 pru—366
1312 2401 1414 2438 altas
1433 2399 1538 2448 Lov.
1558 2403 1686 2448 atque
1719 2398 1782 2436 ita
1810 2409 1908 2437 con-

0 2478 1 2505 ,
73 2450 253 2501 jiciebat
285 2453 439 2493 Heius.
466 2464 655 2492 annorum
680 2452 838 2492 Sched.
870 2452 986 2492 Gud.
1015 2452 1235 2512 impendere
1268 2451 1385 2491 Med.
1421 2462 1731 2511 sem-armorum
1751 2461 1908 2502 poscere

0 2510 1 2539 1
82 2503 200 2545 Meu.
233 2510 330 2545 tert.
363 2517 419 2545 m.
445 2509 645 2557 pin—36⁷
675 2506 746 2544 Me
764 2505 867 2546 Jun.
886 2516 952 2556 pr.
979 2504 1169 2544 Armenw
1186 2504 1346 2544 Moret.
1373 2515 1441 2556 pr.
1468 2503 1595 2543 milite
1614 2503 1778 2542 Mazar.
1797 2502 1910 2543 Tho·

0 2742 11 3906 ffl,-W⁶—fi-r——-———————-=-—-rv-v————-
0 2728 2 2736 ἡ
0 2685 2 2700 -

903 2598 1079 2639 ΝΟΤΙΕ

134 2674 215 2711 359
250 2670 474 2721 Vertigine]
529 2671 634 2712 Quis
673 2682 780 2722 puer
817 2671 962 2722 capite
1029 2675 1159 2711 turns.

80 2733 278 2784 demisso,
311 2733 580 2786 pedibusque
605 2733 648 2772 in
671 2734 803 2772 altum
823 2732 961 2774 subla·
1083 2737 1161 2774 363
1209 2733 1370 2785 Tereus]
1445 2733 1542 2773 Rex
1578 2733 1808 2785 Thracum,
1837 2734 1911 2786 qui

79 2803 161 2847 tus,
187 2796 336 2836 melius
365 2796 509 2836 vibret
528 2808 649 2836 suum
669 2809 839 2848 corpus.
1031 2795 1087 2836 ob
1106 2801 1427 2847 constupratam
1461 2795 1744 2835 Philomelam
1775 2796 1909 2847 Prog-

129 2862 210 2900 360
243 2858 403 2910 Verrat]
456 2858 564 2900 Quis
595 2858 775 2909 pedibus
793 2871 958 2899 sursum
1027 2871 1102 2899 nes
1132 2858 1276 2898 uxoris
1295 2871 1383 2898 suae
1405 2869 1609 2908 sororem,
1644 2858 1689 2897 in
1718 2870 1907 2910 upupam

78 2921 218 2974 elatis,
243 2921 531 2974 projectisque
563 2921 770 2972 manibus,
807 2922 959 2973 quibus

78 2985 325 3035 sustinetur,
358 2983 563 3035 fungatur
611 2982 748 3024 officio
787 2983 958 3035 pedum,

78 3046 444 3101 cupitefflemisso,
470 3052 515 3086 et
546 3046 736 3087 crinibus
771 3046 959 3098 penden-

77 3110 206 3162 tibus,
234 3117 379 3152 verrat
402 3111 644 3162 pavimenta
662 3122 916 3150 marmorea.

109 3176 205 3215 ι861
240 3173 413 3224 Enodes]
467 3174 573 3215 Quis
605 3173 667 3213 ita
697 3172 958 3225 detorqueat

78 3240 218 3276 costas
252 3236 452 3287 laterum,
488 3242 537 3276 ut
574 3237 665 3275 sine
700 3236 827 3285 nodo,
865 3237 956 3277 sine

79 3297 242 3338 ossibus
271 3310 367 3339 csse
399 3299 612 3340 videatur.
668 3299 755 3339 Alii
794 3301 957 3352 legunt,

77 3358 245 3399 uterum
277 3370 403 3412 arcus,
434 3359 481 3401 id
499 3366 583 3413 est,
618 3359 770 3414 flexus,
806 3374 955 3402 curva-

1024 2925 1215 2961 mutatus
1237 2926 1316 2961 est.

1079 2989 1159 3026 364
1187 2986 1368 3026 Necdum
1385 2984 1586 3024 commissa
1601 2983 1733 3035 choro]
1789 2984 1909 3026 Non.

1026 3047 1127 3088 dum
1147 3048 1353 3099 producta
1371 3048 1414 3086 in
1435 3048 1660 3087 theatrum.

1077 3110 1234 3161 Agave]
1290 3110 1440 3150 Cadmi
1461 3115 1506 3149 et
1531 3108 1782 3154 Hermiones
1800 3108 1905 3159 filia,

1024 3173 1096 3226 qui
1134 3172 1266 3213 filium
1294 3173 1532 3212 Pentheum
1561 3172 1827 3224 abstemium,
1858 3178 1906 3213 et

1022 3236 1118 3276 ideo
1138 3236 1295 3275 Bac-chi
1317 3248 1437 3274 sacra
1459 3234 1786 3285 despicientem,
1805 3247 1903 3274 cum

1024 3299 1182 3339 ceteris
1208 3297 1526 3337 Bacchantibus
1541 3295 1785 3346 discerpsit,
1804 3306 1901 3335 eum

1020 3362 1202 3404 vitulum
1221 3373 1317 3403 esse
1335 3366 1430 3401 rata
1448 3371 1540 3412 prae.
1567 3358 1697 3399 nimio
1715 3356 1875 3398 furore.
