2300 3906
737 219 818 260 DE
858 217 1058 262 BELLO
1092 216 1318 258 <aliuco
1360 217 1481 259 1118.

1888 209 1995 269 769

6 9 10 49 Ι

6 97 10 254 Ι

6 335 11 419 Ι
184 336 348 400 Quis,
377 336 565 390 Musis
588 337 825 405 ipsoque
850 336 979 388 licet
1003 336 1211 391 Paeane
1233 342 1483 405 recepte,

6 430 11 565 ἰ
181 421 446 474 Euan-are
472 423 658 487 queat,
684 423 950 485 quantum
975 419 1257 473 Gradivus
1281 420 1341 472 in
1364 420 1464 474 illa
2038 443 2051 451 f

1886 504 1994 557 600

6 609 11 665 Ι

7 669 10 717 Ι

7 719 11 803 Ι

184 505 336 557 Luce
362 519 479 555 suae
506 501 714 553 dederit
736 502 987 557 fundator
1009 503 1239 570 originis
1263 504 1386 557 urbi
1400 506 1425 556 ‘l

180 587 368 639 Altius
393 585 540 638 haud
561 601 798 653 unquam
824 591 945 640 toto
971 586 1356 643 descendimus
1382 603 1508 640 ense

182 670 248 723 In
263 670 519 737 jugulum
545 668 816 736 Scythiae:
856 675 1006 724 tanta
1029 685 1128 723 nec
1151 669 1314 725 clade
1340 671 1639 738 superbum

22 776 42 797 v
181 752 544 806 Contudimus
568 752 799 817 Tanain,
825 755 914 807 vel
938 769 1152 807 cornua
1172 753 1429 820 fregimus
1455 753 1656 806 Histri.

8 842 9 846 ’
182 835 428 889 Invisum
453 836 607 891 miles
632 837 820 889 sitiens
840 838 1052 890 haurire
1077 853 1327 890 cruorem

180 920 290 974 Per
312 920 495 973 varias
521 924 724 983 vestes,
758 925 1087 989 onerataque
1112 921 1360 989 plaustra
1384 922 1606 975 metallo
1890 922 1998 974 605

179 1005 420 1066 Transit,
446 1007 500 1054 et
524 990 730 1069 afgenti
758 1007 1040 1072 cumulos3
1077 1010 1133 1058 et
1155 1007 1326 1059 caedis
1351 1022 1551 1059 avarus

180 1086 495 1141 Contemtas
521 1089 812 1154 proculcat
837 1106 1006 1157 opes:
1045 1092 1337 1163 pretiosior
1361 1107 1496 1143 auro

659 1172 885 1225 Passim
909 1174 1146 1240 neglecti
1171 1174 1407 1242 prodiga
1430 1175 1569 1226 lucri

173 1410 297 1461 possit
313 1410 457 1456 referre
475 1415 660 1461 quantum
680 1411 796 1449 Mars
826 1411 1002 1450 conditor
1029 1411 1152 1461 hujus
1171 1410 1307 1460 stirpis
1325 1410 1552 1448 concesserit
1570 1409 1658 1449 urbi
1673 1421 1752 1448 suoe
1766 1410 1809 1448 in
1827 1412 1892 1449 illa
1907 1412 1970 1449 die
1982 1408 2002 1449 ‚²

179 1463 393 1514 Nunquam
412 1463 645 1502 intravimus
669 1463 901 1514 profundius
918 1467 999 1502 toto
1016 1464 1150 1513 gladio
1171 1464 1211 1501 in
1228 1465 1373 1512 guttur
1386 1462 1585 1513 Scythice:
1610 1474 1729 1512 neque
1762 1466 1874 1501 tanta
1901 1462 2000 1501 occi-

178 1516 283 1555 siam
298 1516 594 1567 profligavimus
614 1516 766 1555 Tanain
779 1517 1021 1564 insolentem,
1037 1520 1105 1555 aut
1125 1516 1301 1566 rupimus
1316 1528 1458 1555 cornua
1473 1515 1662 1555 Danubii.
1720 1516 1838 1554 Miles
1855 1522 2001 1555 noster

179 1571 320 1608 ardens
337 1569 488 1608 sorbere
515 1569 744 1619 sanguinem
763 1569 939 1609 hostilem
971 1570 1189 1608 transvolat
1218 1581 1287 1617 per
1322 1568 1549 1607 vestimenta
1575 1569 1741 1616 diversa,
1761 1572 1799 1606 et
1823 1571 2001 1618 plaustra

179 1626 316 1660 onusta
332 1623 502 1670 metallo,
517 1628 556 1661 et
578 1633 651 1672 per
670 1634 825 1661 acervos
842 1622 999 1671 argenti
1014 1635 1028 1666 ,·
1054 1626 1169 1671 atque
1203 1620 1439 1660 insatiabilis
1457 1621 1618 1660 caedium
1643 1623 1811 1671 proterit
1840 1621 2001 1659 divitias

178 1679 328 1726 spretas
343 1688 356 1714 .·
381 1688 497 1714 cruor
513 1679 600 1715 erat
614 1676 741 1731 carior
751 1687 861 1714 auro.
917 1675 987 1713 Ira
1004 1675 1164 1713 soeviens
1178 1678 1215 1713 et
1234 1674 1361 1723 larga,
1385 1675 1488 1713 lucro
1502 1676 1704 1722 contemto,
1731 1675 1850 1713 satiat
1868 1675 1999 1712 odium

180 1868 332 1914 Heius.
360 1868 534 1918 inflasset
563 1869 737 1909 Tholos.
769 1867 898 1919 forte,
925 1881 1001 1920 pro
1030 1868 1458 1919 inflammasset.-598
1489 1867 1568 1912 Qui
1589 1867 1746 1906 Moret.
1766 1880 1830 1918 pr.
1863 1868 2001 1908 Poeone

179 1923 288 1961 Exc.
323 1921 505 1961 Gevart.
533 1926 707 1972 receptus
738 1922 899 1960 Moret.
933 1925 1154 1961 sem—599
1185 1917 1422 1959 Enu‘merare
1448 1922 1556 1958 Exc.
1592 1921 1903 1959 Gevart.-600
1931 1934 2001 1959 sua

181 1975 324 2014 Oxou.
343 1977 542 2025 pr.—-602
570 1986 690 2012 sacroe
709 1987 785 2024 pro
814 1974 988 2025 Scythice
1018 1975 1120 2013 Var.
1153 1973 1237 2012 LL.
1266 1973 1334 2011 ed.
1374 1973 1506 2011 Autv.
1533 1985 1601 2011 nec
1620 1977 1731 2011 tanta
1770 1972 1915 2011 Ambr.
1939 1986 2000 2023 pr.

182 2040 229 2067 ne
243 2027 363 2067 Leid.
383 2039 448 2077 pr.
477 2028 591 2066 laude
624 2039 700 2077 pro
720 2028 826 2066 clade
845 2027 1103 2066 Fame—603
1135 2026 1191 2064 Et
1226 2026 1396 2064 tadimus
1432 2026 1569 2063 Oxon.
1606 2037 1667 2074 pr.
1719 2025 1881 2063 Tanaim
1913 2032 2000 2064 tres

181 2079 302 2120 Vatt.
324 2081 460 2121 Oisel.
488 2084 527 2118 et
545 2092 688 2119 cornua
707 2080 808 2120 Jun.
829 2092 894 2130 pr.
921 2084 990 2118 aut
1009 2080 1112 2118 Exc.
1140 2078 1403 2117 laath-604
1432 2078 1570 2116 sitiens
1598 2077 1708 2115 miles
1739 2078 1840 2116 Lov.
1869 2079 2004 2116 audire

182 2134 341 2173 Moret.
363 2136 562 2184 pr.—605
595 2133 663 2170 Ad
684 2136 916 2182 onerataque
930 2133 1107 2182 plaustra
1128 2131 1330 2169 Heinsius
1353 2143 1471 2182 seqq.
1491 2136 1717 2168 notaverat
1736 2143 1745 2167 z
1777 2130 1843 2168 De
1866 2142 2003 2169 carra-

181 2186 281 2239 gine
310 2186 648 2237 intelligendum‚
676 2197 799 2236 quam
837 2183 1054 2223 faciebant
1086 2183 1314 2234 fugientes.
1346 2183 1429 2222 vid.
1467 2182 1648 2222 casaub.
1678 2183 1732 2220 ad
1752 2182 1868 2222 Hist.
1894 2182 2003 2235 Aug.

180 2252 224 2291 p.
243 2243 335 2280 208.
355 2243 450 2280 228.
479 2238 539 2278 sic
559 2250 622 2279 iv.
652 2240 778 2278 Cons.
795 2239 910 2277 Hon.
931 2241 1024 2278 466.
1053 2238 1286 2276 ‘Plaustra
1317 2248 1468 2275 cruore
1503 2234 1685 2276 natant!
1711 2235 1792 2274 huc
1824 2235 1939 2275 refer
1957 2242 2002 2276 et

183 2293 311 2333 alium
334 2295 471 2332 locum
491 2303 541 2331 11.
559 2292 603 2330 in
634 2291 776 2331 Rufiu.
807 2295 900 2331 129.
928 2293 939 2312 ‘
961 2291 1083 2328 eaesis
1115 2289 1312 2329 obtendit
1342 2290 1530 2339 plaustra
1556 2288 1779 2340 juvencis.²
1808 2288 1860 2327 de
1878 2302 2008 2328 carra·

177 2345 273 2397 gine
292 2346 378 2385 vid.
414 2352 460 2385 et
478 2345 665 2383 Trebell.
687 2344 800 2383 Poll.
826 2344 868 2381 in
892 2342 1071 2382 Claudio
1092 2356 1134 2392 p.
1151 2346 1244 2381 204.
1273 2342 1301 2379 l.
1324 2345 1389 2380 13.
1410 2345 1474 2380 37.
1490 2344 1556 2380 43.
1584 2340 1756 2392 Vopisc.
1779 2341 1820 2379 in
1841 2340 2006 2381 Aureli-

184 2410 264 2438 ano
285 2411 327 2449 p.
347 2402 441 2438 212.
462 2399 706 2437 Laia—606
734 2396 941 2446 avidusque
971 2396 1123 2434 cruoris
1160 2395 1227 2433 vel
1258 2394 1376 2432 caedis
1403 2406 1546 2432 avarus
1581 2393 1697 2432 Med.
1731 2397 2004 2445 quarn—60⁷

182 2453 380 2492 conculcat
399 2452 498 2490 Pat.
513 2452 636 2490 Voss.
655 2449 778 2488 Leid.
794 2461 877 2489 sec.
897 2449 1003 2487 Exc.
1021 2447 1202 2487 Gevart.
1230 2447 1422 2497 proculcet
1454 2447 1614 2485 Moret.
1646 2449 1849 2497 pr.-—608
1874 2447 2006 2497 prodi-

1012 2560 1186 2601 NOTAE

184 2644 315 2695 misit,
333 2650 378 2684 et
393 2644 589 2696 exemplo
606 2654 680 2682 suo
692 2646 858 2683 ceteros
873 2641 986 2681 idem
1002 2639 1063 2680 fa-

186 2720 287 2748 cere
308 2708 471 2747 docuit.

238 2775 317 2811 598
346 2770 506 2821 Paeane]
534 2769 705 2820 Apollo,
718 2769 784 2809 vel
803 2769 999 2820 Hymnus
1019 2766 1062 2805 in

184 2832 352 2872 laudem
374 2831 597 2882 Apollinis.

238 2898 316 2934 601
347 2893 644 2943 Descendimus]
689 2892 841 2931 Audax
870 2891 1063 2939 verbum,

188 2957 265 2996 sed
293 2955 460 2996 efficax.
519 2955 831 2995 Descendimus
866 2954 906 2992 in
939 2953 1066 3003 jugu-

7 806 9 838 Ι

8 1017 12 1174 Ι
379 1173 389 1184 .

181 1171 424 1239 Sanguis
451 1175 583 1224 erat.

178 1356 273 1397 lium
287 1361 474 1408 equestre,
505 1356 669 1397 auxiliis
693 1357 948 1407 pedestribus.
1005 1356 1166 1408 Ecquis,
1199 1356 1281 1396 etsi
1315 1356 1444 1395 Musis
1464 1359 1502 1395 et
1534 1356 1617 1407 ipso
1642 1356 1821 1407 Apolline
1851 1359 1999 1407 plenus,

17 2854 23 3090 Ι

188 3020 291 3071 lum,
309 3020 455 3066 idest,
473 3019 753 3058 immersimus
779 3022 913 3056 totum
934 3015 1066 3066 gladi-

188 3094 277 3133 um,
315 3088 361 3121 et
390 3081 687 3121 descendimus
722 3082 762 3118 in
793 3085 940 3128 guttur
963 3078 1065 3128 Scy-

190 3145 308 3195 thiae,
330 3146 447 3184 velut
467 3145 620 3184 belluae
641 3144 850 3183 immanis.
904 3142 1067 3182 Seneca

191 3207 247 3248 de
281 3209 434 3261 Sejano
453 3208 580 3258 dixit,
609 3211 620 3231 ‘
637 3208 837 3258 Sejanum
870 3207 911 3245 in
932 3206 1066 3245 cervi-

194 3281 265 3309 ces
295 3278 457 3311 nostras
478 3284 560 3311 non
578 3271 756 3322 imponi,
788 3270 863 3309 sed
895 3269 1066 3309 descen-

194 3330 327 3372 dere!

248 3391 328 3434 603
360 3395 524 3446 Tanain,
557 3396 644 3447 θα]
685 3395 875 3436 Vicimus
923 3395 1068 3435 hostes

249 3461 391 3513 Delpli.
410 3465 450 3502 et
474 3461 569 3504 Var.
590 3462 699 3502 Clas.

1128 2640 1182 2679 ad
1219 2639 1381 2678 Tanain
1429 2643 1474 2677 et
1507 2637 1765 2677 Danubium.
1832 2635 2005 2678 Fluvios

1129 2716 1208 2754 pro
1227 2703 1331 2754 ipsis
1369 2703 1536 2754 populis
1556 2713 1762 2752 usurpare
1781 2701 1922 2753 poetoe
1945 2712 2008 2739 so-

1128 2767 1234 2806 lent.

1182 2833 1264 2868 606
1290 2828 1463 2879 Avarus]
1496 2830 1576 2869 Est
1606 2828 1649 2867 in
1679 2826 1797 2868 caede
1817 2827 2007 2866 inimico-

1132 2906 1222 2933 rum
1256 2892 1451 2944 quaedam
1491 2892 1671 2931 avaritia
1702 2890 2008 2931 inexsaturabi-

1131 2958 1197 3005 lis,
1214 2956 1369 3006 cupide
1391 2967 1587 3005 grassans
1625 2955 1739 2992 ultra
1773 2952 2006 2992 vindictam

1133 3026 1176 3058 et
1194 3019 1323 3058 iram:
1345 3018 1418 3056 sed
1439 3024 1482 3056 et
1495 3029 1635 3055 avarus
1654 3016 1826 3067 ponitur
1846 3027 1924 3066 pro
1944 3027 2011 3066 eo,

1134 3081 1205 3133 qui
1225 3092 1439 3131 nunquam
1462 3080 1677 3129 expletur,
1713 3077 1925 3130 nunquam
1944 3090 2007 3117 sa·

1134 3145 1291 3191 tiatur;
1320 3145 1378 3181 sic
1396 3142 1507 3193 apud
1524 3141 1749 3192 Virgilium
1777 3139 1826 3179 fit
1851 3139 2009 3179 mentio

1133 3207 1145 3229 ‘
1162 3205 1420 3246 Acherontis
1440 3203 1588 3243 avari!

1186 3272 1266 3309 608
1288 3268 1461 3317 Prodiga
1479 3266 1597 3317 lucri]
1612 3264 1737 3309 Quod
1754 3264 1896 3304 facere
1911 3273 2010 3315 pos·

1135 3337 1203 3371 set
1219 3331 1400 3383 lucrum,
1415 3329 1609 3387 negligit.

1020 3462 1162 3502 Claud.
1811 3456 1835 3493 3
1865 3454 1900 3494 C
