2300 3906
591 202 654 241 JN
699 203 741 241 1.
782 201 954 241 cons.
994 199 1262 240 s'rlmcn.
1304 198 1424 240 mn.
1465 200 1504 238 ι.
1860 191 1966 245 613

142 324 428 378 Venturus
453 322 568 374 dux
586 321 764 388 major
783 325 919 374 erat.
992 321 1248 375 Victoria
1268 320 1417 374 nulla

144 407 377 470 Clarior,
405 412 504 458 aut
526 404 806 456 hominum
828 406 975 458 votis
998 405 1241 473 optatior
1262 420 1505 472 unquam

145 490 410 558 Contigit.
487 487 577 540 An
603 490 894 556 quisquam
921 489 1209 557 Tigranen,
1235 505 1492 556 armaque
1517 488 1705 551 Ponti,

143 574 254 627 Vel
280 573 551 642 Pyrrhum
578 571 948 642 Antiochique
974 574 1182 641 fugam,
1216 573 1304 624 vel
1329 573 1514 624 vincla
1539 573 1575 625 J
1581 573 1827 639 ugurthae

145 657 420 720 Conferat,
446 661 546 708 aut
570 654 802 720 Persen,
830 657 1270 723 debellatumque
1297 655 1664 724 Philippum?

144 741 224 793 Hi
251 740 592 808 propagandi
615 745 834 792 ruerant
856 757 956 808 pro
980 741 1154 793 limite
1177 740 1360 806 regni:

145 824 261 876 Hic
291 826 475 876 stabat
499 823 756 876 Romana
777 824 926 876 salus
948 841 960 877 z
999 824 1078 877 ibi
1103 828 1352 892 tempora
1375 829 1527 878 tutas

145 908 461 961 Traxerunt
486 909 657 960 dilata
681 924 892 962 moras:
932 910 1024 962 hic
1048 911 1264 963 vincere
1291 911 1447 963 tarde

1863 489 1969 544 370

141 1074 338 1126 affuturus
369 1076 467 1113 erat.
524 1073 647 1112 Nulla
664 1072 829 1112 uictoria
858 1073 1048 1112 illustrior
1072 1086 1241 1124 unquam
1273 1074 1415 1124 evenit,
1443 1076 1504 1114 vel
1535 1074 1742 1126 optabilior
1774 1075 1977 1115 desideriis

139 1128 350 1168 hominum.
406 1126 474 1165 An
503 1126 644 1176 aliquis
675 1126 914 1176 comparabit
938 1126 1028 1166 huic
1049 1128 1275 1177 Tigranem,
1295 1132 1334 1166 et
1354 1128 1450 1166 bella
1468 1129 1605 1177 Ponti,
1623 1130 1683 1168 vel
1703 1129 1916 1180 Pyrrhum,
1935 1133 1975 1168 et

129 1181 279 1231 fugam
296 1180 497 1229 Antiochi,
527 1180 587 1219 vel
616 1179 885 1230 captivitatem
912 1181 1144 1230 Jugurthoe,
1171 1180 1231 1219 vel
1249 1181 1412 1230 Persen,
1431 1185 1468 1219 et
1493 1181 1720 1232 Philippum
1752 1179 1977 1221 devictum?

144 1235 206 1274 Hi
225 1234 358 1273 duces
378 1233 513 1272 nostri
530 1232 731 1272 irruebant
746 1245 818 1283 pro
826 1233 979 1285 finibus
996 1233 1232 1272 dilatandis.-
1260 1233 1301 1272 in
1333 1234 1403 1273 hoc
1432 1233 1545 1272 bello
1572 1237 1676 1273 salus
1694 1235 1874 1274 Romana
1891 1247 1978 1274 con·

119 1288 315 1328 sistebat.
374 1286 439 1327 Ibi
469 1287 608 1326 dilatio
640 1287 824 1338 temporis
852 1286 971 1326 dabat
999 1298 1147 1326 moram
1177 1299 1366 1338 securam,
1392 1286 1455 1326 hic
1483 1299 1665 1338 superare
1683 1299 1782 1339 ser0,
1791 1286 1977 1336 suitfere

918 1392 1211 1408 ‘OO‘O‘OO‘O‘O

143 1477 278 1515 —368
311 1475 497 1514 Vecturus
523 1474 789 1514 Fam—369
815 1474 1014 1524 optantior
1032 1473 1115 1512 duo
1137 1472 1392 1513 Mea—370
1420 1477 1488 1513 aut
1507 1475 1704 1525 quisquam
1720 1475 1838 1514 Rott.
1860 1474 1980 1514 Med.

144 1541 229 1570 sec.
262 1529 344 1568 inc.
373 1529 525 1568 Heius.
557 1528 718 1567 Mazar.
737 1526 886 1567 Ambr.
916 1539 980 1577 pr.
1027 1527 1130 1566 haud
1157 1527 1359 1577 quisquam
1393 1528 1515 1567 Leid.
1550 1533 1595 1567 et
1623 1529 1726 1569 Jun.
1758 1540 1824 1579 pr.
1858 1527 1980 1568 Med.

178 1587 290 1621 uart.
319 1581 488 1632 antiquis
506 1580 625 1620 Med.
646 1586 747 1621 tert.
775 1581 901 1620 Voss.
918 1580 1018 1620 Pat.
1037 1581 1141 1620 Var.
1159 1581 1244 1619 LL.
1263 1581 1329 1620 ed.
1350 1579 1480 1620 Antv.
1509 1582 1730 1632 antiquisne
1749 1582 1853 1621 Put.
1870 1582 1978 1620 Exc.

146 1595 324 1675 gevart.
368 1635 617 1686 quisquamne
635 1635 759 1674 Voss.
792 1646 848 1672 m.
870 1644 955 1672 sec.
977 1633 1059 1678 duo
1082 1632 1231 1672 Medd.
1278 1634 1452 1685 antiquis
1472 1636 1539 1673 vel
1559 1635 1806 1686 quisquamne
1824 1635 1981 1675 Petav.

147 1701 235 1728 sec.
283 1688 489 1728 Heinsius
522 1693 666 1728 tamen
701 1687 790 1726 huic
815 1686 991 1738 quisnam
1022 1686 1282 1736 conjecerat.
1332 1688 1542 1737 Triganem
1575 1689 1680 1728 Exc.
1700 1689 1879 1727 Lucens.
1910 1699 1979 1738 pr.

143 1754 327 1793 armaque
343 1741 514 1792 potentis
533 1740 652 1781 Leid.
687 1752 753 1791 pr.
797 1752 952 1778 armave
971 1740 1068 1779 Pal.
1100 1739 1262 1780 Thuan.
1283 1741 1400 1780 Med.
1420 1744 1621 1792 pre-372
1650 1753 1701 1780 an
1721 1742 1856 1780 Persae
1872 1740 1900 1781 J
1905 1751 1979 1782 ιιιι.

146 1807 214 1847 pr.
263 1795 430 1834 Persam
449 1795 565 1834 Pric.
613 1794 774 1833 Persem
792 1793 886 1833 Pal.
906 1793 1024 1831 Med.
1044 1804 1108 1844 pr.
1126 1792 1395 1833 Thuan.—37
1401 1797 1424 1832 3
1455 1795 1556 1833 Haec
1573 1794 1734 1834 Thuan.
1778 1793 1858 1833 Illa
1876 1794 1979 1834 Vat-

146 1860 210 1899 pr.
230 1852 276 1887 et
308 1853 409 1887 tert.
442 1848 537 1886 Pal.
562 1848 680 1886 Rott.
715 1845 846 1884 Oisel.
869 1846 951 1884 duo
969 1845 1090 1885 Med.
1113 1845 1265 1886 Petav.
1286 1859 1350 1897 pr.
1396 1847 1481 1886 Ista
1511 1847 1664 1888 Petav.
1685 1851 1787 1887 tert.
1816 1859 1873 1886 m.
1895 1858 1981 1887 sec.

144 1900 249 1940 Var.
271 1901 358 1940 LL.
380 1912 404 1938 e
423 1911 556 1949 marg.
586 1899 730 1938 Parm.
777 1899 839 1939 Hi
872 1899 941 1938 vel
975 1899 1054 1938 Illa
1087 1899 1273 1938 Florent.
1317 1901 1562 1950 propagandi
1592 1901 1695 1940 Vat.
1727 1912 1794 1950 pr.
1815 1912 1873 1939 m.
1893 1911 1982 1940 sec.

147 1953 252 1994 Exc.
271 1953 398 1994 Laeti.
438 1954 723 2004 propugnanda
740 1952 868 1990 Farn.
911 1955 1074 1991 ruerant
1089 1951 1210 1990 Med.
1233 1958 1277 1991 et
1297 1951 1447 1991 Ambr.
1469 1956 1571 1991 tert.
1594 1954 1700 1991 Exc.
1720 1954 1900 1992 Lucens.
1914 1964 1981 2002 pr.

144 2012 290 2047 vexant
311 2006 432 2046 Med.
453 2012 593 2059 quart.
630 2006 791 2044 Mazar.
824 2006 930 2044 Exc.
963 2004 1067 2044 Cod.
1102 2006 1252 2043 Rhem.
1286 2004 1452 2052 fuerant
1478 2005 1562 2044 duo
1581 2007 1702 2044 Vatt.
1735 2005 1833 2044 Pal.
1854 2005 1981 2044 Fam.

147 2061 267 2101 Rott.
302 2060 438 2101 Oisel.
473 2060 640 2099 Thuan.
675 2059 829 2098 Petav.
865 2062 967 2098 tert.
999 2070 1055 2097 m.
1089 2069 1155 2108 pr.
1186 2059 1293 2097 Exc.
1325 2058 1506 2098 Gevart.
1526 2058 1594 2098 ed.
1615 2059 1759 2098 Parm.
1779 2064 1823 2097 et
1839 2058 1985 2099 Vicet.

146 2117 305 2154 ruerent
337 2113 457 2154 Pric.
489 2112 613 2152 ambo
646 2113 806 2152 Moret.
835 2111 936 2152 Ald.
966 2111 1121 2151 Schcd.
1158 2110 1271 2150 Gud.
1318 2115 1480 2150 ruerant
1509 2111 1579 2150 vel
1601 2111 1766 2163 fuerant
1794 2112 1896 2151 Vat.
1917 2123 1983 2162 pr.

147 2168 272 2208 Voss.
295 2167 438 2207 Oxou.
459 2179 522 2217 pr.
541 2167 730 2206 Florent.
748 2164 914 2214 fuerant
933 2165 1002 2204 vel
1022 2167 1178 2203 ruerent
1198 2164 1307 2214 Reg.
1349 2166 1481 2204 mundi
1500 2165 1622 2204 Med.
1643 2168 1867 2204 sem—374
1897 2164 1986 2204 Hoc

148 2221 310 2261 Moret.
333 2233 398 2272 pr.
445 2221 556 2260 Hinc
575 2221 697 2260 Rott.
718 2219 826 2271 Reg.
871 2219 913 2258 in
932 2223 1103 2269 tempore
1123 2218 1225 2258 Put.
1271 2218 1361 2257 hinc
1379 2219 1534 2260 PetaV.
1555 2231 1644 2259 sec.
1690 2222 1778 2258 tuto
1800 2222 1984 2270 quatuor

147 2274 269 2315 Vatt.
292 2275 385 2315 Pal.
406 2275 532 2314 Farn.
552 2273 672 2313 Prie.
691 2274 812 2313 Rott.
832 2272 967 2312 Oisel.
1013 2276 1119 2311 tutas
1138 2270 1287 2311 Ambr.
1307 2283 1394 2312 sec.
1414 2272 1515 2313 Var.
1535 2273 1622 2312 LL.
1643 2284 1666 2310 e
1685 2284 1816 2323 marg.
1837 2272 1985 2312 Parm.

150 2331 281 2369 —375
312 2340 439 2368 moras
457 2328 551 2368 inc.-
563 2327 714 2368 Heius.
743 2327 851 2367 Exc.
880 2326 1066 2367 Lucens.
1101 2338 1166 2378 ρι’.
1212 2337 1335 2366 mores
1362 2325 1531 2366 Tholos.
1579 2330 1686 2365 tutas
1713 2336 1841 2364 moras
1875 2325 1982 2365 Exc.

979 2473 1156 2514 NOTAE

209 2571 288 2608 370
322 2567 540 2618 Tigranen]
596 2565 813 2607 Armeniae
855 2566 1037 2618 Regem,

155 2630 317 2671 victum
350 2636 395 2670 et
424 2642 450 2670 a
482 2630 662 2670 Lucullo
693 2634 739 2669 et
773 2642 797 2668 a
829 2629 1039 2681 Pompeio

153 2697 333 2748 Magno.

207 2760 406 2811 Armaque
429 2758 568 2809 Ponti]
595 2757 721 2797 Bella
732 2756 895 2797 tamdiu
914 2760 1036 2807 gesta

156 2835 182 2867 a
209 2823 467 2863 Mithridate
494 2821 627 2861 Ponti
644 2821 779 2872 Rege,
798 2832 925 2873 quem
944 2825 1036 2860 tan-

157 2885 251 2926 dem
271 2885 505 2938 Pompeius
526 2886 711 2937 Magnus
731 2884 964 2937 superavit.

209 2952 287 2989 3⁷1
320 2947 536 3001 Pyrrhum]
565 2948 733 3000 Regem
749 2948 1040 2999 Epirotarum,

158 3023 184 3052 a
216 3011 413 3052 Fabricio
447 3011 652 3063 fugatum.
724 3010 807 3051 Ille
847 3010 1039 3063 Pyrrhus

159 3075 290 3126 periit
319 3075 408 3115 ictu
446 3076 605 3127 tegulae
640 3087 665 3114 a
686 3072 861 3114 foemina
888 3074 1041 3125 jactae,

161 3148 256 3176 cum
276 3135 415 3188 Argos
432 3138 631 3188 cepisset.

212 3198 415 3250 Antiochi]
444 3200 598 3240 Plures
612 3199 736 3251 hujus
750 3198 931 3240 nominis
950 3198 1041 3239 fue-

163 3266 278 3312 runt,
297 3261 372 3301 sed
391 3263 504 3302 hunc
532 3262 675 3314 Scipio
701 3262 931 3314 Asiaticus,
958 3262 1042 3302 fra-

164 3325 234 3361 tre
251 3327 356 3362 natu
370 3325 530 3376 majore
542 3325 732 3378 adjutus,
749 3326 903 3378 majori
923 3327 1043 3378 regni

165 3389 290 3435 parte
310 3386 522 3440 spoliavit,
533 3393 578 3428 et
595 3389 712 3428 ultra
724 3388 915 3430 Taurum
929 3401 1044 3430 mon-

1105 2571 1194 2606 tem
1213 2566 1456 2607 summovit.

1166 2629 1302 2669 Vincla
1338 2627 1572 2678 Jugurthae]
1617 2626 1746 2667 Hunc
1779 2627 1988 2668 Numida-

1107 2703 1201 2730 rum
1221 2691 1383 2742 Regem
1411 2690 1577 2730 Marius
1612 2690 1738 2730 duxit
1767 2690 1812 2730 in
1839 2690 1987 2730 trium-

1106 2755 1206 2806 pho.

1158 2821 1238 2858 372
1254 2816 1420 2867 Persen]
1431 2817 1594 2867 Regem
1608 2815 1897 2866 Macedoniae,
1914 2815 1988 2855 de-

1106 2881 1266 2921 victum
1305 2880 1359 2921 ab
1395 2879 1581 2931 AEmilio,
1619 2885 1664 2920 et
1691 2880 1735 2920 in
1773 2879 1987 2932 triumpho

1107 2945 1297 2985 ductum.

1161 3006 1411 3060 Philippum]
1436 3007 1648 3047 Demetrii
1665 3006 1812 3059 filium,
1826 3007 1989 3059 Regem

1108 3070 1394 3122 Macedoniae,
1427 3075 1473 3110 et
1491 3083 1516 3110 a
1549 3070 1713 3112 Levino
1734 3070 1917 3111 Consule
1943 3074 1990 3110 et

1110 3149 1135 3175 a
1156 3136 1318 3178 Quinto
1335 3135 1544 3175 Flaminio
1564 3136 1742 3176 victum.

1162 3201 1241 3238 374
1259 3197 1401 3238 Stabat
1420 3199 1599 3238 Romana
1616 3198 1740 3249 salus]
1770 3198 1883 3239 Nam
1902 3197 1990 3237 Gil-

1109 3262 1166 3302 do
1184 3263 1398 3314 potuisset
1417 3261 1598 3302 Romam
1616 3260 1730 3301 fame
1749 3259 1957 3300 conficere
1974 3271 1986 3306 3

1110 3330 1156 3365 et
1173 3325 1255 3365 nisi
1273 3325 1454 3366 Stilicho
1482 3324 1690 3376 promtius
1715 3323 1901 3373 vicisset,
1918 3321 1987 3360 vel

1109 3387 1223 3430 fame
1245 3389 1382 3431 Roma
1401 3388 1516 3430 victa
1533 3386 1693 3428 fuisset.
