2300 3906
315 178 424 231 666
851 192 946 231 οι.
987 189 1338 230 anumAm
1381 189 1576 230 xxm.

2101 311 2137 361 CR

318 310 544 364 Gaudet
567 311 707 362 enim
734 309 904 361 virtus
928 314 1100 361 testes
1127 309 1235 361 sibi
1254 310 1482 379 jungere
1509 309 1728 362 Musas.

388 394 617 447 Carmen
644 398 807 454 amat,
834 393 1087 460 quisquis
1111 393 1353 445 carmine
1377 394 1543 460 digna
1568 394 1723 460 gerit.

316 478 461 546 Ergo
487 496 582 530 seu
606 477 804 545 patriis
832 477 1133 544 primaevus
1159 478 1416 528 manibus
1438 478 1579 531 ultor

388 563 656 614 Subderet
683 562 1000 628 Hispanum
1022 561 1233 628 legibus
1260 561 1565 623 Oceanum,

317 646 428 698 Seu
453 647 652 715 Tyrias
677 652 828 698 certa
850 645 1117 698 fracturus
1145 645 1376 715 cuspide
1399 646 1543 698 vires

389 729 615 781 Inferret
638 729 853 796 Libyco
879 730 1034 795 signa
1059 729 1336 780 tremenda
1361 729 1532 793 mari3

317 812 585 865 Haerebat
609 812 808 864 doctus
831 812 1006 875 lateri,
1034 812 1338 879 castrisque
1365 812 1580 863 solebat

390 895 659 947 Omnibus
685 897 742 946 in
763 895 976 945 medias
1002 894 1209 944 Ennius
1233 895 1311 943 ire
1338 894 1524 944 tubas.

317 978 409 1030 Illi
434 983 563 1046 post
586 980 753 1029 lituos
775 976 990 1044 pedites
1014 975 1196 1026 favere
1223 973 1459 1037 canenti,

388 1062 779 1129 Laudavitque
805 1075 950 1112 nova
976 1059 1129 1111 caede
1155 1062 1405 1110 cruentus
1432 1075 1618 1127 eques,

317 1145 567 1214 Cumque
591 1145 943 1213 triumpharet
967 1144 1185 1211 gemina
1210 1142 1537 1211 Carthagine
1562 1144 1732 1206 victa,

387 1231 582 1300 (Hanc
603 1230 809 1282 vindex
834 1230 1005 1298 patris
1031 1230 1256 1292 vicerat,
1281 1229 1420 1280 hanc
1445 1225 1670 1296 patriae)

2070 724 2140 775 lo

2071 1145 2144 1198 15

857 1358 882 1368 s

318 1419 404 1455 erat
431 1427 578 1466 semper
608 1415 707 1453 hnic
738 1413 904 1454 ductori.
961 1412 1119 1453 Etenim
1151 1412 1277 1453 virtus
1309 1413 1470 1453 laetatur
1509 1412 1695 1452 asciscere
1723 1410 1798 1450 sibi
1830 1410 1970 1450 Musas
1997 1414 2145 1461 specta-

315 1469 446 1508 trices.
502 1470 558 1507 Et
577 1468 649 1507 ille
669 1467 803 1516 diligit
833 1479 977 1516 versus,
1007 1467 1232 1518 quicumque
1263 1467 1351 1517 agit
1384 1466 1502 1506 facta
1530 1467 1651 1514 digna
1683 1463 1869 1503 versibus.
1925 1464 2059 1512 Igitur
2076 1476 2143 1503 seu

316 1523 533 1560 adolescens
552 1522 705 1560 ulturus
722 1520 877 1558 umbras
905 1524 1168 1569 pater-naam
1137 1520 1341 1568 subjiceret
1362 1519 1533 1570 Imperio
1554 1519 1749 1557 Romano
1767 1528 1874 1556 mare
1894 1516 2147 1566 Hispanum,-

315 1586 382 1614 seu
398 1574 619 1613 domiturus
639 1573 834 1612 exercitus
856 1572 1215 1622 Carthaginienses,
1245 1574 1328 1610 ictu
1346 1572 1584 1620 indubitato,
1611 1572 1844 1621 importaret
1859 1569 2005 1608 vexilla
2023 1573 2148 1609 metu-

316 1629 414 1666 enda
432 1627 533 1664 mari
552 1626 722 1676 Libyco;
752 1625 908 1664 Ennius
939 1625 1115 1663 eruditus
1141 1626 1281 1677 affixus
1309 1628 1395 1663 erat
1424 1624 1541 1663 lateri
1574 1624 1682 1675 ejus,
1710 1627 1748 1663 et
1782 1623 1824 1661 in
1857 1622 1967 1661 bellis
1998 1623 2147 1662 cunctis

315 1682 561 1718 consueverat
579 1679 792 1728 irrumpere
809 1678 853 1716 in
869 1677 973 1716 acies
991 1678 1150 1716 medias.
1209 1677 1370 1716 Pedites
1382 1679 1612 1728 plauserunt
1631 1677 1692 1716 illi
1710 1677 1849 1716 Ennio
1864 1676 2042 1715 cantanti
2058 1679 2147 1726 post

319 1732 530 1780 buccinam,
552 1736 591 1770 et
610 1743 723 1782 eques
739 1731 853 1769 idem
874 1730 1036 1769 Ennius
1054 1731 1371 1779 sanguinolentus
1399 1734 1534 1780 strage
1554 1734 1703 1769 recente
1721 1728 1952 1780 praedicavit
1981 1728 2148 1779 Scipio-

317 1797 427 1824 nem.
484 1786 542 1823 Et
560 1797 649 1823 cum
667 1784 735 1822 hic
765 1783 911 1834 Scipio
944 1783 1222 1834 triumpharet,
1258 1783 1502 1833 Carthagine
1533 1783 1677 1835 duplici
1709 1783 1881 1832 subacta,
1912 1782 2147 1834 (subegerat

316 1838 415 1878 hanc
436 1837 684 1890 Hispanam,
716 1842 765 1876 ut
783 1838 888 1876 ultor
903 1837 1036 1887 patris
1056 1837 1136 1888 sui,
1167 1836 1397 1889 subegerat
1424 1838 1533 1876 illam
1552 1837 1749 1888 Libyam,
1781 1842 1830 1876 ut
1862 1837 1975 1875 ultor
2003 1835 2147 1886 patriae

1077 1967 1374 1985 OOOOOOOOOOOO

320 2062 479 2102 Moret.
497 2074 584 2103 sec.
604 2075 660 2104 m.
680 2075 747 2115 pr.
775 2064 883 2103 ducis
914 2064 1010 2103 Pal.
1014 2069 1092 2104 —5
1119 2064 1196 2104 sibi
1214 2068 1333 2104 testes
1350 2065 1457 2117 Reg.
1484 2065 1717 2115 subjungere
1736 2064 1820 2104 duo
1840 2063 1990 2104 Leidd.
2009 2067 2055 2103 et
2073 2074 2147 2102 no-

319 2116 559 2155 vemdecim
581 2117 668 2164 alii,
701 2116 807 2155 Exc.
831 2117 1014 2156 Gevart.
1049 2119 1231 2156 Lucens.
1265 2131 1330 2169 pr.
1364 2118 1431 2157 ed.
1452 2119 1593 2157 Vicet.
1612 2120 1718 2158 Var.
1738 2119 1824 2157 LL.
1860 2117 1932 2156 ed.
1960 2115 2148 2157 Antv.-

321 2173 349 2208 6
376 2169 497 2219 digna
517 2169 624 2216 facit
653 2146 754 2209 'Van
775 2182 862 2209 sec.
898 2170 1008 2221 Reg.
1032 2170 1172 2210 Oxon.
1190 2183 1255 2221 pr.
1259 2174 1338 2210 —7
1377 2171 1507 2221 patris
1542 2172 1646 2220 Reg.
1666 2171 1857 2210 Florent.
1879 2170 2040 2211 Moret.
2061 2181 2150 2209 sec.

319 2222 421 2261 Vat.
441 2228 581 2273 quart.
599 2223 700 2261 Van.
720 2223 806 2262 LL.
841 2235 865 2262 e
882 2235 1015 2274 marg.
1033 2224 1260 2263 Parm.—8
1302 2223 1453 2273 legibus
1471 2223 1539 2262 vel
1558 2223 1716 2273 regibus
1734 2224 1838 2262 Var.
1857 2223 1946 2262 LL.
1967 2235 1991 2261 e
2010 2234 2103 2261 mai
2106 2234 2147 2273 g.

321 2274 549 2314 Parm.—9
595 2276 674 2313 Ceu
692 2276 792 2315 Jun.
815 2288 878 2326 pr.
911 2276 1051 2328 Tyrias
1069 2281 1176 2316 certa
1207 2278 1311 2316 Exc.
1347 2277 1471 2317 Laeti,
1512 2281 1616 2315 certo
1645 2276 1765 2315 Med.
1796 2287 1883 2314 see.
1925 2279 2062 2315 contra
2080 2275 2149 2316 ed.

319 2328 571 2366 Vicet.-ll
617 2332 815 2378 castusque
835 2328 935 2368 Jun.
955 2342 1020 2378 pr.
1053 2329 1195 2369 Oxon.
1231 2333 1428 2368 sem—12
1471 2330 1625 2369 Ennius
1644 2330 1672 2369 i.
1692 2341 1742 2367 m.
1761 2328 1893 2367 obvius
1923 2329 2025 2368 Vat.
2045 2332 2149 2369 tert.

320 2381 491 2418 cominus
508 2381 667 2419 Moret.
690 2393 752 2430 pr.
776 2383 924 2420 emulus
939 2382 1072 2421 Oisel.
1099 2383 1186 2421 vias
1203 2383 1304 2422 Vat.
1320 2394 1407 2422 sec.
1425 2395 1481 2422 m.
1499 2386 1672 2433 piu—13
1703 2382 1795 2420 Illic
1810 2382 1909 2420 Vat.
1927 2393 1992 2432 pr.
2008 2381 2149 2422 Oxou.

320 2445 384 2484 pr.
411 2433 551 2471 siluere
570 2433 728 2472 Moret.
750 2446 815 2483 pr.
843 2434 1114 2485 Laudavitque
1133 2442 1219 2474 vet.
1237 2436 1344 2485 Gyr.
1362 2436 1463 2475 Vat.
1485 2436 1625 2474 Livin.
1645 2436 1750 2474 Exc.
1774 2434 1883 2473 Laeti
1903 2440 1948 2472 et
1967 2435 2148 2475 Lucens.

320 2497 386 2535 pr.
390 2489 497 2525 —14
538 2486 820 2537 Laudabatque
854 2486 937 2525 duo
959 2488 1112 2527 Leidd.
1133 2499 1227 2527 cum
1248 2488 1401 2538 viginti
1422 2489 1587 2528 duobus
1607 2488 1715 2536 aliis,
1749 2488 1856 2525 Exc.
1879 2487 2058 2527 Gevart.
2078 2486 2148 2526 ed.

320 2539 466 2578 Parm.
485 2544 532 2577 et
549 2540 693 2578 vicet.
726 2539 828 2579 Ald.
850 2545 896 2579 et
918 2541 1019 2581 V.ar
1038 2541 1127 2580 LL.
1147 2541 1216 2579 ed.
1238 2541 1340 2580 Ant.
1370 2543 1476 2580 clade
1505 2542 1660 2580 Petav.
1681 2553 1745 2591 pr.
1749 2543 1854 2579 -15
1884 2539 2013 2579 media
2030 2540 2149 2580 Med.

320 2603 408 2631 sec.
429 2604 483 2631 m.
501 2603 566 2643 pr.
606 2592 733 2631 victor
750 2593 910 2633 Thuan.
912 2598 1021 2634 —16
1065 2595 1174 2634 Nam
1190 2594 1336 2633 vindex
1354 2594 1448 2634 Pal.
1477 2593 1608 2643 jadex
1638 2595 1800 2634 Moret.
1817 2605 1882 2646 pr.
1918 2592 2049 2645 patris
2066 2593 2150 2634 duo

1142 2714 1324 2755 NOTAE

322 2803 467 2844 Pieria
486 2804 660 2856 regione
680 2805 964 2858 Macedoniae,
989 2806 1057 2846 vel
1085 2818 1110 2846 a
1129 2806 1199 2846 de-

320 2866 447 2906 victis
476 2867 611 2907 Pierii
638 2867 821 2920 filiabus,
849 2869 986 2922 iisque
1011 2869 1055 2909 in
1079 2869 1199 2922 picas

1267 2810 1405 2846 erant.

1321 2872 1370 2909 11
1403 2867 1593 2908 Haerebat
1609 2867 1762 2919 doctus]
1789 2868 1953 2908 Ennius
1973 2871 2060 2908 tam
2081 2880 2150 2909 ea-

322 2931 553 2969 conversis.

374 2996 398 3030 5
429 2992 586 3042 Musas]
628 2994 778 3033 Virtus
813 2999 926 3033 amat
960 2995 1105 3035 Musas
1135 2995 1200 3035 sui

321 3054 607 3105 spectatrices
626 3060 670 3092 et
689 3055 965 3094 laudatrices.

374 3119 401 3155 6
430 3117 594 3155 Carmen
612 3116 738 3166 amat]
767 3118 823 3156 Et
843 3121 961 3157 certe
983 3120 1090 3159 tales
1110 3119 1203 3160 fue-

322 3185 423 3218 rnnt
441 3176 706 3227 Alexander,
735 3179 876 3219 Julius
906 3185 950 3219 et
982 3180 1201 3234 Augustus

324 3240 483 3290 caesar,
502 3245 545 3279 et
567 3240 639 3279 alii
657 3240 797 3291 magni
816 3241 997 3281 Heroas.

375 3304 404 3340 9
436 3300 599 3353 Tyrias]
626 3302 749 3341 Vires
769 3303 1201 3356 Carthaginiensium,

324 3361 397 3416 qui
410 3374 464 3403 ex
479 3362 586 3404 urbe
599 3364 716 3416 Tyro
731 3363 775 3404 in
782 3364 1005 3407 Phoenicia
1015 3366 1202 3420 profecti

1266 2943 1335 2971 rus
1373 2929 1458 2971 fuit
1491 2930 1703 2971 Africano
1741 2935 1790 2970 ut
1836 2937 2027 2970 mortuus
2058 2931 2150 2982 ejus

1267 2994 1466 3045 sepulcro
1501 2994 1558 3033 sit
1593 2995 1752 3033 illatus.
1796 2993 2004 3034 Ovidius:
2033 2994 2046 3016 ‘
2065 2995 2152 3034 En-

1267 3056 1362 3095 nius
1395 3055 1567 3106 ingenio
1605 3055 1828 3103 maximus,
1877 3060 1970 3094 arte
2007 3055 2154 3096 rudis?

1268 3117 1355 3157 Hic
1388 3116 1596 3155 docuerat
1623 3116 1830 3155 Catonem
1847 3117 2061 3167 Majorem
2089 3119 2149 3158 vi-

1269 3191 1361 3219 rum
1381 3178 1693 3218 doctissimum.

1325 3244 1375 3281 12
1404 3240 1471 3279 Ire
1490 3239 1619 3290 tubas]
1648 3240 1808 3279 Ennius
1826 3239 1910 3280 fuit
1925 3242 2150 3296 Centurio,

1270 3310 1316 3346 et
1334 3317 1449 3345 arma
1467 3317 1564 3343 cum
1584 3304 1708 3343 laude
1730 3305 1844 3353 tulit.

1323 3372 1373 3409 15
1406 3368 1575 3412 Gemina
1609 3366 1873 3420 Carthagine]
1912 3370 2151 3426 Utramque
