2300 3906
570 209 634 248 1N
680 211 720 249 1.
761 211 935 252 coNs.
975 211 1248 252 STILIOH.
1291 213 1413 254 Lm.
1455 214 1494 253 1.
1831 209 1942 264 609

121 323 375 390 Armiger
400 329 454 376 et
480 325 886 383 viridifloreret
904 331 1072 384 milite
1096 332 1302 384 sulcus.

124 407 255 458 Hoc
282 424 501 475 quoque
526 424 640 459 non
665 426 841 475 parva
865 414 951 466 fas
976 420 1063 468 est
1087 432 1215 467 cum
1238 416 1399 469 laude
1422 416 1674 486 relinqui,
1838 420 1945 473 325

124 490 291 553 Quod
317 506 428 541 non
453 495 581 543 ante
603 491 754 544 fretis
781 498 1062 550 exercitus
1087 499 1262 551 astitit
1284 500 1445 564 ultor,

124 572 329 624 Ordine
355 588 523 640 quam
547 575 734 640 prisco
761 584 1011 632 censeret
1041 581 1190 632 bella
1214 581 1471 634 Senatus,

126 655 457 723 Neglectum
482 657 755 712 Stilichon
772 678 867 728 per
890 666 977 715 tot
1005 663 1128 731 jam
1153 664 1364 716 saecula
1386 681 1591 720 morem

125 738 353 804 Retulit,
383 746 444 794 ut
468 740 707 794 ducibus
731 745 1057 798 mandarent
1081 748 1278 814 praelia
1303 747 1520 813 PatreS,

124 823 477 894 Decretoque
502 830 648 893 togae
686 826 822 879 felix
844 828 1154 895 legionibus
1179 832 1284 882 iret
1844 837 1951 890 330

125 906 376 963 Tessera.
452 910 759 964 Romuleas
782 912 929 978 leges
952 913 1184 966 rediisse
1208 914 1441 968 fatemur
1460 933 1475 982 ;

127 991 266 1044 Cum
290 1010 570 1061 procerum
602 996 778 1063 jussis
796 996 1118 1050 famulantia
1142 1000 1416 1051 cernimus
1442 1016 1612 1053 arma.

124 1076 463 1145 Tyrrhenum
482 1082 705 1146 poteras
742 1079 954 1147 junctis
979 1083 1345 1135 transmittere
1369 1085 1559 1150 signis,

126 1160 201 1214 Et
223 1162 435 1214 ratibus
463 1162 670 1231 SyrteS,
691 1164 928 1233 Libyam
954 1168 1237 1234 complere
1259 1168 1538 1236 manipliS.
1846 1219 1849 1223 ,

129 1244 376 1299 Consilio
402 1248 551 1299 stetit
574 1248 659 1300 ira
679 1249 886 1314 minor;
925 1266 996 1301 ne
1020 1251 1238 1303 territus
1263 1250 1374 1314 ille,
1849 1253 1958 1307 335

128 1425 275 1466 casside
309 1425 471 1475 oriente,
500 1431 540 1466 et
575 1439 733 1478 campus
764 1427 930 1476 armifer
965 1429 1214 1481 effloresceret
1250 1427 1442 1468 militibus
1474 1427 1679 1468 viridibus.
1750 1429 1842 1469 Non
1870 1430 1962 1470 licet

127 1479 247 1520 etiam
265 1480 335 1519 hoc
354 1480 535 1520 omittere
571 1482 719 1520 modice
753 1481 998 1529 illaudatum,
1017 1484 1115 1534 quod
1148 1482 1344 1522 exercitus
1373 1482 1517 1521 vindex
1546 1494 1622 1521 non
1651 1482 1765 1533 prius
1794 1482 1962 1523 intravit

129 1545 252 1583 mare,
267 1545 383 1583 quam
403 1533 572 1573 Senatus
589 1536 809 1574 decerneret
826 1535 962 1575 bellum
982 1548 1060 1586 pro
1079 1548 1184 1575 more
1201 1536 1374 1585 antiquo.
1430 1534 1596 1574 Stilicho
1610 1535 1786 1574 restituit
1804 1549 1959 1576 consue-

129 1586 305 1626 tudinem
329 1591 499 1637 spretam
515 1587 606 1635 jam
620 1600 694 1638 per
713 1593 771 1627 tot
790 1601 923 1638 annos,
942 1593 985 1627 ut
1020 1588 1228 1627 Senatores
1255 1588 1538 1627 committerent
1562 1590 1776 1628 certamina
1793 1591 1964 1629 ductori·

131 1639 217 1690 bus,
237 1643 276 1678 et
293 1641 479 1679 mandata
504 1639 646 1688 fausta
667 1639 873 1688 ferrentur
898 1643 949 1680 ad
976 1641 1144 1691 legiones
1180 1642 1531 1681 Senatasconsulto.
1590 1642 1831 1694 Confitemur
1849 1654 1962 1682 nunc

132 1694 237 1742 leges
265 1693 461 1732 Romanas
478 1706 558 1732 esse
584 1694 803 1743 restitutas,
833 1694 1023 1745 siquidem
1051 1694 1226 1734 videmus
1251 1706 1369 1733 arma
1389 1694 1544 1733 cedere
1575 1699 1688 1745 togae
1724 1695 1963 1736 Primorum.

131 1746 195 1784 Τιι
213 1745 366 1785 valebas
383 1746 568 1794 traJ‘icere
588 1759 704 1786 mare
729 1747 919 1787 Thuscum
939 1747 1094 1787 vexillis
1111 1747 1339 1796 coniunctis,
1372 1752 1411 1786 et
1447 1748 1594 1798 replere
1625 1747 1765 1799 Syrtes
1782 1748 1962 1798 navibus,

132 1801 171 1838 et
189 1798 358 1850 Libyam
387 1799 614 1849 legionibus.
669 1799 755 1840 Sed
784 1802 845 1840 ira
866 1806 941 1840 tua
971 1801 1140 1840 coercita
1166 1805 1226 1840 est
1254 1799 1502 1852 prudentia,·
1542 1812 1590 1840 ne
1605 1800 1670 1840 ille
1690 1801 1820 1841 Gildo
1848 1813 1966 1853 pave-

903 1906 1201 1921 OOOOOOOOOO

135 1970 296 2011 Thtian.
334 1971 496 2011 Mazar.
529 1971 676 2012 Ambr.
698 1985 762 2023 pr.
802 1973 903 2013 Pat.
938 1974 1108 2013 Tholos.
1140 1973 1223 2013 duo
1258 1974 1419 2014 Moret.
1450 1973 1629 2015 totidem
1668 1974 1824 2013 Petav.
1861 1974 1965 2015 Jun.

135 2037 201 2077 pr.
235 2026 339 2065 Lov.
367 2026 555 2075 Armiger
588 2027 658 2066 vel
689 2026 866 2075 Armiser
894 2027 1015 2066 Prie.
1053 2027 1178 2066 limite
1209 2028 1310 2067 Vat.
1347 2031 1568 2067 sem-325
1600 2028 1688 2066 Hos
1725 2027 1843 2066 Med.
1863 2032 1967 2068 tert.

137 2078 240 2118 Haec
277 2079 374 2118 Vat.
413 2092 478 2130 pr.
519 2084 562 2118 et
603 2079 740 2131 quint.
817 2080 920 2118 Haec
954 2092 1099 2131 quoque
1131 2093 1216 2119 cum
1261 2093 1304 2131 p.
1344 2079 1416 2128 sas
1450 2084 1509 2119 est
1552 2092 1629 2119 non
1670 2081 1697 2119 l.
1741 2092 1776 2119 r.
1824 2080 1970 2121 Oxou.

137 2143 222 2171 sec.
267 2143 337 2171 nec
370 2144 493 2182 parva
514 2133 676 2171 Mazar.
703 2145 827 2183 pauca
863 2134 958 2172 Pal.
1004 2146 1090 2172 cum
1123 2146 1246 2185 parva
1269 2132 1340 2181 sas
1375 2146 1452 2172 non
1479 2137 1537 2172 est
1578 2132 1728 2172 Ambr.
1766 2137 1969 2184 pr.—-326

136 2184 293 2224 abstitit
331 2185 427 2225 Pal.
457 2185 622 2225 Thuan.
652 2186 773 2227 Med.
807 2199 871 2237 pr.
913 2186 1049 2238 adficit
1080 2187 1188 2226 Exc.
1217 2187 1329 2226 Laeti
1360 2199 1415 2227 m.
1441 2199 1502 2238 pr.
1547 2187 1705 2226 exstitit
1732 2188 1834 2226 Vat.
1868 2192 1972 2229 tert.

138 2237 254 2278 Prie.
288 2239 617 2280 Florent.—327
645 2251 757 2291 quem
798 2241 926 2291 prisco
958 2241 1052 2279 Pal.
1093 2240 1256 2279 sentiret
1294 2241 1453 2280 Moret.
1486 2252 1550 2292 pr.
1590 2244 1761 2279 censeret
1790 2241 1971 2280 Rott.—

138 2294 217 2331 328
246 2292 477 2342 Neglectam
495 2293 615 2332 Med.
637 2306 702 2344 pr.
750 2298 810 2332 tot
826 2294 913 2342 jam
934 2306 1009 2344 per
1025 2295 1151 2334 secula
1171 2294 1272 2333 Put.
1293 2294 1449 2333 Petav.
1471 2306 1557 2333 sec.
1578 2294 1686 2332 Exc.
1709 2294 1822 2334 Laeti
1842 2298 1887 2333 et
1901 2293 1971 2335 ed.

140 2344 288 2384 Parm.
324 2358 397 2396 per
417 2349 473 2385 tot
490 2346 578 2395 J’am
607 2347 734 2386 secula
755 2347 874 2387 Leid.
905 2359 969 2398 pr.
998 2352 1044 2386 et
1072 2346 1313 2386 octodecim
1334 2347 1420 2396 alii,
1447 2347 1552 2386 Exc.
1582 2347 1764 2385 Lucens.
1784 2358 1849 2397 pr.
1868 2345 1973 2388 Ald.

141 2403 187 2437 et
207 2397 274 2438 ed.
294 2399 570 2439 vicet—330
590 2399 715 2449 fretis
742 2400 958 2449 legionibus
975 2399 1075 2440 Jun.
1103 2412 1167 2451 pr.
1189 2399 1298 2446 felix
1327 2400 1394 2438 vel
1412 2397 1535 2446 fretis
1551 2398 1693 2438 Oxon.
1714 2410 1798 2438 sec.
1843 2400 1973 2448 regio·

141 2451 258 2490 nibus
275 2451 516 2491 Low—331
551 2453 708 2492 Tessera
729 2454 824 2492 Pal.
856 2454 962 2492 Exc.
991 2453 1117 2493 Laeti.
1148 2453 1312 2492 Tessara
1331 2464 1476 2490 omnes
1494 2453 1614 2490 Vatt.
1644 2451 1746 2490 Ῑιον.
1774 2451 1975 2491 Romuleae

140 2505 245 2553 leges
262 2505 410 2543 rediere
431 2510 517 2544 vet.
545 2505 652 2555 Gyr.
675 2507 783 2544 Exc.
819 2507 1001 2545 anens,
1034 2517 1117 2545 sec.
1145 2516 1331 2544 remeasse
1360 2505 1519 2545 Moret.
1539 2516 1603 2555 pr.
1636 2504 1740 2544 item
1772 2504 1905 2544 Gesn.
1926 2508 1974 2544 et

143 2556 211 2595 ed.
246 2557 556 2607 Bipont.—332
583 2562 740 2607 patrum
756 2558 881 2606 jussis
911 2558 1031 2598 Med.
1064 2563 1203 2610 quart.
1221 2557 1336 2606 ,iussu
1359 2558 1459 2597 Vat.
1494 2557 1630 2608 quint.
1660 2558 1820 2597 Moret.
1853 2570 1974 2609 pr.—

143 2613 223 2649 333
256 2610 312 2648 Tu
336 2610 484 2648 Renum
499 2610 527 2650 J
533 2622 600 2648 nn.
619 2623 683 2661 pr.
708 2616 865 2662 poteras
889 2611 1018 2650 Gesn.
1047 2618 1092 2650 et
1111 2610 1179 2650 ed.
1200 2611 1375 2661 Bipont.
1404 2610 1553 2649 cunctis
1570 2622 1716 2650 omnes
1735 2612 1854 2650 Vatt.
1875 2610 1973 2650 Pal.

144 2664 271 2702 Farn.
291 2663 407 2701 Prie.
429 2665 548 2702 Rott.
583 2665 689 2704 Exc.
711 2665 835 2704 Laeti.
862 2665 1011 2703 cunctis
1030 2665 1097 2703 vel
1115 2664 1269 2712 junctis
1288 2664 1398 2715 Reg.
1427 2667 1692 2703 transcurrere
1710 2664 1831 2703 Leid.
1853 2676 1975 2713 pr.—

145 2718 225 2755 334
253 2716 398 2755 Sirtim
418 2717 671 2756 Pric.—335
701 2717 763 2756 ira
781 2730 897 2757 ruens
915 2719 1015 2757 Vat.
1035 2730 1098 2769 pr.
1119 2717 1212 2755 Pal.
1233 2717 1369 2756 Oisel.
1390 2717 1474 2756 duo
1496 2716 1614 2757 Med.
1632 2717 1791 2757 Thuan.
1812 2718 1975 2759 Mazar.

145 2768 247 2810 Jun.
266 2782 331 2820 pr.
355 2770 498 2810 Oxou.
520 2781 604 2810 sec.
624 2782 679 2809 m.
702 2783 767 2821 pr.
797 2772 902 2810 Exc.
923 2770 1029 2811 Cod.
1062 2771 1212 2810 Rhem.
1242 2782 1356 2809 ruens
1376 2771 1444 2809 vel
1465 2771 1590 2810 minor
1608 2771 1707 2812 Vat.
1730 2776 1833 2810 tert.
1856 2769 1974 2810 Prie.

144 2821 349 2863 Heinsius
368 2836 484 2863 ruens
503 2824 685 2876 legebat.
712 2836 781 2864 nec
796 2825 959 2864 territus
977 2825 1103 2864 Farn.
1119 2823 1233 2864 Prie.
1253 2825 1373 2863 Rott.
1396 2823 1498 2864 Put.
1514 2824 1619 2864 Lov.
1639 2825 1805 2864 Bonon.
1821 2822 1974 2864 Ambr.

966 2945 1148 2987 NQTAE

204 3043 282 3080 330
310 3040 550 3091 Decretoque
582 3039 703 3090 togoe]
732 3041 925 3079 Decreto
955 3038 1029 3078 Se·
1151 3041 1231 3079 334
1260 3037 1420 3090 Syrtes]
1452 3037 1660 3078 Geminas
1694 3036 1843 3089 Libyae
1875 3036 1978 3088 Syr-

151 3108 362 3156 natorum,
382 3118 458 3145 seu
479 3104 639 3144 ordinis
667 3105 821 3157 togati,
852 3116 926 3144 seu
955 3103 1031 3143 Se·
1099 3106 1180 3151 tes,
1201 3102 1270 3140 vel
1302 3101 1446 3153 potius
1479 3101 1571 3140 loca
1602 3099 1801 3151 Syrtibus
1821 3099 1978 3140 vicina.

152 3169 486 3209 natusconsulto.
1097 3166 1247 3216 Syrtes
1267 3170 1367 3204 sunt
1386 3165 1482 3205 loca
1513 3164 1770 3216 periculosa,
1801 3162 1879 3203 ἀπὸ
1908 3163 1980 3202 τοῦ

205 3233 283 3270 331
314 3232 491 3284 Tessera]
535 3231 711 3271 'Fabella
740 3233 783 3271 in
817 3245 902 3285 qua
935 3244 1034 3272 con·
1099 3227 1248 3280 σύρειν,
1277 3240 1302 3267 a
1331 3227 1533 3278 trahendo,
1554 3227 1669 3279 quod
1700 3228 1820 3267 velut
1850 3238 1979 3266 naves

157 3291 364 3333 tineretur
380 3295 624 3334 mandatum
646 3296 844 3336 Senatus.
1101 3291 1274 3332 trahere
1307 3291 1561 3340 videantur;
1607 3291 1675 3331 vel
1703 3291 1845 3342 potius
1863 3287 1978 3341 quod

211 3357 289 3394 333
316 3356 475 3396 Junctis
504 3358 650 3409 signis]
693 3359 944 3411 Conjunctis
973 3359 1033 3398 le·
1099 3355 1248 3407 Syrtes
1267 3355 1353 3394 sint
1372 3355 1481 3405 loca,
1508 3355 1552 3394 in
1569 3366 1666 3407 quae
1699 3354 1859 3402 limum,
1887 3362 1979 3391 are-

160 3418 372 3472 gionibus.
1098 3431 1214 3473 nam,
1232 3423 1278 3460 et
1291 3430 1396 3460 saxa
1413 3416 1568 3459 fluctus
1588 3416 1774 3458 trahunt.

264 3486 413 3539 Πειρη.
427 3489 465 3527 et
489 3484 583 3528 var.
605 3489 711 3531 cuns.
1009 3489 1151 3530 czaua.
1790 3483 1816 3519 ²
1830 3480 1870 3522 Q
