2300 3906
336 228 451 282 ’884

342 358 520 413 Eoum
547 356 735 411 stabili
759 353 1072 407 moderatus
1085 349 1209 419 jure
1238 350 1513 404 Senatum.

343 443 462 496 Hic
489 441 746 510 splendor
762 437 972 506 juveni.
1047 433 1340 486 Cunabula
1365 436 1544 502 prima
1568 435 1768 505 puellae

344 526 640 581 Danubius
662 526 977 589 veteresque
1001 519 1200 571 Tomi:
1241 517 1522 571 Mavortia
1545 521 1738 572 matris

343 610 619 663 Nobilitas
644 606 842 673 spoliis
869 605 1147 671 armisque
1174 604 1389 655 exultat
1416 603 1602 667 avitiS,

343 694 790 757 Immensamque
815 689 980 742 trahit
1003 687 1238 759 Celerini
1259 688 1451 739 robore
1476 687 1675 752 lucem,

344 776 461 840 Qui
487 774 764 843 quondam
790 773 1020 825 Meroen
1037 772 1237 840 jussus
1259 770 1566 838 Nilumque
1592 772 1749 835 tueri,

346 860 487 913 Cum
513 859 637 921 sibi,
661 862 790 926 post
814 859 996 909 obitus
1021 861 1076 908 et
1104 855 1370 908 Parthica
1391 855 1620 908 fulmina
1645 855 1791 920 Cari,

879 234 974 276 GL.
1013 232 1367 274 CLAUDIANI
1410 232 1603 274 XXXI.

2094 519 2167 573 70

346 967 570 1016 anmjure
584 971 785 1018 perpetuo.
843 967 946 1005 Haec
978 972 1044 1006 est
1076 965 1257 1005 nobilitas
1279 966 1453 1015 juvenis.
1509 966 1615 1006 Ister
1632 971 1670 1006 et
1693 967 1806 1006 Tomi
1820 969 1965 1005 veteres
1992 964 2168 1004 fuerunt

340 1023 481 1073 primoe
498 1033 605 1059 cunoe
630 1020 810 1069 Virginis
829 1019 1041 1059 Celerinae
1059 1033 1069 1059 :
1099 1020 1261 1059 claritas
1278 1020 1369 1071 ejus
1390 1020 1538 1058 Matris
1556 1020 1709 1059 Martia
1726 1020 1942 1071 triumphat
1960 1017 2111 1058 exuviis
2129 1021 2170 1056 et

337 1075 461 1123 factis
479 1073 646 1113 bellicis
663 1086 837 1122 avorum,
856 1077 895 1112 et
923 1074 1082 1113 deducit
1108 1074 1346 1122 splendorem
1373 1073 1565 1112 insuetum
1584 1086 1637 1113 ex
1655 1075 1871 1113 constantia
1895 1071 2082 1120 Celerini,
2102 1071 2170 1121 qui

343 1130 433 1168 olim
440 1127 576 1177 ,iussus
586 1126 790 1176 defendere
802 1127 967 1167 Meroe'n
985 1131 1025 1167 et
1046 1128 1199 1178 Nilum,
1217 1131 1398 1177 cumpost
1418 1131 1579 1167 mortem
1601 1127 1699 1167 Cari
1718 1126 1992 1179 Imperatoris
1998 1124 2171 1174 fulmine

1107 1248 1403 1263 OOOOOOOOOOO

344 1334 444 1376 vat.
463 1339 604 1387 quart.
624 1335 719 1374 Pal.
743 1340 831 1375 tres
850 1336 968 1377 Med.
997 1339 1124 1377 tenuis
1139 1339 1240 1378 Vat.
1263 1345 1364 1379 tert.
1399 1338 1526 1378 tenuit
1546 1337 1630 1377 duo
1650 1335 1766 1376 Med.
1798 1335 1883 1374 inc.
1903 1332 2051 1372 Heius.
2070 1330 2172 1370 Put.

345 1389 510 1428 Bonon.
531 1388 616 1427 duo
637 1389 790 1428 Petav.
810 1389 893 1428 duo
914 1391 1060 1431 Ambr.
1093 1392 1257 1433 Buslid.
1280 1393 1384 1433 Cod.
1413 1392 1561 1443 Epigr.
1596 1389 1741 1430 Ambr.
1773 1390 1873 1427 Vat.
1904 1385 2043 1425 Livin.
2065 1385 2171 1424 Exc..

345 1441 442 1480 Pat.
462 1453 547 1481 rec.
565 1442 748 1492 Lucens.
768 1454 831 1491 pr.
848 1443 1002 1483 Sched.
1023 1443 1244 1484 Gna-os
1271 1445 1433 1484 stabulis
1453 1444 1624 1483 videtur
1657 1443 1787 1483 fuisse
1818 1441 1861 1479 in
1887 1439 2008 1478 Med.
2028 1449 2093 1489 pr.
2123 1443 2173 1476 ut

344 1507 405 1533 vs.
423 1498 488 1534 85.
509 1495 620 1534 unde
640 1495 786 1533 stabuli
802 1496 1064 1545 conjiciebat
1085 1497 1303 1537 Heinsius.
1332 1500 1570 1535 moderatum
1588 1495 1682 1533 Pal.
1699 1495 1783 1533 duo
1802 1492 1923 1531 Med.
1951 1492 2173 1530 moderatur

345 1547 468 1587 Rott.
487 1548 587 1586 Put.
607 1548 705 1586 Var.
730 1547 816 1586 LL.
837 1548 904 1585 ed.
925 1546 1313 1596 Antv.-693·uveni
1330 1554 1417 1588 tres
1437 1550 1560 1587 Vatt.
1578 1546 1758 1587 totidem
1778 1546 1896 1585 Med.
1915 1544 1999 1584 inc.
2021 1543 2172 1582 Heius.

344 1601 446 1639 Pnt.
468 1600 631 1638 Bonon.
665 1600 747 1638 duo
777 1599 928 1639 Petav.
964 1600 1050 1639 duo
1078 1599 1231 1640 Ambr.
1252 1601 1416 1641 Buslid.
1436 1601 1543 1641 Cod.
1564 1601 1713 1651 Epigr.
1733 1598 1885 1639 Ambr.
1906 1597 2047 1637 Ursin.
2063 1597 2171 1636 Exc.

344 1652 443 1691 Pat.
457 1664 546 1691 rec.
564 1653 746 1691 Lucens.
769 1664 834 1702 pr.
854 1652 1010 1693 Sched.
1031 1654 1146 1693 Gud.
1169 1654 1353 1702 juvenem
1372 1655 1508 1695 Oisel.
1527 1653 1716 1702 juvenum
1735 1654 1835 1692 Vat.
1854 1653 2062 1690 terh—'70
2089 1649 2175 1689 Da-

344 1705 451 1744 nubii
471 1710 617 1744 veteres
631 1705 796 1747 thalami
815 1705 981 1744 Buslid.
1026 1711 1172 1746 veteres
1194 1707 1302 1746 Tomi
1320 1708 1424 1748 Put.
1444 1708 1598 1746 Movet.
1620 1719 1683 1757 pr.
1731 1709 1875 1745 veteres
1893 1702 2057 1742 thalami
2076 1702 2175 1742 Pal.

343 1758 428 1796 duo
447 1758 567 1796 Med.
614 1757 766 1796 Martis
782 1770 859 1809 pro
875 1760 1012 1797 matris
1033 1759 1127 1799 Pal.
1150 1761 1266 1801 Med.
1287 1761 1371 1800 duo
1399 1766 1444 1800 et
1463 1760 1569 1801 eod.
1590 1760 1734 1799 Ursin.
1781 1757 1913 1798 Marti
1932 1757 2088 1797 Mol-et.
2111 1767 2174 1807 pr.

342 1814 447 1850 —71
466 1812 670 1862 spoliisque
683 1810 775 1849 Pal.
793 1811 877 1850 duo
893 1811 1090 1853 Med.-7
1095 1817 1121 1852 2
1139 1814 1312 1853 Celerini
1333 1815 1452 1854 Med.
1474 1826 1559 1854 sec.
1591 1813 1767 1853 Celerina
1790 1810 1948 1851 Buslid.
1979 1810 2176 1848 Celerenoe

342 1865 508 1904 Bonon.
528 1864 677 1903 Ambr.
700 1877 763 1914 pr.
809 1865 998 1904 Celerinae
1017 1865 1101 1906 duo
1122 1868 1241 1907 Vatt.
1275 1867 1412 1907 Oisel.
1447 1867 1589 1907 Oxon.
1608 1879 1695 1905 sec.
1737 1865 1835 1905 Huc
1855 1863 1968 1903 forte
1986 1861 2175 1902 referen-

343 1917 439 1957 dam
461 1919 638 1968 putabat
666 1918 866 1957 Heinsius
888 1926 1079 1959 veterem
1097 1920 1430 1972 Inscriptionem
1452 1933 1492 1972 p.
1513 1924 1605 1960 150.
1635 1931 1716 1960 mc
1748 1927 1957 1962 QUmsm'r
1980 1926 2028 1955 m
2059 1926 2175 1955 Pscz

343 1991 409 2020 1²1..
431 1991 684 2020 CELERINUS
705 1994 765 2021 vl)
785 1992 1071 2020 SCRINIARLUS
1092 1993 1184 2022 INL.
1203 1993 1430 2023 PATRICIAE
1449 1994 1571 2022 SEms
1590 1993 1693 2022 DEP.
1714 1993 1744 2020 D
1771 1993 1846 2021 1111
1866 1991 1915 2019 1D
1936 1988 2177 2019 NOVEMBR.

930 2034 1030 2042 ..—

344 2054 424 2086 Qui
447 2054 579 2083 vixl'r
599 2054 707 2083 ANN.
727 2055 895 2084 xxxni.
929 2056 1034 2084 ΠΜ.
1067 2055 1147 2083 ΒΝ.
1181 2056 1247 2084 FL.
1283 2055 1631 2085 VALENTINIANO
1665 2056 1732 2084 vu
1765 2056 1821 2084 Εἰ·
1853 2055 2040 2084 nunno.
2062 2055 2090 2083 v
2110 2055 2174 2084 cs.

343 2099 449 2135 —73
481 2096 656 2135 Mer-oiim
682 2098 782 2136 Vat.
815 2109 902 2137 sec.
938 2098 1045 2137 Pais
1061 2097 1146 2136 duo
1170 2097 1432 2138 Petam—74
1465 2100 1565 2137 Cum
1592 2098 1668 2137 sibi
1693 2101 1779 2148 post
1796 2097 1921 2137 obitus
1937 2101 1976 2136 et
1998 2098 2044 2137 P.
2052 2096 2174 2145 sulm.

346 2152 450 2189 Caro
474 2150 577 2188 Exe.
601 2150 784 2188 Lucens.
807 2162 872 2198 pr.
919 2150 998 2194 Qui
1013 2149 1090 2188 sibi
1105 2162 1148 2200 ρ.
1169 2151 1334 2189 domitos
1353 2155 1390 2189 et
1413 2151 1462 2189 Ρ.
1471 2151 1646 2202 flumina
1668 2152 1814 2189 Carros
1830 2149 1992 2189 Buslid.
2018 2163 2091 2202 pro
2110 2151 2178 2190 do-

343 2202 461 2241 mitos
479 2202 580 2241 Put.
606 2206 692 2252 post
710 2203 876 2242 domitas
895 2202 977 2241 duo
998 2202 1118 2243 Med.
1145 2203 1311 2242 domitos
1329 2208 1367 2242 et
1388 2204 1437 2242 P.
1448 2203 1621 2251 fulmina
1643 2204 1785 2242 Canos
1798 2203 1882 2242 duo
1898 2203 2018 2243 Vatt.
2055 2203 2178 2243 domi-

341 2259 405 2294 tas
421 2259 460 2294 et
481 2255 527 2293 P.
538 2254 578 2302 f.
602 2256 749 2294 Carras
776 2254 926 2296 Ambr.
946 2261 1046 2296 tert.
1091 2256 1258 2294 domitas
1291 2258 1342 2295 ad
1371 2257 1562 2295 Parthica
1582 2256 1755 2306 flumina
1785 2257 1932 2294 Carras
1963 2257 2094 2297 Gesn.
2128 2262 2176 2297 et

343 2308 410 2348 ed.
431 2309 606 2358 Bipont.
653 2308 781 2346 obitus
799 2312 839 2347 et
865 2310 964 2348 Vat.
987 2320 1049 2359 pr.
1073 2313 1160 2348 vet.
1182 2308 1289 2359 Gyr.
1333 2309 1500 2347 domitos
1524 2309 1695 2347 Charros
1714 2309 1855 2347 Oxon.
1877 2320 1964 2347 sec.
1999 2309 2174 2357 fulmina

336 2361 536 2402 Parthica
557 2361 660 2399 Caro
689 2362 790 2401 Vat.
825 2361 963 2401 Livin.
1016 2361 1063 2401 P.
1070 2360 1250 2410 fulmina
1272 2362 1375 2400 Caro
1393 2362 1493 2402 Vat.
1515 2374 1578 2414 pr.
1610 2361 1785 2413 flumina
1804 2360 1922 2403 Med.
1942 2374 2006 2415 pr.
2025 2364 2175 2403 Petav.

1175 2469 1351 2511 NOTAE

395 2565 448 2601 68
497 2561 637 2613 Eoum]
685 2562 846 2602 Forsan
886 2562 1103 2603 Palladius
1141 2575 1226 2603 non

341 2624 425 2665 fuit
441 2625 614 2675 Consul,
631 2625 730 2677 quia
750 2626 1008 2666 Consulatus
1029 2638 1112 2665 non
1132 2631 1227 2666 erat

1294 2563 1443 2604 Ovidii
1462 2564 1590 2605 exil‘o
1616 2564 1818 2616 insignis:
1850 2563 1926 2603 sed
1954 2563 2058 2604 licet
2079 2563 2175 2604 bar-

1291 2627 1412 2678 bara,
1432 2634 1574 2669 tamen
1588 2628 1686 2681 quia
1706 2627 1872 2669 Graecis
1890 2627 2086 2679 finitima,
2107 2640 2176 2668 ur-

332 2690 409 2740 jns
446 2688 618 2738 stabile,
654 2688 863 2741 siquidem
900 2690 1074 2740 singulis
1104 2690 1225 2729 annis

340 2752 614 2800 mutabatur;
644 2752 718 2792 sed
741 2751 823 2792 fuit
847 2752 1087 2793 Praefectus
1112 2755 1227 2794 Prae-

342 2814 442 2854 torii
460 2814 666 2865 Orientis,
681 2815 863 2868 ideoque
881 2816 993 2856 rexit
1006 2817 1226 2868 Senatum,

343 2887 419 2915 seu
452 2876 567 2927 ipsos
591 2878 834 2926 Senatores,
857 2892 951 2918 cum
983 2879 1062 2931 ipsi
1089 2880 1228 2919 Palla-

341 2938 413 2978 dio
425 2940 566 2978 omnia
582 2941 807 2980 commissa
823 2941 969 2981 forent
986 2956 995 2981 :
1018 2942 1093 2982 sed
1111 2941 1227 2982 forte

341 3001 474 3042 etiam
501 3002 733 3051 stabiwjus
766 3003 960 3055 designat
987 3005 1100 3055 leges
1121 3005 1226 3045 fixas

337 3063 625 3115 ‚optima-sque,
647 3076 751 3115 quas
773 3066 936 3116 tulerit,
957 3072 1003 3104 et
1021 3067 1102 3107 hoc
1131 3080 1224 3108 sen-

341 3138 390 3166 su
412 3127 553 3177 potnit
573 3138 666 3165 esse
688 3126 861 3166 Consul.

394 3192 448 3229 69
478 3188 561 3227 Hic
579 3188 775 3239 splendor]
804 3191 871 3229 Ex
900 3191 980 3231 hac
1006 3200 1149 3243 gente,
1167 3205 1222 3233 ex

339 3251 421 3291 hoc
438 3256 562 3302 patre
579 3250 983 3303 Palladiusjuvenis
1004 3260 1224 3294 mutuatur

340 3325 462 3354 snum
480 3313 767 3365 splendorem.

393 3378 448 3419 70
479 3376 613 3431 Tomi]
640 3377 752 3417 Urbs
771 3377 979 3419 Getarum
999 3378 1040 3418 in
1061 3380 1221 3431 Ponto,

1294 2691 1486 2732 banitate
1517 2698 1561 2731 et
1594 2692 1815 2732 literarum
1841 2702 1983 2730 amore
2006 2689 2175 2741 claruit,

1293 2759 1339 2793 et
1359 2756 1497 2805 ipsum
1519 2754 1652 2794 coluit
1673 2753 1893 2803 Ovidium,
1913 2753 1987 2806 qui
2011 2753 2072 2793 ibi
2102 2764 2174 2794 co-

1293 2829 1437 2857 ronam
1456 2817 1538 2856 sibi
1561 2828 1769 2856 consensu
1802 2817 1974 2868 publico
2005 2815 2175 2868 imposi-

1295 2885 1398 2929 tam,
1421 2881 1538 2919 velut
1555 2879 1766 2930 diadema,
1784 2879 1931 2930 gessit.

1347 2943 1515 2995 Matris]
1544 2941 1628 2981 Alii
1657 2943 1806 2993 legunt
1834 2940 1986 2988 Patris,
2003 2939 2174 2980 dicunt-

1293 3017 1376 3057 que
1396 3005 1636 3045 Celerinam
1659 3008 1858 3055 parentes
1871 3002 2068 3042 habuisse
2087 3004 2173 3045 To·

1291 3069 1473 3108 mitanos
1502 3079 1579 3106 seu
1617 3067 1779 3114 Getas3
1827 3064 1939 3104 unde
1972 3070 2017 3105 et
2054 3071 2172 3107 ortus

1289 3130 1380 3182 ipse
1400 3126 1596 3168 Stilicho.

1343 3196 1395 3231 73
1426 3191 1602 3241 Mero‘e'n,
1636 3190 1794 3242 Nilum]
1843 3190 1982 3242 Supra
2013 3191 2172 3245 saepius

1291 3253 1346 3294 de
1366 3254 1444 3293 his.

1342 3321 1395 3358 74
1425 3316 1614 3356 Parthica
1639 3316 1831 3368 fulmina]
1869 3317 1977 3358 Post
2007 3318 2171 3360 obitum

1289 3379 1391 3420 Cari
1428 3379 1709 3431 Imperatoris
1746 3379 1801 3419 ad
1849 3380 2171 3434 Ctesiphontem
