2300 3906
301 191 410 254 864

302 331 650 385 Commotum
677 328 948 382 Flaccilla
969 328 1168 389 virum,
1197 331 1258 378 tu
1284 328 1403 397 sola
1428 328 1748 382 frementem

302 415 588 484 Frangere,
615 421 673 467 tu
698 412 903 465 blando
928 415 1154 479 poteras
1181 422 1433 463 sermone
1459 412 1683 465 mederi.

300 499 581 568 Alloquiis
606 498 816 550 haerere
846 496 956 547 tuis
986 512 998 547 ε
1052 498 1266 546 secreta
1291 494 1446 546 fideli
1470 494 1506 530 *
1530 495 1565 530 *
1586 495 1621 529 *

298 584 496 637 Prisca
521 582 793 650 puellares
817 580 1122 633 reverentia
1146 579 1387 630 transilit
1411 595 1601 632 annoS.

302 667 434 721 Non
459 668 622 718 talem
645 665 854 718 Triviae
879 664 1090 717 confert
1113 663 1372 716 laudator
1398 663 1680 717 Homerus

301 750 537 803 Alcinoo
563 750 799 816 genitam
821 767 832 801 :
873 765 1017 816 quae,
1045 747 1175 799 dum
1201 763 1303 815 per
1325 747 1514 800 littora
1539 754 1725 801 vestes

300 834 582 902 Explicat,
610 837 664 884 et
690 832 930 884 famulas
955 835 1182 883 exercet
1204 832 1342 883 laeta
1362 832 1613 895 choreas,

301 918 573 971 Auratam
595 916 850 984 jaculata
874 917 1067 983 pilam,
1092 921 1226 984 post
1250 916 1520 984 naufraga
1546 919 1727 971 somni

867 215 963 252 CL.
1003 209 1357 251 CLAUDIANI
1399 204 1596 252 XXIX.

2036 583 2144 636 140

302 1093 370 1133 bas
383 1094 539 1145 placare
556 1106 650 1133 eum
660 1093 927 1144 frendentem,
945 1099 985 1134 et
1018 1095 1141 1135 lenire
1169 1097 1283 1135 hunc
1317 1094 1446 1135 verbis
1477 1093 1728 1135 mollioribus.
1784 1094 1866 1134 Ille
1890 1099 1997 1135 stare
2026 1096 2146 1136 dictis

301 1148 381 1186 tuis
404 1147 572 1187 solebat
592 1162 601 1187 :
643 1153 793 1187 secreta
811 1148 930 1201 fideli
954 1149 978 1172 *
996 1148 1020 1172 *
1037 1149 1077 1189 *.
1125 1150 1334 1190 Veneratio
1364 1149 1528 1200 antiqua
1557 1153 1716 1199 superat
1731 1152 1889 1187 aetatem
1904 1149 2140 1198 virgineam.

301 1201 498 1240 Homerus
512 1202 751 1252 praedicator
768 1214 845 1240 non
863 1202 1006 1241 tribuit
1024 1203 1171 1242 Dianoe
1191 1205 1309 1242 talem
1326 1206 1461 1241 natam
1478 1201 1642 1242 Alcinoo
1666 1201 1925 1252 Nausicaan,
1940 1215 2026 1253 quoe
2053 1204 2146 1242 dum

300 1254 488 1304 expandit
510 1254 740 1293 vestimenta
768 1267 841 1305 per
871 1256 1025 1306 littora,
1047 1259 1086 1295 et
1105 1256 1244 1295 hilaris
1274 1260 1429 1295 exercet
1458 1255 1592 1294 choros
1621 1255 1698 1294 sibi
1728 1254 1958 1304 servientes,
1989 1255 2146 1295 vibrans

300 1319 460 1347 auream
470 1308 606 1359 pilam,
626 1319 723 1347 eum
737 1308 922 1348 extimuit
941 1309 1117 1360 Ulyssem
1135 1309 1451 1360 naufragantem,
1469 1320 1666 1358 egressum
1679 1312 1768 1359 post
1786 1308 1956 1359 quietem
1974 1309 2145 1356 exfron-

1073 1416 1369 1431 OOOOOOOOOOO

298 1481 436 1520 timore
455 1493 534 1532 pro
552 1482 708 1521 timeret
727 1482 888 1522 Moret.
909 1494 974 1533 pr.
1004 1482 1185 1521 timerent
1206 1481 1289 1520 dno
1312 1480 1431 1520 Med.
1462 1483 1657 1520 tumerent
1675 1479 1909 1520 Pata-13⁷
1928 1481 2146 1521 commovit

299 1533 467 1573 Buslid.
498 1535 664 1573 Plaeilla
680 1534 829 1573 Ambr.
852 1539 957 1574 tert.
997 1533 1171 1573 Faecilla
1189 1533 1342 1573 Petav.
1359 1545 1447 1572 sec.
1461 1534 1564 1573 Var.
1580 1533 1666 1572 LL.
1695 1532 1763 1573 ed.
1779 1531 1910 1572 Antv.
1928 1531 2147 1580 frementes

298 1586 398 1626 Vat,
428 1599 493 1637 pr.
528 1586 595 1626 ed.
628 1587 905 1626 Parm.—-—138
929 1591 1090 1637 poteras
1119 1586 1258 1624 blando
1286 1585 1428 1625 Oxou.
1458 1597 1546 1625 sec.
1589 1584 1735 1625 morari
1767 1597 1845 1637 pro
1872 1586 2019 1625 mederi
2039 1586 2146 1629 citat

299 1639 507 1678 Heinsius
528 1652 550 1677 e
576 1640 683 1679 Mss.
704 1639 781 1678 sed
797 1651 820 1678 e
842 1639 1010 1690 quibus,
1038 1650 1122 1677 non
1152 1639 1426 1690 ascripserat.
1508 1639 1562 1678 eli
1590 1639 1783 1679 Florent.
1813 1645 1903 1678 tres
1924 1639 2043 1681 Med.
2060 1640 2145 1681 inc.

299 1691 450 1731 Heius.
482 1692 586 1731 Pnt.
612 1693 781 1732 Thuan.
814 1693 979 1731 Bonon.
1014 1692 1098 1731 duo
1128 1691 1280 1731 Petav.
1312 1693 1398 1731 duo
1474 1692 1583 1731 mbr.
1608 1693 1765 1732 Moret.
1787 1704 1853 1743 pr.
1887 1692 2029 1733 Oxon.
2055 1706 2144 1735 sec.

300 1744 469 1783 Buslid.
489 1746 596 1784 Exc.
616 1744 719 1784 Pat.
745 1757 831 1785 rec.
853 1746 1036 1784 Lucens.
1055 1757 1119 1796 pr.
1135 1743 1237 1784 Ald.
1258 1751 1303 1785 et
1318 1745 1387 1785 ed.
1409 1746 1553 1785 Parm.
1569 1745 1706 1798 fidelis
1723 1746 1850 1786 Vien.
1870 1747 1970 1785 Bas.
2000 1747 2147 1790 Plant.

300 1797 422 1837 Clav.
452 1798 604 1837 Barth.
626 1798 760 1839 Gesn.
790 1803 835 1838 et
856 1798 923 1838 ed.
954 1799 1128 1850 Bipont.
1149 1799 1351 1838 Heinsius
1383 1799 1451 1838 hic
1479 1800 1626 1838 deesse
1661 1798 1857 1850 quaedam
1888 1798 2146 1850 suspicatur,

297 1856 425 1902 atque
458 1852 716 1891 asteriscum
746 1855 1162 1902 apposue1·at.—l40
1189 1853 1368 1892 transilit
1385 1853 1487 1893 Vat.
1522 1852 1657 1892 Livin.
1687 1853 1892 1893 transtulit
1919 1852 2014 1893 Pal.
2035 1853 2142 1894 Cod.

297 1905 449 1943 Barth.
471 1905 635 1945 Buslid.
657 1903 892 1944 Ala—141
924 1907 1016 1945 Non
1043 1907 1163 1944 talem
1199 1907 1348 1945 Trivioe
1370 1905 1575 1946 Heinsius
1610 1907 1864 1958 ascripserat
1890 1905 2067 1948 Lucian.
2100 1919 2143 1958 p.

297 1960 392 1997 ⁷72.
420 1958 550 2005 confer
584 1959 726 1998 Oxon.
763 1962 986 1999 see—142
1014 1959 1196 1998 meritam
1220 1972 1299 2010 pro
1324 1959 1502 2009 genitam
1537 1961 1694 1999 Moret.
1727 1971 1793 2010 pr.
1834 1960 1973 2010 genita
1992 1959 2142 2001 Ambr.

298 2016 397 2050 tert.
426 2023 511 2050 cum
531 2024 608 2063 pro
625 2013 716 2051 dum
735 2012 834 2051 Put.
865 2016 1008 2051 vestem
1026 2013 1130 2052 Vat.
1160 2017 1384 2053 sem—143
1413 2013 1569 2052 choreas
1595 2013 1697 2053 Vat.
1716 2018 1816 2053 tert.
1837 2013 1974 2054 Oisel.
1993 2013 2143 2055 Ambr.

296 2075 361 2115 pr.
378 2076 433 2104 m.
455 2076 538 2104 sec.
566 2066 714 2105 choreis
734 2064 840 2105 Cod.
862 2065 1011 2118 Epigr.
1033 2064 1183 2106 Ambr.
1202 2071 1247 2105 et
1264 2066 1511 2118 quindecim
1530 2067 1619 2118 alii,
1639 2065 1740 2108 Ald.
1761 2072 1808 2106 et
1826 2068 1934 2106 Exc.
1958 2066 2142 2108 Lucens-

1129 2172 1315 2212 NOTAE

353 2263 432 2300 137
464 2262 724 2315 Frementem]
767 2263 1190 2315 Immurmurantem,
1258 2265 1436 2305 vidisset
1456 2264 1655 2317 Ulyssem
1670 2264 1939 2318 naufragum,
1956 2269 2146 2321 expavit,

300 2324 889 2377 etleonisinstarrugientem
907 2340 917 2366 ι
939 2326 1010 2365 Ira
1025 2326 1187 2378 quippe
1255 2327 1334 2366 sed
1366 2339 1466 2367 mox
1512 2328 1703 2368 Palladis
1739 2341 1837 2380 ope,
1873 2341 2032 2380 pavore
2069 2331 2143 2371 de·

297 2387 527 2427 Theodosii
547 2400 720 2440 magnas
741 2390 1009 2429 calamitates
1028 2389 1187 2430 intulit.
1256 2389 1419 2442 functa,
1436 2403 1534 2430 eum
1553 2391 1738 2442 benigne
1758 2391 1935 2442 excepit
1960 2396 2007 2431 et
2025 2392 2144 2444 adju-

298 2448 411 2488 Vide
431 2449 504 2489 lib.
524 2461 576 2489 11.
596 2450 639 2488 in
656 2450 757 2490 Ruf.
775 2463 833 2491 vs.
851 2455 947 2491 280.

354 2515 435 2552 139
464 2512 639 2564 Secreta,
653 2514 792 2566 fideli]
833 2515 1085 2566 Veneratio‚
1105 2527 1188 2568 qua

298 2570 563 2616 Theodosius
579 2583 622 2617 te
637 2578 997 2631 prosequebatur,
1011 2585 1107 2619 erat
1119 2592 1188 2620 ve-

299 2638 367 2678 lut
385 2638 471 2678 fida
490 2640 686 2692 quaedam
706 2642 838 2692 socia,
873 2655 967 2695 quae
996 2648 1041 2683 te
1061 2644 1188 2684 comi-

299 2700 491 2752 tabatur,
525 2715 709 2755 quaeque
731 2706 968 2756 superabat
987 2718 1080 2746 eam
1101 2719 1188 2746 om·

299 2775 399 2803 nem
421 2766 756 2819 venerationem,
773 2781 898 2820 quam
915 2770 1008 2822 quis
1029 2770 1189 2810 habere

300 2834 446 2879 potest
483 2842 586 2882 erga
638 2832 836 2883 puellam.
892 2831 983 2881 Alii
1022 2834 1188 2886 legunt,

300 2892 460 2933 Secreta
476 2895 630 2947 fidelis,
649 2901 694 2935 et
723 2896 932 2937 Heinsius
959 2898 1028 2938 hic
1057 2910 1188 2938 unum

300 2955 570 3008 alterumque
592 2970 760 2998 versum
782 2960 990 3000 excidisse
1011 2965 1150 3013 putat.

359 3021 437 3058 140
467 3019 606 3059 Prisca
641 3021 877 3072 reverentia]
927 3025 1078 3076 Digna
1114 3038 1189 3066 sae-

303 3080 414 3120 culis
444 3080 611 3132 priscis,
630 3089 675 3122 et
696 3096 788 3135 quae
810 3086 933 3124 senili
967 3086 1189 3128 deferatur

303 3144 424 3184 aetati
442 3157 451 3182 :
483 3156 533 3184 ac
553 3157 706 3185 revera
725 3145 811 3187 fuit
829 3148 871 3186 in
899 3149 1060 3190 Serena
1079 3141 1189 3192 mira

303 3205 590 3258 taciturnitas,
609 3209 878 3262 comitasque
899 3224 1078 3254 morum.

360 3271 440 3308 142
481 3269 645 3310 Alcinoo
686 3272 884 3325 genitam]
943 3277 1189 3318 Nausicaan

303 3330 476 3372 Alcinoi
496 3332 730 3374 Phaeacum
750 3341 795 3375 et
815 3336 964 3377 insulae
987 3336 1189 3392 Corcyrae

305 3394 432 3448 vulgo
467 3394 630 3451 corson,
662 3398 793 3451 Regis
811 3398 958 3454 filiam,
978 3414 1074 3455 quae
1093 3413 1191 3445 cum

1255 2453 1346 2503 vit;
1387 2465 1473 2493 non
1506 2453 1608 2493 talis
1645 2453 1776 2505 igitur
1801 2458 1896 2494 erat
1916 2454 2145 2507 Nausicaa,

1257 2516 1394 2569 qualis
1412 2521 1478 2556 est
1497 2516 1675 2567 Serena,
1694 2529 1789 2570 quae
1824 2517 2007 2558 honesta
2039 2531 2143 2571 qua-

1256 2579 1356 2618 dam
1393 2578 1554 2620 fiducia
1588 2579 1870 2619 Theodosium
1904 2580 2057 2621 iratum
2098 2587 2143 2622 et

1255 2643 1376 2682 velut
1404 2654 1459 2682 ex
1496 2642 1672 2682 rationis
1711 2649 1840 2695 portu
1871 2643 2060 2696 ejectum
2097 2650 2144 2685 et

1256 2705 1515 2758 naufragum
1534 2719 1621 2747 non
1649 2707 1792 2758 timet,
1813 2708 1889 2747 sed
1909 2707 2142 2761 demulcet,

1257 2776 1302 2810 et
1322 2770 1367 2810 in
1385 2782 1507 2810 suum
1522 2770 1745 2822 pristinum
1761 2776 1919 2812 statum
1934 2773 2142 2814 restitnit.

1258 2831 1344 2873 Sed
1365 2845 1442 2873 cur
1467 2833 1618 2874 Trivioe
1635 2833 1818 2883 confert?
1849 2834 1963 2887 quod
1976 2835 2143 2876 scilicet

1258 2894 1477 2936 Nausicaa
1516 2901 1632 2936 esset
1666 2896 1823 2936 Triviae
1861 2909 1938 2936 seu
1981 2896 2140 2938 Dianae

1257 2971 1359 2998 cara
1395 2963 1579 3011 propter
1637 2958 1823 2999 studium
1873 2959 2140 3000 venationis:

1256 3022 1327 3062 vel
1347 3021 1462 3074 quod
1481 3022 1659 3073 Ulysses
1679 3020 1893 3061 admirans
1924 3021 2017 3072 ejus
2047 3023 2141 3074 pul·

1256 3085 1559 3136 chritudinem,
1573 3095 1668 3125 eam
1684 3085 1868 3125 Dianam
1885 3098 1977 3125 esse
1993 3087 2141 3127 crede-

1255 3155 1325 3191 ret
1348 3148 1546 3202 Ἀρτέμιδί
1563 3163 1609 3189 σε
1629 3147 1758 3200 ἔγωγε
1777 3148 1869 3189 Διὸς
1893 3148 2008 3203 κούρῃ
2021 3149 2144 3201 μεγά-

1255 3213 1532 3257 λοιο...ἑῒσκω;
1563 3215 1708 3255 Dianoe
1739 3219 1778 3255 te
1810 3229 1881 3266 ego
1900 3217 2015 3257 Jovis
2035 3217 2143 3270 filice

1258 3278 1395 3329 magni
1415 3278 1598 3318 assimilo.
1629 3278 1859 3320 Homerus,

1315 3344 1392 3381 144
1422 3342 1574 3395 Pilum]
1627 3343 1739 3382 Nam
1790 3343 2010 3384 Nausicaa
2044 3355 2142 3384 cum

1265 3404 1432 3447 ancillis
1450 3405 1540 3458 pila
1556 3405 1750 3447 ludebat.
1770 3406 1985 3448 Homerus
2001 3421 2012 3449 ι
2027 3405 2147 3459 Σφαί·
