2300 3906
12 2470 16 2493 ”⁷
12 2434 14 2437 ⁴
12 2153 16 2415 ”“””“”“””“””’“”
11 1504 41 2116 ἡ“”’“Γ””-’Ϋ“”“””ή”““””ἦ

17 3714 77 3886 πῒῑῑῶῑ,
17 3687 78 3698 j
37 3646 59 3663 2

673 201 913 242 nAP'rus
956 204 1250 246 Pnosnnr.
1295 209 1409 248 mn.
1451 209 1490 248 ι.
1884 201 1995 254 925

171 313 480 369 Submisere
498 316 690 384 jubas,
765 320 964 390 Adytis
989 326 1184 392 gavisa
1211 325 1437 396 Cybebe
1886 332 1993 384 210

173 397 393 461 Exsilit,
420 405 473 451 et
497 418 699 467 pronas
726 405 952 460 intendit
978 408 1048 460 ad
1074 411 1266 463 oscula
1289 417 1477 465 turres,

240 480 473 534 Viderat
496 483 618 535 haec
643 485 848 540 dudum
873 507 1087 543 summa
1111 496 1430 560 speculatus
1455 496 1526 547 ab
1549 512 1674 550 arce

167 563 408 632 Jupiter,
435 582 499 618 ac
527 566 728 621 Veneri
754 576 955 626 mentis
980 578 1285 643 penetralia
1308 579 1505 631 nudat:

173 647 443 700 Curarum
469 657 675 705 secreta
702 656 817 719 tibi,
846 656 1136 725 Cytherea,
1164 659 1393 712 fatebor.

173 731 426 785 Candida
449 734 711 790 Tartareo
734 746 962 808 nuptum
989 742 1326 811 Proserpina
1347 745 1458 812 regi

170 814 209 867 J
212 816 510 869 amdudum
535 819 757 875 decreta
780 823 913 876 dari.
987 825 1083 877 Sic
1112 825 1360 894 Atropos
1384 832 1570 895 urget:

173 899 267 951 Sic
292 902 491 953 cecinit
515 903 769 970 longaeva
792 907 1035 960 ThemiS.
1112 909 1168 962 N
1174 927 1275 962 unc
1298 916 1471 963 matre
1495 918 1708 965 remota

170 981 289 1052 (Re
315 988 562 1054 mperagi
587 988 829 1058 tempus)
854 991 988 1044 fines
1015 993 1212 1045 invade
1241 994 1494 1059 SicanOS,

1885 748 1995 801 215

171 1161 274 1201 tuboe
306 1167 466 1224 sonant:
494 1170 531 1205 et
565 1167 687 1207 leones
721 1170 954 1211 submittunt
990 1173 1126 1213 blande
1146 1173 1290 1222 jubas.—
1323 1174 1464 1226 Cybele
1491 1176 1584 1214 laeta
1603 1176 1726 1215 evolat
1756 1187 1810 1215 ex
1841 1177 1995 1227 templo,

173 1218 214 1254 et
249 1217 419 1277 applicat
449 1221 577 1279 turres
608 1222 806 1273 demissas,
837 1227 888 1263 ad
920 1228 1163 1265 osculandam
1209 1227 1352 1267 filiam.
1419 1229 1580 1278 Jupiter
1616 1228 1817 1268 observans
1844 1229 1892 1268 ab
1919 1230 1998 1268 alto

175 1267 297 1329 Coelo,
322 1273 562 1320 jampridem
595 1275 747 1313 viderat
780 1277 850 1315 has
883 1289 963 1326 res,
994 1284 1032 1317 et
1065 1279 1192 1329 aperit
1232 1279 1371 1319 Veneri
1407 1284 1596 1320 secretum
1633 1282 1755 1320 animi
1793 1282 1872 1331 sui,
1904 1281 1998 1320 haec

173 1319 354 1381 dicens:
398 1324 634 1383 .Confitebor
675 1327 767 1376 tibi,
810 1341 834 1366 o
879 1330 1019 1379 Venus,
1061 1336 1227 1371 secretas
1261 1332 1537 1373 solicitudines.
1593 1335 1832 1374 Jamdudum
1862 1333 2003 1372 consti-

174 1376 235 1434 taz
266 1375 359 1413 dare
375 1387 439 1436 'm
473 1379 763 1418 matrimonium
793 1381 896 1431 Regi
930 1383 1149 1432 Inferorum
1176 1385 1376 1434 pulchram
1408 1385 1695 1436 Proserpinam.
1745 1387 1914 1436 Atropos
1945 1398 2003 1423 co·

171 1429 236 1476 git
267 1439 335 1489 me
369 1433 429 1467 ita
451 1430 619 1478 facere,·
651 1433 710 1472 ita
735 1441 844 1473 vetus
877 1435 1028 1475 Themis
1057 1437 1274 1487 proedixit:
1302 1450 1401 1476 nunc
1427 1438 1580 1476 absente
1605 1442 1727 1476 matre
1743 1439 1770 1489 (
1773 1443 1919 1488 tempus
1939 1444 2005 1476 est

173 1491 313 1531 exequi
349 1493 429 1520 rem
430 1481 459 1532 )
490 1495 630 1534 occupa
657 1487 852 1535 regionem
885 1487 1034 1527 Sicilioe
1062 1495 1079 1535 ,‘·
1115 1492 1154 1527 et
1185 1502 1271 1528 cum
1303 1490 1373 1528 Sol
1403 1503 1491 1530 cras
1524 1491 1733 1530 ostenderit
1779 1495 1906 1530 ortum
1941 1502 2006 1528 ru·

942 1589 1238 1605 OOOOOOOOOOOO

176 1653 276 1693 Vat.
295 1653 565 1695 Livin.——210
597 1656 739 1708 Cybele
757 1657 857 1697 Vat.
876 1669 943 1708 pr.
990 1657 1147 1709 Cybelle
1163 1658 1292 1699 Gesn.
1313 1664 1358 1698 et
1386 1660 1453 1699 ed.
1472 1660 1778 1711 Bipo'nt.—2ll
1808 1663 2006 1701 contendit

174 1707 298 1746 Voss.
317 1720 381 1759 pr.
401 1709 506 1759 Reg.
526 1710 675 1749 Petav.
696 1722 760 1761 pr.
790 1710 965 1750 extendit
979 1711 1062 1750 duo
1077 1712 1198 1752 Vatt.
1219 1712 1304 1752 inc.
1336 1708 1486 1753 Heius.
1507 1715 1630 1753 Voss.
1645 1719 1689 1752 et
1701 1715 1801 1755 Jun.
1820 1726 2008 1765 sec.pro-

164 1764 244 1799 ‘nos
257 1773 392 1800 carrus
407 1763 474 1800 vel
487 1774 629 1812 pronas
644 1761 782 1802 turres
794 1764 950 1803 Moret.
971 1776 1036 1815 pr.
1055 1765 1179 1804 Voss.
1200 1769 1417 1806 see—212
1446 1767 1525 1806 hoec
1540 1766 1640 1805 Vat.
1661 1765 1702 1806 d.
1743 1767 1813 1805 hoc
1828 1768 1924 1806 Vat.
1940 1779 2006 1818 pr.

176 1812 258 1853 inc.
279 1814 425 1853 Heius.
444 1816 566 1855 Voss.
588 1820 784 1867 pia—213
814 1829 859 1856 ac
885 1817 1024 1857 Veneri
1053 1818 1203 1858 Petav.
1235 1830 1297 1870 pr.
1330 1819 1455 1859 Voss.
1478 1831 1564 1859 sec.
1608 1819 1699 1859 hinc
1721 1820 1860 1859 Veneri
1880 1820 2005 1859 Voss.

180 1878 242 1917 pr.
289 1867 369 1905 haec
389 1868 470 1907 inc.
492 1869 641 1908 Heius.
687 1875 726 1908 at
749 1876 835 1908 tres
853 1871 970 1910 Vatt.
994 1870 1086 1910 Pal.
1107 1872 1293 1911 Florent.
1319 1871 1402 1911 duo
1422 1872 1538 1911 Med.
1559 1873 1707 1912 Heius.
1730 1873 1784 1911 H.
1805 1873 1904 1911 Put.
1920 1872 2005 1912 duo

179 1919 333 1960 Petav.
349 1922 514 1960 Bonon.
530 1922 699 1962 Tholos.
718 1924 878 1963 Moret.
896 1935 960 1974 pr.
979 1924 1079 1963 Vat.
1100 1924 1235 1964 Livin.
1257 1924 1337 1964 duo
1358 1925 1458 1966 Jun.
1474 1925 1557 1964 duo
1572 1925 1713 1964 Oxou.
1730 1925 1834 1964 Exc.
1851 1926 2007 1964 Petav-

179 1978 318 2024 quart.
362 1974 504 2025 pandit
531 1976 747 2025 penetralia
767 1976 907 2015 mentis
926 1977 1024 2016 Vat.
1046 1983 1187 2027 quart.
1229 1978 1446 2028 penetralia
1468 1979 1535 2016 vel
1554 1978 1766 2029 proecordia
1795 1979 1896 2017 Vat.
1917 1989 2005 2017 sec.

178 2027 299 2066 Voss.
319 2039 405 2066 sec.
452 2033 642 2067 monstrat
673 2025 817 2068 Ambr.
856 2036 952 2069 tert.
986 2029 1080 2069 cod.
1100 2030 1340 2069 Bartholin.
1360 2031 1430 2070 ed.
1451 2031 1592 2070 Parm.
1622 2037 1667 2070 et
1684 2031 1826 2070 Vicet.
1866 2030 2008 2081 pandit

179 2079 278 2119 Vat.
299 2078 436 2131 quint.
477 2083 600 2120 nudat
621 2082 727 2133 Exc.
746 2082 855 2121 Laeti
875 2087 921 2121 et
939 2083 1039 2121 Var.
1076 2083 1160 2122 LL.
1191 2095 1214 2121 e
1248 2095 1382 2132 marg.
1409 2083 1688 2122 Parm.-2l4
1722 2083 1917 2133 Cytherea
1935 2082 2009 2121 tibi

177 2137 324 2172 secreta
341 2133 443 2174 Vat.
464 2146 549 2174 sec.
568 2140 611 2173 et
626 2134 666 2174 d.
687 2136 768 2174 inc.
790 2135 936 2174 Heius.
961 2134 1063 2174 Put.
1088 2135 1211 2174 Voss.
1242 2148 1327 2174 sec.
1361 2137 1444 2174 duo
1476 2136 1627 2175 Petav.
1646 2135 1744 2175 Jun.
1764 2147 1848 2173 sec.
1869 2135 2009 2174 Οτι-οη.

182 2196 266 2226 sec.
302 2187 406 2226 Exn.
444 2187 597 2227 Petav.
627 2191 900 2240 quarn—215
929 2188 1017 2237 regi
1038 2217 1047 2227 .
1063 2215 1073 2225 .
1091 2218 1100 2228 .
1119 2193 1282 2239 nuptum
1320 2188 1441 2227 Voss.
1478 2200 1543 2239 pr.
1585 2192 1708 2238 nuptu
1726 2188 1824 2226 Vat.
1842 2188 1883 2226 d.
1905 2189 2009 2227 Exc.

181 2239 335 2279 Petav.
354 2244 629 2291 quart.—216
655 2240 750 2279 Jam
765 2242 918 2291 pridem
948 2245 1006 2280 est
1035 2243 1190 2279 decreta
1219 2242 1338 2281 Voss.
1369 2253 1434 2292 pr.
1479 2242 1572 2280 Jam
1585 2242 1728 2280 dudum
1745 2241 1842 2279 Vat.
1858 2252 1922 2290 pr.
1939 2241 2008 2279 ed.

181 2292 322 2332 Vicet.
368 2293 464 2331 Jam
493 2293 646 2343 pridem
680 2294 872 2333 Florent.
908 2299 952 2333 et
986 2293 1136 2343 viginti
1171 2299 1352 2343 quatuor
1386 2292 1524 2332 Codd.
1569 2294 1656 2342 regi
1686 2304 1764 2343 pro
1796 2293 1884 2331 dari
1914 2294 2010 2332 Pal.

181 2348 314 2385 -217
350 2345 486 2386 Thetis
507 2347 660 2387 Petav.
677 2358 763 2387 sec.
781 2358 835 2386 m.
857 2358 919 2397 pr.
965 2346 1021 2385 sic
1039 2350 1164 2385 matre
1180 2347 1261 2386 inc.
1279 2346 1566 2386 Helm-218
1589 2345 1729 2396 peragi
1743 2345 1844 2384 Vat.
1865 2351 2009 2397 quart.

1008 2467 1187 2509 NOTAE

185 2560 379 2613 Phryges
408 2560 520 2600 buxo
542 2559 584 2600 in
605 2560 721 2600 tibiis
743 2561 806 2600 usi
826 2572 916 2600 esse
938 2561 1063 2613 primi
1183 2565 1264 2601 216
1293 2559 1479 2613 Atropos]
1507 2560 1645 2612 Supra
1663 2558 1705 2598 in
1724 2559 1802 2599 hoc
1825 2557 1934 2598 libro
1949 2570 2010 2599 vs.

185 2623 399 2664 dicuntur.
1131 2630 1182 2665 64

238 2685 564 2737 AEra]·0ybe1es
593 2685 836 2725 sacerdotes
867 2686 1064 2735 urceolis,

148 2739 150 2743 ¹
170 2761 260 2789 *seu
280 2750 391 2788 vasis
408 2750 537 2788 aeneis
556 2749 813 2799 tinniebant,
839 2755 885 2788 ut
911 2762 1064 2801 reprae-

186 2816 406 2851 seutarent
439 2813 635 2861 Curetas,
669 2813 737 2864 qui
775 2825 827 2851 ne
857 2813 1064 2852 Saturnus

185 2874 305 2915 Jovis
349 2875 538 2925 vagitum
567 2875 751 2925 audiret,
790 2887 873 2914 aera
910 2875 1068 2927 quatie-

175 2937 305 2977 bant.

239 3001 408 3052 Leones]
465 3002 521 3040 Hi
569 3002 743 3041 trahunt
778 3014 948 3041 currum
985 3003 1066 3053 Cy-

188 3063 333 3104 heles.-
359 3064 403 3104 id
440 3064 554 3116 quod
593 3065 783 3103 ostendit
810 3065 969 3103 nullum
998 3076 1067 3116 ge·

186 3138 265 3166 nus
285 3139 380 3166 esse
402 3132 487 3166 tam
505 3126 658 3176 ferum,
685 3127 797 3179 quod
826 3139 908 3166 non
930 3127 1067 3178 subigi

178 3190 358 3242 ceolique
383 3192 531 3241 possit.

241 3257 322 3292 210
350 3253 515 3305 Adytis]
547 3254 613 3293 De
628 3253 692 3292 his
715 3254 798 3293 alio
819 3254 859 3292 in
880 3254 991 3293 loco.

241 3319 322 3356 214
353 3316 566 3368 Cytherea]
590 3317 781 3367 Cythera
799 3316 933 3357 insula
951 3316 1072 3356 Grae·

190 3379 268 3420 ciae
288 3378 444 3432 vicina,
464 3378 518 3419 de
534 3391 617 3432 qua
630 3379 719 3432 jam
739 3379 910 3432 saepius.

1186 2692 1264 2728 21⁷
1297 2688 1450 2728 Cecinit
1472 2687 1646 2739 Themis]
1666 2684 1909 2737 Antiquitas
1920 2695 2013 2723 ora-

1133 2753 1272 2791 culum
1294 2757 1389 2790 erat
1411 2762 1541 2801 penes
1572 2750 1784 2789 Tellurem
1818 2753 1863 2787 et
1894 2747 2011 2797 Nep-

1135 2814 1426 2854 tunum2inde
1455 2813 1586 2853 cessit
1617 2811 1801 2863 Pythoni
1837 2816 1882 2850 et
1896 2810 2011 2867 The-

1133 2876 1251 2925 midi,
1270 2888 1363 2928 quae
1395 2888 1448 2915 ex
1481 2882 1602 2915 antro
1634 2875 1845 2926 Delphico
1864 2873 2013 2913 vatici-

1134 2939 1227 2977 nari
1243 2947 1445 2989 coeperat,
1475 2944 1520 2978 et
1540 2938 1592 2977 ab
1611 2950 1660 2977 ea
1679 2937 1834 2988 Apollo
1862 2934 2013 2974 didicit

1135 3001 1452 3041 divinationem.

1189 3063 1404 3114 Longaeva]
1423 3063 1559 3102 Vetus
1584 3068 1628 3102 et
1647 3074 1802 3101 annosa
1817 3059 2010 3108 Themis;

1134 3130 1228 3164 erat
1266 3126 1394 3176 enim,
1441 3130 1553 3165 teste
1587 3124 1790 3174 Hesiodo,
1825 3122 1930 3163 Coeli
1960 3134 2011 3162 ac

1135 3188 1287 3228 Terrae
1307 3187 1406 3228 filia.

1189 3257 1270 3292 218
1298 3251 1479 3302 Sicanos]
1523 3251 1693 3290 Sicania
1721 3249 1853 3298 dicta,
1887 3248 1954 3287 vel
1986 3259 2012 3287 a

1138 3316 1293 3355 Sicano
1313 3314 1479 3354 Briarei
1500 3312 1701 3363 Cyclopis
1725 3309 1827 3359 filio,
1858 3315 1902 3349 et
1922 3310 2012 3350 AEt·

1122 3391 1207 3419 -nae
1225 3376 1378 3431 fratre,
1408 3377 1476 3418 vel
1497 3388 1521 3415 a
1537 3376 1690 3416 Sicano
1709 3374 1841 3425 Rege.
