2300 3906
337 198 448 251 910
875 211 967 250 cr..
1005 202 1357 248 emunim-11
1399 199 1666 243 xxxm:

344 327 413 380 In
437 344 522 380 me
542 327 683 395 juris
711 325 854 377 erit?
895 325 990 375 Sic
1012 323 1176 374 nobis
1200 321 1370 374 noxia
1393 321 1541 374 vires

343 409 486 462 Cum
513 410 659 462 coelo
687 408 932 459 Fortuna
957 405 1119 456 tulit‘t
1161 404 1312 455 Num
1338 406 1506 456 robur
1530 410 1584 457 et
1609 421 1761 456 arma
2098 399 2170 455 95

349 493 718 552 Perdidimus,
747 492 793 540 si
819 493 979 555 rapta
1005 488 1162 538 dies?
1203 486 1292 538 An
1311 487 1449 538 forte
1466 489 1718 556 jacentes

344 577 694 645 Ignavosque
721 578 907 641 putaS,
938 572 1085 639 quod
1112 587 1218 623 non
1240 571 1518 639 Cyclopia
1544 572 1654 623 tela
1716 588 1725 589 ’

346 659 698 725 StringimuS,
728 661 826 707 aut
851 671 1026 707 vanas
1052 654 1255 706 tonitru
1283 653 1603 705 deludimus
1630 670 1787 706 aures
1803 656 1827 705 'l

345 743 544 795 Nonne
572 741 708 793 satis
733 740 935 802 visum,
963 739 1107 805 grati
1129 737 1277 804 quod
1304 737 1528 788 luminis
1554 753 1754 805 expers

344 923 482 951 nocens
510 912 565 950 sic
593 910 736 961 eripuit
752 910 861 949 nobis
887 909 990 948 vires
1018 921 1108 948 cum
1139 905 1260 948 coelo?
1310 909 1416 948 Num
1434 907 1634 947 amisimus
1661 906 1776 947 robur
1813 911 1851 947 et
1882 919 2006 954 arma,
2034 905 2070 945 si
2105 906 2175 946 lux

344 965 498 1004 ademta
517 969 580 1002 est
598 964 747 1002 nobis?
776 976 826 1002 on
850 962 961 1010 forte
979 962 1214 1001 credisideo
1238 973 1314 1001 nos
1339 973 1432 1001 esse
1454 961 1623 1009 abjectos
1645 965 1682 1000 et
1697 962 1854 1009 inertes,
1886 960 1986 1012 quod
2012 972 2087 999 uon
2108 959 2174 1008 Ja-

345 1016 520 1056 colamur
528 1016 702 1064 fulmma
708 1015 913 1063 submota
930 1029 954 1054 a
972 1015 1227 1067 Cyclopibus‚·
1254 1019 1322 1054 aut
1343 1013 1604 1066 terrificamus
1622 1026 1733 1053 aures
1749 1014 1946 1052 hominum
1959 1025 2055 1052 vano
2069 1024 2174 1051 mur·

344 1081 454 1109 mure
469 1070 710 1109 tonitruum
700 1067 719 1097 '²
749 1071 814 1110 An
829 1081 903 1108 non
933 1072 1050 1121 putas
1067 1069 1167 1107 satis
1199 1080 1294 1119 esse,
1327 1068 1429 1118 quod
1459 1079 1538 1119 ego
1566 1068 1745 1118 privatus
1762 1068 1844 1106 luce
1864 1066 2040 1115 J‘ucunda
2058 1066 2178 1105 tolero

1110 1188 1134 1202 O
1137 1188 1404 1204 “‘WO‘O‘

349 1271 410 1306 ter
428 1271 516 1307 tres
534 1267 654 1306 Vatt.
690 1272 735 1306 et
756 1268 870 1316 ⁶Nat.
892 1268 933 1306 d.
969 1267 1161 1306 Florent.
1183 1266 1269 1304 inc.
1292 1265 1444 1305 Heius.
1471 1267 1579 1318 Reg.
1616 1266 1780 1306 Bonon.
1799 1266 1957 1305 Moret.
1996 1276 2060 1314 pr.
2079 1264 2181 1306 Jun.

349 1332 433 1360 sec.
450 1326 536 1360 tres
558 1320 707 1359 PetaV.
732 1321 782 1368 fr
802 1320 903 1361 Put.
923 1332 1072 1371 semper
1092 1320 1160 1358 vel
1176 1319 1355 1367 fratrum
1373 1320 1535 1359 Voss.
1518 1331 1603 1358 sec.
1623 1318 1803 1366 fratrum
1823 1320 1891 1357 vel
1909 1318 2045 1366 frater
2061 1317 2180 1356 Med.

350 1385 414 1424 pr.
417 1376 522 1413 -94
541 1373 649 1420 juris
666 1373 742 1411 erit
761 1373 863 1411 Var.
902 1374 984 1412 LL.
1006 1385 1030 1411 e
1051 1383 1183 1422 marg.
1218 1373 1362 1410 Parm.
1393 1372 1513 1410 habes
1538 1373 1640 1411 Vat.
1676 1384 1763 1411 sec.
1801 1371 1905 1411 Cod.
1944 1370 2181 1410 Bartholin.

348 1426 471 1465 Voss.
491 1438 555 1487 pr.
594 1427 741 1464 chart.
766 1425 920 1465 Heius.
945 1425 1012 1464 ed.
1049 1426 1195 1463 Parni.
1227 1422 1336 1464 eris?
1369 1425 1467 1464 Vat.
1505 1436 1592 1463 sec.
1620 1425 1676 1463 sic
1695 1424 1804 1462 nobie
1819 1424 1942 1463 anxia
1970 1424 2093 1463 Voss
2113 1435 2181 1473 pr.

349 1491 453 1518 mres
466 1479 501 1517 si
519 1479 654 1527 noxia,
686 1479 794 1517 nobis
825 1479 928 1519 Jun.
951 1490 1037 1517 sec.
1066 1478 1103 1516 si
1119 1478 1217 1516 vat.
1239 1488 1302 1525 pr.
1325 1480 1372 1514 et
1391 1477 1529 1527 quint.
1563 1489 1618 1515 m.
1654 1488 1719 1527 pr.
1738 1476 1808 1514 ed.
1827 1477 1970 1515 vicet.
2005 1476 2063 1515 sia
2081 1476 2184 1516 Vat.

350 1531 487 1592 quint.
505 1532 606 1572 Jun.
628 1543 692 1580 pr.
728 1532 812 1569 duo
844 1531 986 1569 Oxou.
1017 1529 1122 1568 cod.
1165 1528 1403 1566 Bartholin.
1440 1529 1632 1567 Florent.
1651 1528 1771 1567 Med.
1790 1540 1854 1578 pr.
1889 1529 2040 1567 Heius.
2062 1527 2119 1568 H.
2139 1533 2184 1568 et

353 1584 439 1622 inc.
462 1584 598 1633 ejusd.
619 1583 722 1620 Put.
746 1584 852 1632 Reg.
873 1583 1040 1621 Bonon.
1071 1581 1244 1619 Tholas.
1266 1585 1353 1618 tres
1374 1581 1527 1619 Petav.
1559 1581 1661 1620 Exc.
1685 1580 1838 1619 Petav.
1859 1587 1999 1633 quart.
2027 1581 2083 1620 sic
2114 1581 2186 1620 vel

350 1648 426 1673 mm
444 1637 513 1674 vei
532 1647 602 1673 cur
620 1636 745 1672 Voss.
764 1647 852 1673 sec.
856 1638 961 1673 —95
974 1632 1081 1683 tulit,
1101 1633 1308 1672 Heinsius
1329 1633 1591 1684 ascripserat
1611 1645 1728 1685 seqq.
1755 1634 1768 1655 ‘
1779 1633 1892 1681 serre
1920 1647 1994 1684 pro
2014 1633 2184 1681 auferre.

350 1687 435 1726 vid.
456 1688 635 1727 Casaub
675 1688 727 1725 ad
750 1687 862 1726 Hist.
885 1686 995 1738 Aug.
1017 1698 1058 1738 p.
1081 1689 1147 1725 34.
1175 1692 1220 1724 et
1250 1698 1292 1736 p.
1312 1689 1381 1725 69.
1418 1685 1451 1726 f.
1472 1686 1588 1726 Hist.
1610 1685 1720 1736 Aug.
1736 1699 1778 1737 p.
1797 1690 1865 1725 41.
1908 1688 1933 1726 Ι.
1954 1691 2018 1726 15.
2040 1699 2099 1737 p.
2116 1689 2186 1726 62.

349 1742 377 1780 l.
399 1744 435 1780 l.
457 1753 498 1791 p.
517 1743 583 1778 67.
608 1741 633 1777 Ι.
657 1743 720 1779 37.
750 1745 796 1779 et
815 1741 875 1778 sic
895 1740 1066 1779 videtur
1087 1738 1411 1790 intelligendum
1433 1752 1473 1790 p.
1494 1742 1562 1778 33.
1582 1739 1610 1778 l.
1633 1743 1696 1778 10.
1726 1740 1853 1778 immo
1872 1739 1933 1779 sic
1949 1725 2132 1779 debere
2123 1751 2184 1778 m-

350 1793 489 1843 telligi
510 1798 691 1843 apparet
710 1806 764 1832 ex
782 1806 823 1843 p.
845 1796 911 1832 43.
946 1793 973 1833 l.
993 1796 1059 1833 23.
1079 1805 1122 1844 p.
1145 1794 1213 1831 49.
1247 1793 1274 1831 i.
1293 1795 1359 1832 41.
1392 1792 1575 1832 Casaub.
1597 1806 1638 1843 p.
1662 1796 1752 1832 102.
1790 1805 1829 1833 c.
1849 1805 1902 1832 ex
1921 1791 2066 1832 Meto!
2094 1804 2186 1831 num

350 1845 467 1885 robur
493 1846 573 1884 inc.
596 1846 746 1886 Heins.
762 1852 808 1886 et
827 1847 1076 1886 chartaceus
1097 1845 1234 1896 ejusd.
1259 1845 1360 1884 Jun.
1381 1858 1466 1886 seo.
1487 1845 1585 1885 Aid.
1605 1847 1706 1885 Var.
1727 1847 1814 1885 LL.
1835 1857 1860 1884 e
1888 1857 2021 1896 marg.
2043 1846 2186 1886 Parin.

352 1912 428 1939 non
448 1900 573 1938 Voss.
594 1911 658 1950 pr.
679 1911 775 1938 cum
813 1899 1005 1939 sedecim
1023 1899 1135 1947 aliis,
1155 1898 1223 1938 ed.
1243 1898 1390 1937 Parm.
1413 1905 1458 1938 et
1491 1899 1630 1939 Vicet.
1659 1911 1735 1938 nou
1751 1900 1816 1938 vei
1835 1911 1926 1938 num
1946 1899 2085 1938 oxon.
2117 1910 2186 1949 pr.

353 1953 474 1990 armis
509 1953 804 1992 Florent.—96
835 1953 1088 1992 Prodidimus
1120 1952 1226 1991 Exc.
1263 1951 1417 1991 Petav.
1457 1958 1595 2004 quart.
1640 1956 1757 2003 rapta
1788 1950 1903 1992 dies?
1950 1952 2051 1991 Put.
2081 1951 2189 2002 quies

353 2005 507 2044 Petav.
528 2017 615 2044 sec.
635 2004 746 2053 forte
779 2006 848 2044 vel
866 2007 976 2045 sorde
1006 2007 1107 2045 vat.
1127 2005 1258 2056 quint.
1287 2006 1455 2056 adeoque
1476 2017 1551 2056 pro
1572 2017 1622 2043 an
1640 2005 1752 2053 forte
1771 2006 2016 2056 conjecerat
2036 2005 2187 2045 Heius.

353 2061 460 2097 -97
489 2058 582 2108 quid
599 2071 674 2096 non
691 2059 842 2098 Petav.
863 2071 946 2098 sec.
974 2059 1009 2097 si
1027 2071 1103 2097 nou
1122 2058 1205 2096 inc.
1234 2058 1382 2096 Heius.
1416 2058 1602 2109 Cyclopia
1622 2058 1723 2098 Put.
1755 2059 1941 2110 Cyclopea
1961 2058 2044 2096 duo
2062 2058 2186 2097 Vatt.

353 2111 448 2149 Pal.
469 2110 661 2149 Florent.
683 2111 766 2149 dno
786 2112 905 2149 Med.
922 2111 990 2150 ed.
1010 2111 1152 2149 Vicet.
1185 2111 1391 2161 Cyclopeia
1412 2111 1575 2149 Bonon.
1612 2112 1765 2151 Petav.
1784 2123 1869 2150 sec.
1892 2112 1998 2150 Exc.
2032 2110 2188 2150 Petav.

354 2166 609 2214 quart.—98
638 2163 871 2212 Spargimus
886 2164 912 2204 J
919 2175 988 2202 un.
1007 2174 1094 2202 sec.
1141 2162 1374 2213 Spargimus
1394 2167 1430 2200 et
1448 2164 1615 2202 Tholos.
1637 2167 1675 2202 et
1694 2164 1778 2202 duo
1801 2165 1953 2204 Petav.
1973 2168 2011 2202 et
2032 2164 2098 2202 vei
2118 2167 2188 2202 aut

313 2233 316 2236 v
356 2215 498 2255 Oxou.
530 2228 617 2255 sec.
657 2228 752 2254 vano
790 2216 894 2255 Exc.
928 2216 1037 2255 Laeti
1057 2221 1101 2254 et
1132 2215 1199 2253 ed.
1222 2215 1366 2254 Parm.
1396 2227 1516 2254 vanas
1542 2228 1660 2255 auras
1677 2216 1761 2255 duo
1782 2216 1904 2255 Vatt.
1947 2222 1992 2255 et
2011 2217 2112 2255 Vat.
2145 2216 2187 2255 d.

354 2268 449 2308 Pal.
489 2268 594 2308 Cod.
630 2268 868 2307 Bartholin.
911 2268 1172 2307 variasauras
1188 2268 1288 2306 Vat.
1323 2280 1390 2318 pr.
1413 2273 1458 2306 et
1492 2269 1627 2319 quint.
1661 2269 1785 2307 Voss.
1819 2281 1883 2318 pr.
1918 2270 2022 2308 Var.
2057 2269 2140 2308 LL.
2162 2280 2188 2308 e

355 2333 490 2371 marg.
513 2322 654 2360 Parm.
682 2332 796 2360 aures
813 2322 915 2360 Vat.
938 2333 1023 2360 sec.
1066 2331 1182 2359 auras
1200 2320 1270 2358 vel
1288 2331 1378 2358 aras
1398 2321 1506 2370 Reg.
1544 2321 1759 2360 diludimus
1772 2321 1939 2360 Thoios.
1977 2322 2190 2360 deludimus

355 2373 460 2412 Exc.
483 2374 714 2413 Laeti.—99
742 2374 869 2412 visum
901 2374 1091 2413 Florent.
1111 2373 1214 2413 Jun.
1236 2385 1301 2423 pr.
1333 2372 1417 2412 duo
1438 2373 1581 2412 Oxou.
1604 2373 1689 2413 duo
1718 2373 1836 2414 Med.
1856 2374 1957 2414 Put.
1975 2375 2078 2424 Reg.
2106 2374 2190 2413 Bo-

356 2438 453 2468 non.
475 2426 628 2466 Heius.
653 2427 710 2466 H.
733 2432 778 2466 et
798 2427 879 2466 inc.
899 2427 1048 2467 Heius.
1070 2432 1157 2466 tres
1180 2427 1335 2465 PetaV.
1355 2426 1461 2466 Var.
1477 2426 1562 2467 LL.
1580 2438 1604 2466 e
1624 2439 1756 2478 marg.
1775 2426 1922 2467 Parni.
1951 2429 2076 2468 lusum
2088 2427 2186 2468 Vat.

1184 2547 1366 2588 NOTAE

355 2646 530 2687 licentia
576 2648 740 2701 uteris,
785 2654 835 2689 ut
878 2649 960 2689 hoc
1001 2649 1129 2689 etiam
1159 2649 1240 2689 tibi
1307 2647 1515 2688 bricanda
1530 2649 1632 2690 Jovi
1658 2647 1847 2689 fulmina.

355 2711 582 2761 permittas
637 2718 788 2752 contra
846 2724 931 2763 me,
975 2723 1239 2765 uxoremque
1359 2714 1414 2751 98
1441 2711 1710 2763 Stringimus]
1749 2713 1914 2762 west,
1945 2710 2184 2753 vibramus:

357 2775 518 2826 neges?
1308 2774 1583 2814 ‘stricturum
1614 2787 1659 2815 se
1678 2776 1986 2816 lucubrationis
2019 2788 2106 2816 suae
2124 2781 2186 2815 te-

409 2841 462 2876 97
495 2838 681 2890 Cyclopia
713 2838 811 2889 tela]
854 2838 907 2878 Id
939 2845 1020 2889 est,
1056 2838 1235 2890 fulmen,
1307 2836 1395 2876 lum
1426 2836 1698 2878 minabatur.’
1752 2837 1982 2878 Suetonius
2015 2838 2058 2877 in
2075 2837 2186 2878 Cali-

357 2899 470 2950 quod
503 2900 602 2940 Jovi
636 2899 902 2941 fabricantur
923 2901 1153 2954 Cyclopes,
1173 2901 1234 2943 sic
1307 2898 1419 2949 gula·

359 2961 566 3011 appellati
599 2961 675 3000 ἀπὸ
701 2964 772 3001 τοῦ
801 2962 962 3015 κύκλου,
989 2965 1101 3017 quod
1127 2976 1235 3004 unus
1357 2959 1441 3000 Aut
1470 2973 1590 3000 vanus
1633 2960 1780 3001 tonitru
1809 2961 2024 3001 deludimus
2055 2961 2186 3013 aures]

358 3023 535 3073 singulis
565 3030 680 3063 esset
699 3027 862 3077 oculus,
882 3030 927 3066 et
958 3026 993 3065 is
1022 3027 1064 3066 in
1094 3027 1237 3067 media
1307 3021 1556 3062 convicium
1572 3035 1597 3061 a
1614 3022 1794 3074 Virgilio
1811 3027 2058 3062 mutuatur:
2082 3026 2093 3044 ‘
2116 3023 2185 3063 An

358 3082 517 3135 fronte,
556 3086 777 3126 circinatae
823 3089 1099 3129 rotunditatis
1120 3103 1130 3128 t
1174 3091 1237 3129 iiii
1304 3088 1365 3135 te,
1386 3084 1568 3134 genitor,
1586 3096 1683 3123 cum
1699 3082 1877 3123 fulmina
1895 3090 2081 3138 imque&
2098 3087 2187 3126 Ne·

358 3158 487 3197 porro
506 3145 642 3198 fuere,
661 3149 729 3187 vel
760 3149 867 3189 Coeli
899 3156 944 3190 et
969 3152 1113 3191 Terrae
1143 3153 1236 3204 filii,
1307 3146 1534 3198 quicquam
1572 3145 1806 3194 horremus,
1825 3147 2015 3200 caecique
2048 3149 2089 3187 in
2109 3161 2187 3188 nu·

359 3209 591 3249 secundum
625 3210 873 3262 Hesiodum,
892 3213 958 3252 vel
980 3214 1174 3265 Neptuni
1192 3220 1239 3256 et
1307 3207 1432 3248 bibus
1479 3207 1600 3259 ignes
1643 3208 1903 3249 Terrificant
1933 3212 2107 3264 animos,
2139 3218 2184 3252 et

361 3270 660 3324 Amphitrites,
703 3274 938 3315 secundum
974 3278 1239 3331 Euripidem,
1307 3270 1448 3312 inania
1464 3282 1679 3311 murmura
1698 3271 1880 3313 miscent
1894 3273 1922 3312 ?’

358 3334 570 3388 iidemque
603 3336 784 3379 Vulcani
819 3338 1052 3381 administri
1087 3341 1140 3381 ad
1178 3340 1240 3381 fa·
