2300 3906
435 225 542 277 532
1011 233 1103 272 cr..
1143 224 1496 269 anumAm
1541 224 1656 263 xx.

435 355 656 407 Damna
680 353 858 404 minus
879 353 1144 402 consueta
1162 347 1398 397 movent.
1470 342 1647 394 Trans
1673 351 1898 407 aequora
1921 351 2103 390 saevas
2140 354 2142 356 ·

433 437 607 490 Verte
624 436 806 488 faces:
845 433 965 485 aliis
989 430 1221 482 exordia
1247 443 1402 479 sume
1422 425 1654 494 rapinis.
1758 482 1763 484 .
2147 419 2251 472 150

435 520 568 573 Non
593 521 692 573 tibi
719 517 1005 585 Rhiphaeis
1030 514 1204 565 hostis
1229 510 1553 579 quaerendus
1580 509 1651 559 ab
1677 507 1820 558 oris:

436 603 570 656 Non
594 619 693 670 per
719 601 1024 654 Caucasias
1051 598 1228 649 accito
1255 595 1466 647 turbine
1490 592 1663 644 valles

435 687 541 740 Est
564 702 726 754 opus.
801 682 1151 750 Ostrogothis
1179 679 1377 732 colitur
1400 678 1702 744 mixtisque
1727 673 2073 741 Gruthungis

435 771 630 838 Phryx
656 786 813 836 ager:
851 769 952 819 hos
977 780 1165 835 parvae
1190 766 1450 832 poterunt
1470 760 1749 828 impellere
1775 772 1960 810 causae

434 855 503 907 In
530 854 713 906 scelus
735 870 747 905 ε
790 852 858 904 ad
885 868 1060 903 mores
1084 850 1264 901 facilis
1290 851 1486 900 natura
1507 844 1725 897 reverti.
2146 838 2254 890 155

436 938 529 989 Sic
554 942 643 989 eat
664 954 675 988 ε
714 938 773 986 in
797 940 983 986 nostro
1003 933 1220 1000 quando
1237 932 1357 998 jam
1382 929 1552 979 milite
1574 928 1741 978 robur

434 1020 683 1088 Torpuit,
711 1023 764 1068 et
786 1017 935 1068 molli
962 1014 1152 1066 didicit
1176 1027 1365 1080 parere
1390 1011 1678 1076 magistro:

434 1103 695 1156 Vindicet
719 1099 958 1152 Arctous
980 1099 1216 1151 violatas
1241 1097 1455 1148 advena
1473 1094 1622 1162 leges
1645 1110 1659 1159 3

433 1225 615 1261 mortuos.
668 1219 835 1257 Jactura
854 1218 981 1257 minus
996 1216 1198 1256 ordinaria
1213 1218 1437 1258 commovet:
1466 1217 1642 1254 converte
1659 1214 1783 1252 toedas
1800 1213 1971 1251 crudeles
1986 1215 2098 1251 trans
2115 1210 2255 1252 maria.

439 1275 545 1323 Cape
579 1271 697 1311 initia
728 1273 781 1310 ab
813 1270 1030 1309 latrociniis
1056 1270 1160 1309 aliis.
1218 1269 1310 1308 Non
1335 1268 1409 1306 tibi
1441 1268 1563 1307 hostis
1590 1267 1846 1317 exquirendus
1871 1270 1938 1304 est
1963 1277 2012 1304 ex
2030 1263 2256 1313 regionibus

436 1325 663 1377 Rhiphaeis:
690 1336 765 1362 non
783 1324 936 1372 indiges
952 1326 1179 1373 tempestate
1196 1321 1383 1360 accersitu
1398 1333 1471 1372 per
1487 1321 1605 1359 valles
1626 1320 1805 1359 Caucasi.
1866 1320 2034 1368 Campus
2053 1317 2258 1368 Phrygius

435 1382 591 1418 tenetur
611 1377 664 1416 ab
688 1377 935 1426 Ostrogothis
953 1380 992 1415 et
1013 1375 1265 1424 Gruthungis
1290 1374 1522 1425 permixtis:
1564 1385 1689 1412 causce
1708 1373 1863 1422 exigua:
1883 1371 2063 1410 valebunt
2082 1370 2258 1409 excitare

434 1432 523 1470 illos
539 1432 590 1470 ad
607 1430 752 1469 crimen
766 1444 778 1468 .·
811 1430 956 1468 indoles
978 1428 1148 1479 propria
1157 1428 1295 1476 facilis
1314 1433 1379 1466 est
1398 1427 1526 1466 redire
1541 1429 1592 1466 ad
1611 1425 1832 1474 feritatem.
1890 1424 1957 1463 Ita
1973 1425 2047 1462 sit:
2077 1423 2257 1474 quoniam

435 1484 589 1533 visJ’am
606 1483 780 1533 elanguit
797 1482 837 1522 in
856 1482 1047 1522 militibus
1064 1482 1221 1531 nostris,
1241 1485 1278 1520 et
1295 1480 1437 1519 didicit
1455 1479 1608 1519 obedire
1625 1479 1767 1517 rectori
1786 1477 2022 1530 effoeminato
2035 1490 2048 1516 .·
2076 1481 2259 1515 externus

1196 1572 1491 1592 eeeeeeeeeeee

436 1631 611 1681 repulsas
630 1631 728 1670 vat.
749 1642 811 1680 pr.
831 1630 984 1668 Petav.
1007 1633 1244 1669 tert—149
1269 1642 1372 1669 sceva
1393 1627 1549 1668 Ambr.
1571 1630 1790 1667 see—150
1817 1625 1996 1665 incendia
2013 1625 2174 1675 Moret.
2194 1637 2259 1676 pr.

436 1683 596 1721 exordia
618 1684 683 1733 vel
712 1683 929 1732 primordia
947 1683 1050 1722 Vat.
1082 1694 1145 1732 pr.
1164 1683 1323 1732 rapinas
1341 1683 1438 1720 Vat.
1473 1685 1574 1720 tert.
1608 1692 1662 1718 m.
1690 1683 1888 1729 ρι’.-151
1924 1680 2013 1717 Non
2041 1679 2111 1716 vel
2142 1679 2258 1718 Nunc

439 1734 572 1774 Oisel.
592 1735 712 1773 hostis
728 1737 832 1773 Exc.
855 1736 1034 1773 Lucens.
1065 1746 1126 1784 pr.
1159 1736 1290 1784 hospes
1310 1735 1378 1773 ed.
1400 1734 1542 1771 Vicet.
1576 1733 1619 1770 in
1648 1733 1729 1769 oris
1762 1732 1870 1770 Exc.
1899 1731 2025 1780 Laeti,
2042 1732 2259 1771 'niuam—

438 1790 515 1826 152
530 1791 694 1836 angusto
708 1787 828 1826 Rott.
845 1787 971 1825 excito
984 1787 1097 1837 conj.
1112 1786 1396 1826 Heius—153
1417 1784 1651 1835 Ostrogonis
1662 1783 1781 1823 Med.
1795 1789 1934 1835 quart.
1952 1785 2051 1824 Put.
2065 1784 2161 1825 Pat.
2174 1785 2258 1825 inc.

438 1839 587 1879 Heius.
607 1839 839 1889 Ostrogogis
853 1839 971 1878 Med.
985 1851 1050 1888 pr.
1069 1840 1319 1888 Ostrogothis
1333 1840 1435 1878 Lov.
1449 1840 1554 1878 Exc.
1571 1838 1748 1878 Gevart.
1767 1836 2040 1887 Obstrogothis
2053 1837 2154 1876 Var.
2170 1837 2258 1877 LL.

437 1892 506 1931 ed.
537 1892 666 1931 Antv.
698 1893 927 1940 Ostrogetos
953 1892 1087 1931 Oisel.
1127 1892 1351 1941 Astrogotis
1379 1892 1538 1930 Mazar.
1576 1889 1802 1941 Astu-agetis
1826 1890 1988 1929 Thuan.
2019 1890 2263 1940 Antrogonis

437 1945 597 1984 Moret.
618 1956 681 1995 pr.
699 1945 897 1996 Otrhysiis
908 1944 935 1985 J
941 1956 1007 1983 un.
1025 1956 1087 1994 pr.
1108 1943 1332 1994 Grutungis
1348 1950 1432 1983 vet.
1449 1945 1556 1994 Gyr.
1580 1944 1693 1983 Med.
1709 1949 1848 1995 quart.
1868 1943 2118 1994 Gruthungis
2138 1943 2260 1985 Leid.

438 2009 506 2048 pr.
527 1997 631 2036 Exc.
653 1998 831 2036 anens.
861 2008 946 2035 see.
968 1996 1070 2036 Var.
1092 1997 1174 2036 LL.
1195 2010 1217 2036 e
1238 2010 1373 2048 marg.
1401 1997 1541 2037 Parm.
1567 1997 1778 2047 Gritungis
1795 1996 1914 2036 Med.
1934 2002 2034 2037 tert.
2065 1997 2264 2048 Grutugis

439 2049 507 2089 ed.
527 2050 667 2089 Vicet.
690 2049 908 2089 Grotunnis
928 2049 1024 2089 Vat.
1044 2061 1128 2089 sec.
1145 2051 1269 2089 Farn.
1291 2050 1407 2090 Med.
1428 2062 1492 2101 pr.
1508 2050 1589 2089 inc.
1609 2050 1756 2090 Heius.
1771 2050 1878 2090 Put.
1901 2049 2012 2102 Reg.
2034 2050 2178 2090 Oxou.
2194 2062 2261 2102 pr.

439 2101 587 2142 Ambr.
607 2107 652 2142 et
669 2103 828 2142 Μαι-ετ.
848 2115 913 2154 pr.
931 2103 1030 2143 Var.
1053 2103 1135 2142 LL.
1169 2115 1193 2142 e
1225 2115 1357 2154 marg.
1387 2103 1528 2143 Parm.
1547 2115 1601 2143 m.
1620 2115 1705 2142 sec.
1740 2103 1991 2145 Gruthunnis
2019 2109 2107 2143 tres
2134 2104 2260 2144 Vatt.

440 2155 536 2195 Pal.
557 2155 688 2195 Oisel.
707 2156 856 2195 Petav.
892 2168 955 2206 pr.
990 2156 1153 2195 Mazar.
1177 2156 1422 2196 Grothunnis
1449 2157 1639 2196 Florent.
1663 2156 1881 2199 Grotundis
1900 2156 2020 2197 Med.
2053 2168 2138 2198 sec.
2160 2157 2264 2196 Gro-

440 2207 599 2247 thundis
617 2208 735 2248 Prie.
759 2209 876 2248 Rott.
900 2209 1123 2249 Grutundis
1142 2209 1282 2250 Oxon.
1307 2222 1390 2249 sec.
1422 2210 1629 2249 Glutondis
1661 2210 1763 2248 Low
1795 2210 2016 2249 Grucondis
2047 2211 2154 2251 Exc.
2175 2210 2263 2251 Ge-

441 2266 548 2300 vart.
565 2261 807 2301 Gruthondis
824 2263 985 2301 Bonon.
999 2263 1155 2311 Moret.
1177 2274 1262 2303 sec.
1277 2263 1650 2305 Grocomis'l'huan.
1671 2262 1915 2313 Gruthongis
1930 2263 2097 2304 Tholos.
2114 2261 2262 2304 Ambr.

438 2325 524 2353 sec.
553 2314 771 2364 Grotongis
793 2316 895 2354 Vat.
929 2315 1063 2366 quint.
1099 2315 1343 2365 Gruthendis
1370 2316 1519 2358 Petav,
1553 2322 1657 2356 tert.
1695 2315 1918 2355 Grutunm’s
1934 2316 2037 2357 Jun.
2067 2329 2131 2368 pr.
2158 2317 2264 2357 Vat.

439 2366 580 2405 Livin.
604 2367 792 2406 Gratodis
807 2368 910 2407 Var.
927 2369 1009 2407 LL.
1030 2368 1098 2407 ed.
1122 2369 1250 2409 Antv.
1275 2369 1497 2421 Grutundis
1524 2375 1570 2408 et
1602 2369 1875 2408 emendatum
1898 2368 2122 2420 Grutongis
2139 2367 2263 2409 Leid.

441 2430 526 2458 sec.
550 2419 796 2469 Gruthungis
815 2425 859 2458 et
880 2433 934 2460 m.
963 2433 1048 2459 sec.
1072 2422 1294 2474 Gothynnis
1321 2423 1426 2461 Exc.
1455 2422 1578 2462 Laeti.
1610 2422 1830 2471 Gothongis
1862 2423 1967 2461 Exc.
1989 2423 2094 2462 Cod.
2113 2423 2265 2468 Rhem.

440 2475 591 2522 postea
609 2483 778 2522 semper
800 2472 1178 2522 Grothungi.—l54
1207 2476 1348 2526 Phryx
1371 2475 1530 2515 Geticos
1545 2487 1676 2526 parvoe
1694 2476 1794 2514 Vat.
1815 2487 1898 2515 sec.
1920 2475 2012 2515 Pal.
2043 2475 2164 2514 Med.
2193 2487 2259 2527 ρι’.

439 2524 544 2564 item
564 2522 711 2564 Ambr.
741 2525 864 2564 Getas
878 2525 995 2565 Med.
1016 2530 1116 2565 tert.
1138 2527 1290 2566 Gothos
1319 2527 1383 2567 ed.
1410 2529 1552 2567 Parm.
1574 2527 1716 2578 Phryx
1740 2528 1900 2567 Geticos
1918 2528 1987 2566 vel
2006 2528 2151 2580 Phryx
2167 2541 2266 2579 ager

442 2577 510 2616 hos
525 2576 630 2617 Lov.
647 2577 732 2616 thos
751 2577 871 2616 deest
885 2578 929 2616 in
942 2579 1202 2630 Vat..quart.
1220 2585 1266 2619 et
1286 2581 1425 2631 quint.
1443 2585 1481 2619 et
1499 2593 1631 2631 parvoe
1645 2581 1804 2619 Mutet.
1824 2584 2043 2620 sec.—l55
2060 2581 2128 2621 Ad
2145 2582 2267 2622 scelus

442 2630 545 2668 Vat.
566 2634 667 2668 tert.
690 2631 748 2669 En
763 2632 885 2670 scelus
896 2632 991 2670 Vat.
1014 2643 1074 2681 pr.
1089 2632 1130 2671 in
1142 2645 1265 2672 mores
1283 2632 1431 2672 Ambr.
1448 2646 1511 2683 pr.
1524 2637 1563 2672 et
1582 2632 1708 2672 velud
1720 2645 1843 2673 mores
1859 2630 2100 2685 Rege-156
2119 2634 2187 2675 Sic
2201 2639 2266 2675 eat

443 2681 486 2721 in
500 2686 631 2721 nostra
647 2682 787 2723 Oxon.
807 2695 890 2723 sec.
920 2684 1007 2723 Hoc
1026 2685 1123 2724 Vat.
1140 2698 1205 2740 pr.
1221 2698 1275 2724 m.
1298 2697 1363 2736 pr.
1388 2690 1473 2726 erat
1493 2687 1620 2730 Farn.
1638 2686 1801 2726 Bonon.
1818 2690 1879 2728 eat
1897 2686 1981 2725 dno
1995 2686 2146 2728 Leidd.
2166 2699 2266 2728 cum

445 2735 593 2785 viginti
614 2735 748 2774 tribus
767 2736 874 2786 aliis,
893 2738 1000 2777 Exc.
1032 2737 1208 2778 Gevart.
1242 2740 1424 2778 Lucens.
1460 2751 1525 2789 pr.
1558 2739 1709 2779 Sched.
1745 2738 1859 2779 Gud.
1892 2738 1992 2778 Ald.
2025 2739 2093 2780 ed.
2123 2741 2265 2781 Vicet.

443 2788 544 2828 Var.
566 2789 650 2828 LL.
668 2800 692 2827 e
709 2801 839 2840 marg.
859 2789 1001 2829 Parm.
1022 2795 1066 2829 et
1093 2791 1162 2830 ed.
1184 2791 1316 2831 Antv.
1338 2796 1463 2830 vestro
1479 2793 1604 2832 Farn.
1625 2793 1742 2831 Prie.
1760 2795 1912 2843 quando
1928 2793 2090 2833 Mazar.
2111 2794 2265 2835 Petav.

445 2878 530 2906 sec.
548 2868 726 2929 quoniam
746 2868 828 2908 duo
846 2869 967 2909 vatt.
987 2870 1102 2911 Prie.
1124 2871 1243 2910 Rott.
1265 2870 1406 2912 Oxon.
1425 2885 1489 2923 ρι’.
1510 2873 1615 2912 Exc.
1636 2873 1734 2913 Pat.
1757 2884 1842 2913 rec.
1861 2854 1930 2925 (sni
1959 2873 2113 2915 petav,
2131 2887 2196 2926 pr.
2216 2862 2267 2926 qn

443 2918 494 2969 [f.
515 2921 712 2971 quomam]
732 2922 832 2961 Pnt.
862 2923 967 2973 Reg.
988 2924 1144 2963 Thnan.
1179 2925 1332 2964 Petav.
1354 2931 1451 2965 tert,
1473 2927 1636 2966 Bonon.
1665 2927 1763 2966 Pat.
1795 2927 1968 2968 Tholos.
1997 2927 2147 2968 Ambr.
2179 2940 2266 2970 sec.

445 2972 554 3033 Lov.
568 2973 711 3012 Oxon.
730 2979 944 3014 sem—157
976 2976 1138 3015 Sorbuit
1160 2977 1261 3016 Vat.
1285 2984 1387 3018 tert.
1421 2979 1555 3018 Oisel.
1577 2979 1740 3031 Sorpuit
1757 2981 1858 3020 Vat.
1879 2993 1944 3032 pr.
1963 2993 2020 3020 ιιι.
2038 2993 2104 3033 ρι’.
2121 2982 2263 3021 didicit

448 3025 554 3065 molti
581 3024 730 3066 Ambr.
750 3039 814 3077 ρι’.
832 3031 984 3079 torpere
1013 3030 1245 3071 Pan—158
1279 3032 1464 3072 Vendicet
1494 3033 1563 3072 vel
1588 3033 1768 3073 Vindicet
1789 3033 2037 3086 Reg.—159
2061 3036 2266 3078 succedant

1268 3139 1449 3182 NOTAE

505 3212 583 3249 150
611 3211 931 3263 RapinisJAliis
964 3215 1214 3268 latrociniis,
1228 3219 1323 3258 aliis
1387 3219 1562 3272 thunnis,
1582 3221 1753 3274 popffls
1776 3221 2123 3274 Septemtrionis.

447 3271 594 3313 bellis:
625 3275 724 3314 olim
742 3276 915 3326 milites,
926 3279 1109 3319 latrones
1125 3294 1134 3330 ;
1155 3287 1200 3322 et
1210 3283 1324 3322 bell-a
1444 3288 1519 3323 155
1535 3285 1601 3325 Ad
1613 3286 1754 3337 mores]
1773 3285 2003 3326 Horatius:
2024 3287 2037 3309 ‘
2056 3286 2266 3326 Naturam

449 3334 700 3378 dio-bantur
720 3338 954 3381 latrocinia.
1388 3346 1578 3397 expellas
1593 3347 1730 3400 furca,
1743 3354 1883 3388 tamen
1898 3353 2030 3400 usque
2044 3347 2269 3388 recurret?

506 3401 583 3438 153
626 3399 894 3454 Gruthungis]
939 3402 1029 3444 Alii
1063 3405 1212 3458 legunt
1246 3408 1324 3447 Go-
1444 3411 1522 3448 158
1548 3410 1716 3451 Arctous
1740 3411 1908 3464 advena]
1932 3411 2066 3453 Gothi
2096 3423 2152 3453 ex
2181 3410 2281 3452 oris-
