2300 3906
349 210 459 264 598
930 225 1021 264 cn.
1062 220 1412 263 cLAUmANl
1454 222 1599 262 xxx.

348 343 622 396 Cornibus
646 345 892 396 infractis
917 344 1063 411 adeo·
1081 343 1372 394 mitescere
1396 343 1567 409 cogis,

348 429 428 482 Ut
453 431 638 482 Salius
654 431 771 498 jam
798 443 927 480 rura
953 427 1116 491 colat,
1141 427 1426 494 flexosque
1452 426 1790 494 Sygambrus

347 514 416 566 In
439 515 637 567 falcem
663 517 852 566 curvet
875 511 1104 579 gladioS,
1133 511 1486 577 geminasque
1513 510 1690 562 viator
1739 556 1744 560 .

347 598 489 650 Cum
514 599 696 650 videat
721 598 888 664 ripaS‚
916 612 1041 663 quae
1069 595 1140 647 sit
1163 594 1418 646 Romana
1441 592 1698 659 requirat.

346 682 427 733 Ut
443 683 561 751 jam
587 688 734 734 trans
760 682 1004 743 fluvium,
1030 697 1138 732 non
1162 679 1479 745 indignante
1506 675 1718 740 Caiico,
2054 680 2165 732 225

343 765 548 818 Pascat
573 767 747 833 Belga
770 782 957 833 pecus5
983 766 1328 831 mediumque
1354 764 1597 829 ingressa
1622 777 1720 827 per
1744 760 1914 815 Albin

343 849 566 902 Gallica
592 850 929 901 Francorum
953 852 1167 901 montes
1192 851 1433 899 armenta
1457 850 1769 913 pererrent:

342 933 422 985 Ut
445 935 635 1001 procul
662 933 961 1001 Hercyniae
987 949 1085 1000 per
1107 937 1269 983 vasta
1294 930 1517 982 silentia
1541 927 1715 994 sylvae

341 1018 555 1069 Venari
578 1022 697 1070 tuto
720 1017 904 1080 liceat,
927 1018 1195 1084 lucosque
1219 1018 1432 1067 vetusta

337 1154 531 1204 mitigari,
548 1158 593 1192 ut
603 1154 690 1202 jam
708 1152 810 1192 Salii
838 1153 1016 1191 excolant
1044 1164 1154 1201 arva,
1173 1156 1212 1190 et
1239 1150 1444 1203 Syr-ambri
1461 1151 1616 1191 sinuent
1632 1164 1740 1191 enses
1757 1157 1936 1193 curvatos
1949 1153 1990 1193 in
1997 1153 2163 1206 falcem,

337 1213 374 1248 et
393 1209 520 1246 viator
537 1220 623 1246 cum
638 1211 783 1258 spectet
810 1208 947 1245 littora
977 1207 1065 1254 duo,
1096 1209 1207 1256 petat
1242 1206 1432 1255 quodnam
1466 1206 1520 1243 sit
1558 1206 1787 1244 Romanum.
1851 1208 1906 1245 Ut
1921 1207 2009 1255 J'am
2029 1208 2162 1257 Belga

336 1262 492 1300 nutriat
521 1273 662 1311 pecora
697 1261 802 1299 ultra
809 1260 974 1311 flumen,
995 1260 1121 1298 Caaco
1140 1271 1215 1297 non
1247 1260 1450 1307 irascente,
1479 1262 1517 1298 et
1534 1264 1711 1298 armenta
1744 1258 1899 1299 Gallica
1922 1265 2163 1312 praetereun-

336 1315 395 1353 tia
419 1327 491 1365 per
525 1314 658 1353 Alb‘im
692 1314 857 1352 medium
892 1317 1105 1363 peragrent
1140 1313 1252 1350 colles
1280 1311 1536 1350 Franconiae:
1563 1317 1607 1351 ut
1625 1313 1881 1362 permittatur
1899 1314 2032 1352 venari
2050 1316 2163 1364 longe

334 1380 404 1418 per
416 1368 642 1406 solitudines
652 1367 811 1406 silentes
826 1368 945 1417 sylvoe
962 1366 1189 1417 Hercynioe,
1208 1369 1247 1403 et
1273 1369 1320 1403 ut
1342 1377 1490 1403 secures
1508 1370 1650 1405 nostra>
1667 1368 1886 1417 percutiant
1904 1371 1988 1406 tuto
2006 1372 2163 1408 nemora

1101 1458 1121 1472 Ι
1127 1456 1295 1473 “O“O‘
1301 1457 1396 1471 ‘'O“

339 1526 518 1565 Gevart.
540 1528 719 1567 Lucens.
739 1538 822 1566 sec.
838 1526 942 1565 Var.
963 1527 1047 1565 LL.
1068 1525 1135 1563 ed.
1164 1523 1295 1563 Antv.
1316 1524 1419 1563 item
1441 1524 1627 1563 Florent.
1647 1537 1743 1565 cum
1763 1526 1900 1575 glossa
1932 1525 1959 1565 i.
1979 1538 2012 1564 e.
2029 1527 2162 1577 plena.

336 1583 420 1617 tota
439 1586 484 1617 et
503 1581 841 1630 superscriptum
867 1581 983 1630 plena
1019 1579 1127 1629 Reg.
1161 1576 1249 1624 fuit
1277 1577 1345 1615 vel
1361 1577 1476 1616 micet
1496 1578 1630 1617 Oisel.
1675 1578 1887 1617 minantem
1905 1578 1987 1617 inc.
2008 1580 2160 1620 Heius.

335 1635 469 1671 ——222
499 1633 629 1671 Salius
648 1634 802 1671 Petav.
833 1645 915 1672 sec.
946 1631 1065 1671 Med.
1083 1636 1187 1669 tert.
1208 1630 1291 1668 inc.
1312 1629 1463 1669 Heins.
1481 1630 1565 1669 dno
1581 1629 1730 1669 Ambr.
1752 1631 1854 1670 Var.
1876 1643 1900 1670 e
1920 1632 2005 1672 LL.
2025 1644 2162 1684 marg.

334 1684 480 1724 Parni.
527 1685 663 1724 Sacris
682 1687 780 1725 Pat.
798 1685 948 1724 Saevus
965 1696 1109 1723 omnes
1126 1683 1247 1721 Vatt.
1270 1683 1363 1721 Pal.
1384 1684 1512 1722 Farn.
1543 1683 1659 1723 Prie.
1680 1684 1804 1724 Rott.
1825 1684 1960 1724 Oisel.
1975 1685 2077 1725 Jun.
2093 1697 2160 1737 pr.

335 1737 486 1776 Ambr.
522 1750 608 1777 sec.
644 1740 749 1777 Lov.
790 1739 931 1778 Oxon.
969 1749 1051 1776 sec.
1080 1735 1202 1775 ambo
1232 1736 1390 1775 Moret.
1415 1735 1512 1774 Ald.
1532 1737 1636 1775 Exc.
1658 1737 1769 1776 Laeti
1798 1742 1845 1776 et
1861 1738 1962 1777 Var.
1984 1739 2068 1780 LL.
2085 1739 2159 1780 ed.

333 1790 466 1829 Antv.
512 1790 642 1830 Salius
674 1793 741 1830 vel
769 1791 916 1830 Saevus
952 1791 1062 1840 Reg.
1094 1789 1234 1828 Oxon.
1263 1800 1331 1838 pr.
1361 1788 1455 1837 jura
1472 1790 1573 1828 Vat.
1593 1801 1659 1841 pr.
1678 1802 1734 1829 m.
1764 1803 1830 1841 pr.
1860 1791 1975 1831 Prie.
1995 1804 2050 1831 m.
2072 1804 2160 1834 sec.

333 1844 468 1883 Oisel.
512 1848 600 1882 tuta
619 1844 783 1884 'Phuan
818 1844 1023 1894 flexusque
1053 1842 1153 1882 vat.
1183 1854 1250 1893 pr.
1281 1841 1374 1881 Pal.
1400 1842 1516 1881 Prie.
1537 1842 1620 1882 duo
1639 1843 1791 1882 Medd.
1809 1844 1909 1885 Jun.
1929 1857 1992 1895 pr.
2013 1846 2160 1886 Oxon.

330 1908 417 1936 sec.
448 1897 661 1936 Sit-amoris
679 1899 747 1937 ed.
768 1898 908 1938 Vicet.
929 1895 1156 1936 Sicambrus
1174 1896 1364 1934 Florent.
1385 1894 1469 1933 duo
1485 1896 1633 1935 Medd.
1661 1895 1891 1947 Sigrambus
1907 1898 2039 1938 Oisel.
2081 1899 2158 1952 Sy-

331 1950 507 1988 cambrus
519 1952 620 1991 Vat.
641 1963 706 2002 pr.
725 1957 772 1990 et
790 1956 890 1991 tert.
910 1951 1004 1989 Pal.
1018 1949 1137 1988 Prie.
1170 1947 1379 1998 flexusque
1393 1947 1615 1988 Sicambrus
1630 1949 1797 1990 Thuan.
1815 1951 1974 1991 Mazar.
2004 1951 2158 1992 Sicam-

333 2002 395 2041 bri
410 2004 540 2043 Gesn.
561 2009 605 2042 et
624 2004 690 2043 ed.
710 2005 1017 2055 Bipont.—-223
1037 2002 1167 2050 falces
1184 2002 1284 2041 Vat.
1306 2014 1392 2040 sec.
1439 2007 1601 2042 cuneant
1621 2004 1725 2043 Exc.
1748 2005 1873 2044 Laeti.
1901 2009 2035 2044 curvet
2054 2007 2155 2047 Vat.

334 2067 400 2106 pr.
421 2063 463 2095 et
483 2061 581 2095 tert.
598 2057 696 2096 Pal.
717 2058 836 2096 Prie.
859 2057 994 2095 Oisel.
1014 2056 1116 2097 Jun.
1147 2059 1193 2094 et
1224 2055 1376 2094 Petav.
1415 2067 1481 2106 pr.
1513 2056 1656 2096 Oxon.
1677 2069 1765 2098 sec.
1784 2059 1945 2098 Mazar.
1965 2059 2158 2100 Florent.

333 2109 420 2147 dno
463 2109 613 2150 Medd.
659 2115 815 2150 curvent
859 2109 994 2149 Gesn.
1040 2114 1083 2147 et
1117 2108 1185 2147 ed.
1214 2107 1526 2158 Bipont.—224
1558 2111 1655 2148 Cum
1690 2111 1822 2150 videat
1850 2112 1954 2151 Put.
2000 2114 2157 2152 videant

331 2160 481 2206 Ambr.
498 2168 597 2202 tert.
641 2176 726 2213 quoe
738 2165 804 2202 vel
822 2176 872 2202 an
889 2163 943 2202 sit
961 2164 1062 2202 Vat.
1082 2174 1149 2212 pr.
1194 2161 1275 2200 sint
1303 2160 1446 2213 Prie...
1465 2163 1630 2212 requirit
1645 2165 1744 2203 Vat.
1762 2177 1847 2204 sec.
1869 2165 1991 2205 Rott.
2012 2166 2156 2208 Oxon.

333 2219 531 2265 pr.—225
566 2217 691 2267 Cayco
730 2216 879 2256 Ambr.
914 2221 1018 2256 tert.
1055 2216 1162 2254 Exc.
1183 2213 1308 2253 Laeti.
1358 2215 1512 2266 Cayclzo
1533 2216 1723 2255 Florent.
1744 2218 1863 2257 Med.
1883 2231 1965 2259 sec.
2011 2220 2156 2259 Caicho

330 2269 434 2308 Vat.
452 2281 536 2308 sec.
552 2269 677 2310 Farn.
692 2270 811 2310 Med.
824 2275 963 2321 quart.
986 2268 1127 2308 Coicho
1142 2269 1249 2319 Reg.
1275 2267 1437 2306 Caischo
1450 2268 1570 2307 Leid.
1587 2281 1650 2319 pr.
1674 2270 1818 2309 Cahico
1830 2272 1930 2311 Vat.
1948 2277 2048 2313 tert.
2057 2274 2155 2313 Pal.

329 2322 497 2361 Thnan.
518 2322 635 2361 Med.
655 2336 720 2374 pr.
766 2323 884 2363 Caico
903 2324 1005 2362 Put.
1021 2322 1177 2361 Petav.
1198 2334 1264 2373 pr.
1291 2321 1375 2360 duo
1392 2321 1514 2360 Vatt.
1531 2321 1653 2361 ambo
1673 2323 1833 2364 Moret.
1868 2325 2013 2364 Chaico
2032 2326 2153 2366 Prie.

330 2375 451 2415 Rott.
469 2375 636 2415 Tholos.
656 2377 810 2415 Petav.
826 2381 927 2416 tert.
974 2375 1142 2414 Clleruco
1160 2375 1265 2414 Var.
1287 2375 1374 2414 LL.
1395 2385 1418 2413 e
1438 2387 1569 2426 marg.
1589 2375 1735 2415 Parm.
1769 2377 1923 2417 Chauco
1936 2384 2023 2419 vet.
2044 2379 2152 2430 Gyr.

332 2428 658 2469 Chauchooisel.
690 2430 843 2468 Caucho
857 2430 896 2467 V
899 2435 957 2469 at.
971 2441 1036 2480 pr.
1050 2428 1168 2467 Med.
1181 2428 1456 2468 tert.Bonon.
1472 2427 1621 2468 Ambr.
1641 2441 1705 2480 pr.
1718 2429 1872 2469 PetaV.
1893 2443 1977 2471 sec.
2008 2433 2155 2472 Caicho

327 2482 395 2520 vel
418 2481 571 2520 Chauco
583 2483 686 2522 Low
709 2483 862 2533 Chayco
882 2483 951 2522 vel
973 2482 1166 2521 Chenicho
1184 2482 1268 2520 inc.
1288 2480 1437 2521 Heins.
1472 2482 1588 2520 Caico
1605 2483 1671 2521 vel
1692 2483 1891 2523 Cherucho
1900 2483 2049 2525 Ambr.
2063 2497 2152 2526 sec.

325 2538 460 2574 -226
487 2535 608 2574 Belca
639 2537 754 2575 Rott.
792 2535 912 2574 Med.
944 2547 1032 2575 sec.
1078 2534 1211 2574 Albim
1243 2539 1427 2586 quatuor
1454 2535 1576 2573 Vatt.
1615 2536 1710 2575 Pal.
1730 2537 1858 2576 Farn.
1886 2538 2004 2578 Pric.
2029 2539 2150 2579 Rott.

326 2588 447 2626 Albin
467 2589 574 2638 Reg.
591 2589 753 2628 Bonon.
767 2590 926 2628 Moret.
945 2600 1031 2628 sec.
1051 2588 1138 2628 inc.
1160 2587 1311 2626 Heius.
1332 2586 1433 2626 Ald.
1460 2589 1564 2627 Var.
1586 2588 1671 2628 LL.
1697 2600 1720 2627 e
1742 2601 1875 2641 marg.
1894 2590 2037 2632 Parm.
2080 2593 2152 2632 Al·
2234 2602 2265 2627 ἰ

327 2640 416 2679 bum
442 2641 603 2681 Thoan.
635 2642 791 2681 Petav.
824 2645 1023 2693 pru—227
1042 2641 1247 2690 fumorum
1275 2641 1533 2680 Rott.—228
1561 2641 1762 2681 Hirciniae
1795 2644 1900 2683 LoV.
1950 2645 2154 2685 Eutheriae
2187 2677 2190 2682 .

326 2693 406 2734 inc.
426 2693 714 2736 Heins.-229
748 2695 914 2735 Vernari
931 2694 1050 2735 Med.
1070 2697 1290 2735 sem—230
1319 2694 1368 2733 In
1399 2695 1555 2744 regione
1585 2695 1683 2735 Vat.
1704 2707 1769 2747 pr.
1789 2700 1834 2736 et
1852 2701 1953 2739 tert.
1981 2711 2036 2741 ιιι.
2063 2711 2152 2739 sec.

1147 2811 1329 2853 NOTAE

377 2917 455 2953 221
489 2915 680 2956 Cornibus
711 2916 914 2968 infractis]
955 2917 1113 2956 Fracta
1133 2914 1201 2955 ob·
1266 2913 1424 2952 Franci
1442 2913 1825 2965 distinguebantur.
1882 2917 1998 2957 Galli
2025 2925 2150 2961 erant

325 2976 554 3017 stinatione
573 2980 840 3030 populorum.
1268 2974 1340 3026 qui
1364 2975 1529 3015 Gallias
1558 2988 1689 3029 usque
1711 2977 1765 3016 ad
1795 2974 2056 3020 Rhenum'et
2084 2984 2147 3022 nl-

375 3032 457 3069 222
484 3029 629 3082 Salius,
647 3032 906 3084 Sygambrus]
931 3032 1032 3072 Salii
1055 3031 1202 3083 populi
1267 3038 1400 3078 terius
1432 3044 1655 3090 protensas
1683 3041 1927 3082 incolebant
1949 3056 1960 3082 ι
1991 3044 2150 3086 Franci

324 3095 485 3134 accolae
506 3093 622 3134 fluvii
642 3098 749 3136 Salae
771 3098 812 3136 in
832 3098 1069 3136 Franconia
1087 3111 1097 3136 ε
1126 3097 1201 3148 Sy·
1267 3113 1368 3141 vero
1388 3107 1510 3141 erant
1527 3103 1674 3155 populi
1695 3105 1956 3145 Franconiae.

322 3156 488 3197 cambri
508 3159 577 3197 vel
595 3158 821 3210 Sygambri
835 3159 982 3210 populi
994 3160 1201 3200 Ubiorum
1320 3168 1401 3204 228
1430 3165 1661 3218 Hercyniae]
1677 3168 1807 3219 Sylva
1822 3168 2042 3220 Hercynia
2056 3170 2145 3211 late

321 3224 515 3260 veterum
534 3232 680 3261 versus
700 3221 932 3261 Coloniam.
1267 3227 1367 3267 olim
1413 3240 1491 3280 per
1522 3230 1797 3272 Germaniam
1833 3243 1994 3283 sparsa,
2030 3245 2145 3275 nunc
2223 3228 2226 3237 ¹

373 3285 451 3322 225
484 3283 629 3335 Caiico]
675 3284 810 3323 Cauci
843 3284 1095 3325 accolebant
1122 3284 1197 3325 Al·
1263 3302 1366 3330 vero
1400 3291 1443 3329 in
1488 3293 1703 3333 montibus
1753 3294 2029 3346 Bojohaemis,
2059 3297 2142 3337 etsi

321 3343 409 3395 bin,
425 3348 471 3384 et
489 3345 646 3396 Belgas
666 3346 823 3397 saepius
841 3345 1114 3388 infestabant.
1262 3365 1416 3405 magna
1445 3366 1613 3410 quoque
1651 3361 1730 3411 est,
1759 3358 1884 3411 longe
1914 3364 2143 3402 esttamen
2176 3389 2186 3398 .

375 3409 455 3449 22⁷
484 3407 638 3449 Gallica
679 3410 936 3461 Francorum]
982 3410 1098 3452 Galli
1150 3417 1198 3454 et
1264 3417 1500 3468 angustior.
