2300 3906
331 204 469 258 ⁴796-

342 337 466 391 Stat
490 337 689 406 gelidis
714 337 905 404 auriga
923 335 1131 409 plagis:
1169 335 1403 402 vestigia
1423 335 1604 390 fratris

341 421 632 475 Germanae
656 424 875 473 servant
900 419 1166 488 Hyades;
1207 418 1490 487 Cycnique
1513 420 1723 473 sodalis

341 506 586 559 Lacteus
613 509 871 556 extentas
892 506 1135 572 aspergit
1160 505 1405 556 circulus
1434 505 1570 557 alas.

339 590 593 656 Stelliger
613 589 887 641 Eridanus
912 590 1147 641 sinuatis
1173 588 1412 640 flexibus
1437 604 1623 641 errans

338 671 506 725 Clara
532 674 668 726 Noti
693 689 951 726 convexa
975 675 1132 740 rigat,
1159 672 1456 741 gladioque
1481 672 1821 725 tremendum

338 756 567 825 Gurgite
592 758 806 811 sidereo
831 759 1121 811 subterluit
1145 757 1374 810 Oriona.

337 840 469 894 Hoc
499 843 653 895 Deus
680 842 944 911 effulgens
965 845 1155 895 habitu
1181 845 1504 912 prospectat
1526 846 1714 895 euntes

319 925 573 994 „Dejecta
593 928 803 978 cervice
829 926 1028 979 Getas,
1103 927 1264 978 Tunc
1290 927 1422 979 talia
1444 925 1617 979 fatur:

405 1007 624 1061 Siccine
649 1010 876 1063 mutatis
901 1027 1188 1079 properaS,
1214 1011 1458 1075 Alarice,
1483 1013 1684 1065 reverti

865 222 898 259 0
910 220 961 260 h.
997 217 1355 259 chauonim
1396 214 1635 258 xxvni.

2057 588 2162 642 1⁶75

2056 1009 2163 1064 180

336 1170 400 1210 sui
417 1171 652 1213 anhelantis.
706 1174 864 1224 Auriga
882 1174 952 1214 hic
970 1175 1152 1215 consistit
1166 1174 1207 1214 in
1236 1175 1460 1225 regionibus
1467 1175 1639 1226 frigidis
1650 1190 1663 1216 .-
1705 1175 1869 1228 Hyades
1879 1186 2028 1216 sorores
2043 1173 2170 1214 obser·

333 1229 426 1265 vane
441 1237 622 1276 gressum
628 1226 782 1273 fratris
802 1229 884 1276 sui,
916 1233 955 1271 et
974 1230 1041 1267 via
1061 1230 1186 1268 lactea
1206 1231 1354 1280 irrigat
1370 1242 1516 1281 pennas
1530 1235 1733 1281 porrectas
1754 1230 1878 1282 Cycni
1903 1229 2014 1269 socii.
2071 1229 2166 1268 Eri-

331 1281 455 1318 danus
472 1279 636 1329 astrifer
654 1292 803 1330 vagans
829 1280 1073 1329 anfractibus
1104 1285 1276 1322 carratis
1302 1284 1451 1322 irrorat
1479 1287 1633 1334 partem
1662 1283 1805 1324 Austri
1834 1283 2096 1331 manifestam,
2129 1285 2169 1320 et

332 1331 463 1371 subter
480 1332 631 1382 irrigat
657 1346 759 1385 aqua
776 1347 852 1373 sua
875 1336 1062 1375 Orionem
1069 1335 1370 1383 formidandum
1389 1348 1477 1375 ense
1493 1337 1653 1377 calesti.
1710 1337 1824 1375 Dens
1843 1336 2054 1376 Eridanus
2072 1335 2168 1374 emi-

328 1398 420 1424 cans
437 1386 511 1425 hac
529 1390 634 1426 veste
652 1387 797 1438 aspicit
819 1387 946 1427 Getas
948 1388 1155 1438 fugientes
1172 1390 1264 1428 collo
1283 1390 1447 1429 demisso
1458 1403 1471 1428 .·
1501 1395 1545 1429 et
1564 1394 1647 1428 tum
1664 1389 1834 1440 loquitur
1849 1390 1929 1428 hoee
1944 1402 1958 1429 .-
1987 1389 2118 1436 Itane,
2137 1399 2164 1426 ο

330 1439 505 1490 Aleriae,
525 1439 701 1488 festinas
727 1440 858 1481 redire
888 1443 1055 1493 inceptis
1084 1440 1279 1483 inversis?
1334 1443 1451 1482 Itane
1470 1442 1559 1491 jam
1589 1447 1629 1482 te
1646 1444 1765 1482 taedet
1796 1442 1970 1493 regionis
1999 1438 2166 1482 Italia?

1133 1548 1433 1564 ‘cecoton-000

327 1631 414 1659 men
430 1619 550 1659 Med.
572 1623 810 1661 tert—173
851 1622 999 1660 sodales
1026 1620 1135 1660 Exc.
1158 1620 1342 1660 Lucens.
1363 1632 1451 1660 sec.
1468 1620 1572 1660 Var.
1594 1620 1680 1661 LL.
1703 1618 1772 1661 ed.
1792 1617 2061 1660 Anna—1⁷4
2088 1630 2158 1660 ex-

327 1678 456 1711 tensas
476 1673 661 1713 Florent.
682 1674 808 1714 Faru.
829 1674 993 1713 Moret.
1015 1686 1079 1725 pr.
1104 1674 1209 1713 Exc.
1242 1673 1424 1714 Lucens.
1454 1685 1519 1726 pr.
1541 1673 1609 1715 ed.
1630 1673 1772 1714 Vicet.
1801 1674 1972 1713 excelsas
2001 1674 2165 1715 Thurini

325 1729 508 1765 extensas
524 1727 694 1775 astergit
712 1727 806 1767 Pal.
826 1731 1050 1766 exstructas
1064 1727 1167 1767 Vat.
1191 1732 1293 1766 tert.
1314 1739 1369 1767 m.
1390 1739 1458 1778 pr.
1496 1727 1663 1780 aspersit
1680 1725 1830 1768 Ambr.
1853 1739 1941 1767 sec.
1981 1727 2163 1766 extendit

325 1778 392 1818 vel
412 1780 591 1831 aspergit
610 1781 710 1819 Vat.
731 1793 797 1832 pr.
839 1783 925 1820 alas
945 1781 1013 1820 vel
1033 1781 1150 1820 horas
1171 1780 1290 1820 Med.
1312 1784 1552 1821 tert.-—l75
1595 1779 1776 1829 Stellifer
1794 1781 1877 1820 duo
1894 1781 2015 1821 Vatt.
2035 1781 2163 1820 Farn.

325 1831 444 1873 Pric.
474 1833 594 1875 Med.
628 1839 729 1874 tert.
774 1833 964 1885 Scaliger
982 1835 1082 1875 Vat.
1104 1847 1168 1886 pr.
1191 1839 1236 1874 et
1257 1838 1361 1874 tert.
1382 1833 1517 1875 Oisel.
1551 1834 1745 1875 Florent.
1781 1834 1864 1874 duo
1897 1834 2017 1873 Med.
2051 1834 2161 1885 Reg-

325 1882 475 1926 Ambr.
496 1899 583 1927 sec.
606 1886 749 1927 Oxou.
770 1900 835 1939 pr.
858 1889 958 1929 Vat.
976 1888 1114 1928 Livin.
1136 1889 1244 1928 Exc.
1264 1888 1446 1928 Lucens.
1465 1901 1531 1940 pr.
1558 1888 1761 1928 simoentis
1781 1900 1858 1938 pro
1876 1887 2044 1927 sinuatis
2061 1887 2164 1929 Jun.

324 1950 391 1987 pr.
414 1939 558 1980 Oxou.
583 1953 671 1980 sec.
689 1941 868 1992 flexibus
883 1942 983 1981 Vat.
1000 1942 1140 1981 Livin.
1162 1941 1312 1982 Ambr.
1330 1953 1414 1981 sec.
1431 1943 1538 1981 Exc.
1555 1943 1737 1982 Lucens.
1759 1954 1846 1982 sec.
1863 1940 2055 1992 fluctibus
2075 1945 2161 1980 tres

323 1991 448 2031 Vatt.
469 1993 566 2033 Pal.
587 1995 715 2033 Farn.
749 1995 867 2033 Prie.
895 1994 1074 2046 flexibus
1106 1996 1175 2035 vel
1195 1994 1388 2047 fluctibus
1418 1996 1523 2035 Vat.
1543 2007 1609 2046 pr.
1629 1995 1748 2038 Med.
1770 1997 2010 2034 ωτι-176
2055 1995 2161 2045 ligat

322 2044 426 2084 Vnt.
447 2058 534 2086 sec.
553 2048 718 2088 Moret.
740 2059 805 2096 pr.
823 2048 925 2087 Var.
947 2048 1031 2088 LL.
1052 2047 1123 2088 ed.
1159 2048 1288 2088 Antv.
1331 2048 1442 2098 rigas
1459 2049 1487 2090 J
1494 2061 1562 2088 un.
1582 2061 1648 2100 pr.
1690 2048 1892 2100 gladiique
1912 2047 2055 2088 Oxou.
2075 2057 2161 2088 sec.

352 2097 523 2149 elidoqae
542 2112 620 2151 pro
633 2101 839 2152 gladioque
872 2101 991 2140 Pric.
1012 2114 1068 2141 m.
1100 2113 1166 2151 pr.
1210 2104 1432 2141 tremendus
1467 2102 1587 2142 Med.
1619 2104 1897 2154 quarn—1⁷⁷
1940 2099 2164 2153 subterfluit

362 2152 425 2190 at.
449 2153 599 2193 Uriona
633 2153 786 2193 Ambr.
810 2157 1013 2205 pr.—l¹78
1041 2154 1200 2193 habitus
1227 2155 1331 2194 Vat.
1351 2154 1498 2195 Livin.
1534 2156 1651 2194 decas
1670 2155 1865 2206 effulgens
1881 2154 2039 2194 habitus
2058 2153 2157 2194 ΑΜ.

322 2205 406 2244 ritu
425 2217 504 2256 pro
522 2206 660 2247 habita
678 2207 798 2247 Med.
816 2215 956 2259 quart.
995 2208 1321 2259 prospexitvm.
1342 2219 1409 2258 pr.
1429 2212 1475 2246 et
1496 2213 1598 2248 tert.
1631 2207 1727 2247 Pal.
1748 2207 1868 2247 Prie.
1891 2207 2025 2246 Oisel.
2046 2207 2158 2259 Reg.

323 2258 448 2299 voss.
470 2259 579 2300 Exc.
599 2260 725 2300 Laeti.
760 2264 983 2312 prospectat
1016 2261 1102 2300 duo
1123 2260 1275 2300 Leidd.
1311 2266 1357 2300 et
1389 2260 1561 2312 plurimi
1592 2260 1665 2299 alii
1693 2258 1869 2312 cptimae
1887 2266 2017 2310 notre,
2052 2260 2160 2300 Exc.

322 2311 505 2352 Gevart.
537 2314 719 2355 Lucens.
742 2326 808 2365 pr.
841 2313 951 2353 Cod.
973 2314 1126 2353 Rhem.
1148 2314 1217 2353 ed.
1246 2313 1390 2354 Vicet.
1410 2314 1510 2353 Var.
1530 2314 1616 2354 LL.
1635 2314 1703 2354 ed.
1722 2313 1853 2354 Antv.
1885 2314 1946 2354 sic
1967 2313 2074 2354 iufra
2095 2326 2157 2354 re-

321 2369 496 2416 spectare
515 2378 579 2406 vs.
599 2369 831 2408 273.--179
858 2379 945 2408 cum
962 2367 1064 2407 talia
1083 2367 1204 2408 Leid.
1221 2379 1288 2419 pr.
1307 2371 1347 2407 et
1364 2366 1464 2407 talia
1482 2367 1566 2407 inc.
1579 2367 1730 2409 Heius.
1749 2367 1853 2408 Var.
1873 2367 1960 2422 1412.
1980 2380 2003 2408 e
2021 2379 2157 2419 marg.

780 2460 807 2486 '
1144 2460 1330 2502 NOTAE

318 2540 374 2580 ad
407 2540 567 2580 Ledam
586 2542 656 2581 vel
686 2541 889 2582 Nemesin
922 2540 1205 2594 comprimen-

319 2604 431 2645 dam.
460 2604 663 2644 Ceterum
680 2604 790 2645 Olor
808 2605 879 2645 ille
899 2605 1058 2645 dicitur
1075 2606 1204 2645 etiam

315 2666 482 2718 gallina,
513 2665 617 2719 ὅρνις
635 2668 903 2720 simpliciter,
932 2669 1031 2709 avis.
1086 2669 1204 2710 Hinc

317 2730 523 2770 Manilius
543 2731 598 2771 de
616 2731 690 2772 illo
711 2730 862 2786 Olore,
889 2733 901 2755 ‘
922 2730 1073 2773 formae
1106 2743 1203 2786 pre-

318 2794 442 2846 tium,
457 2807 542 2849 qua
558 2796 679 2848 cepit
697 2795 942 2838 amantem.'

374 2861 454 2899 172
482 2859 660 2911 Auriga]
679 2859 884 2901 Phaethon
897 2866 1036 2901 curras
1050 2860 1205 2911 Auriga

314 2922 473 2972 paterni
493 2923 693 2975 depictus
715 2929 782 2964 est
808 2925 850 2964 in
870 2924 1112 2977 regionibns
1129 2923 1204 2965 fri-

316 2983 428 3035 gidis
447 2985 489 3024 in
511 2992 632 3027 veste
652 2987 830 3028 Eridani
848 2988 1066 3028 exhibitis.

373 3049 451 3086 1⁷3
481 3047 665 3099 Hyades]
686 3050 805 3089 Filiae
819 3049 1007 3090 Atlantis
1019 3050 1200 3091 fratrem

318 3107 451 3161 Hyan
465 3110 630 3150 alcone
659 3118 895 3160 peremtum
925 3114 1014 3153 sine
1029 3113 1113 3153 fine
1129 3114 1200 3153 de-

313 3170 485 3224 flentes,
504 3172 560 3212 ob
580 3173 787 3225 pietatem
809 3176 850 3213 in
865 3182 1030 3227 septem
1052 3177 1198 3216 stellas

231 3264 245 3268 --
313 3246 448 3276 verm
465 3240 580 3286 sunt,
600 3248 692 3287 ιμιειἱ
711 3240 863 3287 pos-iure
878 3246 975 3277 sunt
992 3239 1035 3279 in
1051 3241 1195 3292 eapite

312 3299 460 3352 Tauri,
478 3298 605 3340 dictae
623 3297 702 3339 ἀπὸ
718 3300 791 3339 τοῦ
809 3298 901 3351 ὕειν,
916 3302 1064 3352 pluere,
1084 3301 1199 3355 quod

315 3367 413 3403 ortu
442 3366 494 3402 et
524 3372 681 3402 occasu
711 3362 879 3414 pluvias
906 3369 1071 3403 creent.
1127 3363 1198 3403 De

312 3424 518 3479 Hyndum
541 3436 745 3478 mue,
775 3429 825 3465 et
856 3425 1127 3479 parentibus,
1151 3430 1199 3467 et

1274 2539 1368 2582 aliis
1388 2539 1723 2581 circumstantiis
1742 2539 1812 2579 alii
1832 2539 1915 2580 alia
1932 2538 2096 2592 dicunt,
2110 2544 2158 2580 ut

1274 2604 1447 2654 vulgare
1467 2605 1508 2644 in
1538 2603 1711 2645 fabulis.
1766 2602 1853 2644 Sed
1886 2615 1962 2644 cur
1991 2602 2158 2656 Hyades

1275 2667 1486 2707 Germanae
1499 2666 1816 2709 Phaethontis?
1858 2678 2028 2718 nempe,
2057 2667 2158 2720 quia

1270 2729 1413 2781 Iapeti
1449 2735 1496 2769 et
1526 2729 1754 2781 Clymenes
1785 2727 1918 2778 filiae3
1955 2727 2154 2770 Phaeton

1272 2798 1416 2834 autem
1435 2793 1630 2846 agnoscit
1643 2797 1690 2833 et
1705 2799 1886 2832 matrem
1903 2792 2153 2846 Clymenen.

1324 2855 1498 2908 Sodali-s]
1526 2856 1657 2907 Socii,
1687 2852 1859 2896 finitimi
1885 2855 1929 2894 in
1958 2855 2030 2896 illa
2060 2853 2151 2907 pic·

1268 2924 1381 2960 tura.

1322 2986 1398 3023 175
1421 2980 1627 3034 stelliger]
1646 2982 1799 3023 Tribus
1812 2979 2049 3021 curvaturis
2059 2981 2151 3020 Eri-

1268 3045 1367 3086 dani
1386 3047 1524 3086 stellae
1544 3044 1776 3093 finguntur.

1324 3114 1400 3151 176
1430 3108 1550 3160 Noti]
1592 3107 1803 3148 Eridanus
1836 3119 1983 3148 versus
2016 3108 2150 3148 Meri·

1267 3173 1378 3212 diem
1394 3171 1528 3212 fluere
1547 3171 1823 3221 conspicitur.

1321 3238 1398 3275 177
1430 3232 1597 3285 Oriona]
1644 3233 1780 3274 Orion
1825 3238 2006 3273 venator
2050 3245 2146 3274 cum

1265 3308 1368 3338 ense
1385 3296 1598 3348 repositus
1618 3303 1689 3336 est
1705 3296 1821 3337 inter
1840 3301 1979 3337 astra:
2000 3296 2075 3338 sed
2095 3297 2148 3338 de

1263 3358 1479 3401 hocnlibi.
