2300 3906
949 532 1258 611 xxxn.

642 805 813 882 CL.
883 810 1380 889 CLAUDIA
1392 819 1517 891 NI

1041 1042 1122 1082 DE

228 1227 792 1326 RAPTU
866 1238 1942 1339 PROSERPINAE

900 1486 1178 1547 L1BER
1213 1489 1273 1548 1.

813 1814 1355 1871 PRAEFATIO.

852 1978 1297 2021 ARGUMENTUM.

219 2087 290 2127 Ur
309 2087 464 2139 primus
483 2089 630 2129 Nauta
646 2089 782 2142 primo
797 2088 961 2142 fluvios,
976 2091 1132 2132 deinde
1148 2093 1278 2133 altum
1293 2105 1408 2133 mare
1428 2094 1620 2148 intravit,
1647 2097 1706 2139 sic
1727 2099 1982 2141 Claudianus

166 2153 305 2204 primo
326 2167 459 2206 parva
477 2155 703 2207 Polimata,
723 2157 879 2197 deinde
899 2158 1082 2198 Carmen
1103 2159 1338 2199 Hernicum
1359 2161 1624 2213 aggreditur.

164 2373 464 2449 INVENTA
494 2399 676 2450 secuit
701 2398 913 2466 primus
940 2399 1036 2466 qui
1060 2415 1204 2452 nave
1231 2401 1581 2468 profundum,

233 2480 306 2532 Et
328 2480 551 2533 rudibus
573 2483 734 2533 remis
760 2481 1068 2535 solicitavit
1089 2498 1298 2550 aquas:

219 2625 300 2671 Qui
314 2627 467 2677 primus
483 2627 645 2667 sulcavit
663 2639 769 2667 mare
787 2639 883 2668 cum
902 2627 994 2667 navi
1022 2626 1260 2679 excogitata,
1286 2630 1326 2666 et
1352 2627 1472 2668 movit
1500 2639 1618 2679 aquas
1635 2628 1752 2670 remis
1767 2629 1951 2683 impolitis
1962 2645 1977 2671 .-

915 2731 1209 2749 eeeeeeeeeeee

213 2797 265 2836 In
287 2798 387 2838 Vat.
409 2811 472 2850 pr.
506 2812 634 2840 manu
667 2802 829 2841 recenti
860 2802 942 2841 hoc
975 2799 1140 2840 Possma
1173 2800 1421 2852 ascriptum.
1477 2802 1526 2840 In
1547 2802 1648 2841 Vnt.
1679 2813 1765 2842 sec.
1798 2802 1841 2841 hi
1873 2801 1976 2842 libri

159 2852 347 2902 suppleti
363 2859 484 2893 erant
503 2866 557 2893 ex
587 2854 670 2894 alio
690 2855 794 2895 Cod.
812 2855 912 2895 Vat.
932 2866 975 2893 n.
1009 2856 1128 2894 1663.
1184 2854 1235 2893 In
1266 2854 1396 2894 tertio
1424 2855 1524 2902 Vat.
1557 2854 1752 2894 similiter
1778 2854 1970 2895 additum

977 2942 1157 2986 NOTAE

213 3037 368 3089 Rapta]
399 3038 603 3078 Heinsius
634 3045 758 3091 putat
793 3039 868 3084 lms
901 3037 1032 3076 libros
1100 3041 1168 3075 est
1183 3036 1262 3075 hac
1283 3035 1336 3075 de
1367 3048 1412 3076 re
1442 3042 1646 3076 statuere.
1703 3037 1974 3078 Probabilius

156 3111 183 3140 a
215 3100 449 3141 Claudiano
482 3102 711 3152 inscriptos
736 3115 828 3142 esse
863 3103 1034 3153 Raptum
1102 3102 1243 3137 tamen
1271 3103 1339 3137 est
1367 3098 1522 3138 No‘essmi
1553 3098 1779 3150 nepotibus
1806 3099 1884 3139 hoc
1914 3100 1976 3138 in·-

158 3163 416 3215 Proserpinae,
439 3177 519 3204 non
539 3166 587 3204 de
609 3166 756 3216 Rapta.
1101 3163 1275 3199 ventum
1295 3171 1390 3199 esse
1411 3160 1693 3202 tribuendum.

210 3228 232 3264 1
264 3225 428 3265 Inventa
458 3226 582 3266 secuit
609 3226 778 3278 primus]
806 3225 1030 3266 Phoenices
1153 3223 1180 3259 2
1209 3220 1408 3275 Rudibtw]
1423 3221 1975 3277 Remisimpolitisfinsdte,

156 3285 281 3336 primi
314 3287 587 3339 navigarunt,
623 3289 692 3328 vel
721 3289 932 3341 AEgypffi,
963 3289 1030 3328 vel
1099 3285 1144 3322 et
1163 3279 1333 3324 informi
1352 3283 1468 3336 ligno
1488 3282 1630 3326 factis.

154 3349 319 3390 Jason:
348 3347 420 3390 alii
441 3350 532 3391 ..alia
559 3351 764 3404 sentiunt,
793 3363 874 3393 nec
905 3350 1030 3393 facile
