2300 3906
299 223 409 276 772
873 235 971 273 cr..
1007 228 1363 271 omunrAm
1402 226 1587 269 xxvi.

239 337 246 342 ⁸
303 354 590 425 Conjugis,
615 353 821 406 invicto
847 366 974 420 quae
997 349 1202 403 dudum
1226 349 1362 400 freta
1379 350 1575 402 marito

305 441 549 493 Demens
575 435 923 490 Ausonidum
948 438 1218 500 gemmata
1242 433 1470 485 monilia
1494 438 1746 497 matrum,

305 523 705 588 Romanasque
732 519 847 570 alta
868 517 1105 569 famulas
1129 516 1346 568 cervice
1371 518 1610 582 petebat.

305 607 535 659 Scilicet
561 603 853 671 Argolidas
877 601 1376 670 Ephyreiadasque
1402 601 1615 667 puellas

306 690 584 756 Coeperat,
610 695 664 740 et
689 687 951 755 pulchras
972 688 1088 756 jam
1108 685 1355 737 fastidire
1382 685 1676 737 Lacaenas.

305 772 418 825 Sed
445 773 572 825 Dea
596 788 724 840 quae
747 772 929 823 nimiis
955 771 1143 823 obstat
1165 769 1517 821 Rhamnusia
1542 770 1712 832 votiS,

305 855 602 923 Ingemuit,
627 855 888 922 flexitque
911 859 1101 906 rotam.
1178 855 1388 906 Domat
1412 869 1611 920 aspera
1632 854 1818 905 victos

307 940 634 1008 PauperieS‚
660 953 883 1005 unoque
910 938 1001 988 die
1027 937 1286 989 Romana
1311 937 1561 1005 rependit

2022 686 2130 739 630

303 1106 435 1142 menta
453 1106 534 1140 tuoe
555 1101 689 1140 uxoris
697 1099 871 1148 ferirent
887 1111 1001 1139 aures
1021 1103 1138 1147 tuas,·
1165 1100 1401 1151 uxorisque,
1420 1113 1505 1151 quce
1522 1099 1674 1151 quidem
1691 1101 1833 1154 confisa
1851 1099 2012 1150 conjuge
2030 1098 2135 1137 indo-

304 1157 412 1205 mito,
442 1154 579 1193 insana
607 1154 783 1204 poscebat
814 1158 968 1204 torques
995 1158 1210 1202 gemmatos
1229 1151 1409 1194 'matrum
1448 1155 1654 1202 Italarum,
1686 1158 1724 1193 et
1759 1153 1966 1205 poscebat
2004 1153 2134 1191 etiam

304 1209 455 1248 celsiori
487 1208 615 1258 capite
647 1207 727 1246 sibi
757 1219 888 1246 servas
919 1206 1099 1246 futuras.
1155 1207 1358 1246 Nimirum
1386 1207 1478 1256 jam
1517 1208 1714 1258 inceperat
1748 1218 1929 1258 spernere
1963 1205 2137 1254 virgines

303 1262 490 1311 Argivas,
508 1266 546 1300 et
569 1260 854 1309 Corinthiacus,
870 1264 907 1298 et
925 1259 1143 1310 Spartanus
1160 1261 1370 1307 formosas.
1425 1260 1483 1299 Ac
1516 1261 1606 1300 Dea
1634 1260 1824 1310 Nemesis,
1854 1272 1940 1310 quoe
1970 1258 2136 1308 impedit

304 1315 427 1354 nimia
456 1314 668 1362 desideria,
696 1313 906 1362 ind-ignata
937 1317 1009 1362 est,
1039 1317 1078 1351 et
1102 1313 1247 1352 avertit
1280 1326 1464 1352 currum.-
1507 1314 1643 1353 acerba
1673 1318 1826 1362 egestas
1853 1315 2024 1351 macerat
2042 1311 2136 1349 illos

302 1373 517 1420 superatos,
535 1371 573 1406 et
590 1366 789 1418 conflictus
809 1366 1008 1406 Romanus
1026 1367 1204 1406 restituit
1222 1379 1297 1406 uno
1314 1367 1389 1416 die,
1410 1378 1653 1417 quaecamque
1667 1366 1912 1417 perdidimus
1925 1377 1998 1417 pei·
2015 1376 2138 1404 annos

1075 1492 1369 1508 66666666666

306 1586 481 1636 conjugis
492 1587 593 1625 Vat.
607 1598 693 1624 sec.
705 1585 798 1623 Pal.
813 1585 897 1623 duo
909 1584 1030 1624 Med.
1044 1584 1198 1624 PetaV.
1214 1596 1277 1633 pr.
1291 1596 1344 1623 m.
1354 1589 1579 1624 sem—626
1589 1586 1710 1624 invito
1721 1585 1879 1624 Moret.
1893 1595 1981 1624 sec.
1994 1584 2138 1623 invicto

307 1640 470 1679 Moret.
505 1651 567 1690 pr.
594 1639 754 1676 immoto
775 1637 922 1676 Ambr.
943 1649 1008 1687 pr.
1038 1649 1125 1687 quae
1141 1638 1284 1675 dudam
1303 1638 1461 1678 Movet.
1483 1650 1549 1688 pr.
1586 1639 1733 1677 dudum
1749 1650 1834 1689 quoe
1852 1649 1998 1677 omnes
2017 1638 2139 1677 Vatt.

308 1693 400 1731 Pal.
441 1693 566 1731 Farn.
598 1691 713 1730 Prie.
748 1691 871 1730 Rott.
904 1689 1039 1729 Oisel.
1079 1690 1185 1728 Exc.
1222 1691 1346 1730 Laeti.
1377 1690 1497 1738 frena
1532 1703 1610 1742 pro
1633 1690 1747 1739 freta
1777 1691 1928 1731 Sched.
1969 1690 2140 1731 Gud—

306 1748 386 1784 628
417 1745 614 1783 Romanas
632 1744 732 1782 vat.
753 1755 815 1793 pr.
834 1744 960 1782 Fam.
1000 1743 1100 1781 alias
1120 1754 1197 1793 pro
1216 1744 1298 1781 alta
1319 1744 1477 1784 Moret.
1499 1757 1564 1795 pr.
1603 1745 1771 1795 parabat
1790 1744 1889 1784 Vat.
1910 1749 2014 1783 tert.
2033 1744 2140 1794 Reg.

302 1797 471 1849 parabat
492 1798 560 1836 vel
578 1796 734 1847 petebat
754 1797 1084 1835 Florent.-—6·29
1112 1795 1327 1844 Argolidas
1357 1798 1458 1838 Vat.
1486 1802 1584 1837 tert.
1627 1797 1827 1837 Arcocicas
1844 1798 1944 1837 Var.
1962 1797 2048 1836 LL.
2070 1796 2140 1836 ed.

308 1851 440 1890 Antv.
488 1850 828 1902 Ephyreiadesque
859 1849 953 1888 Pal.
988 1849 1121 1888 Oisel.
1170 1849 1514 1902 Ephyreiadasque
1540 1851 1642 1890 Put.
1664 1852 1771 1901 Reg.
1791 1850 1956 1891 Thuan.
1975 1851 2141 1890 Mazar.

311 1906 475 1944 Bonon.
495 1905 594 1943 Pat.
612 1903 787 1942 Tholos.
808 1910 897 1941 tres
917 1903 1069 1942 Petav.
1091 1907 1179 1941 tres
1192 1901 1342 1944 Ambr.
1359 1904 1444 1943 inc.
1463 1904 1614 1943 Heius.
1631 1905 1736 1944 Exc.
1756 1905 1936 1944 Luccns.
1957 1915 2020 1955 pr.
2038 1903 2141 1942 Var.

310 1958 394 1997 LL.
415 1969 439 1995 e
458 1970 590 2007 marg.
612 1957 756 1996 Parin.
799 1955 1107 2006 Epieriadasqae
1142 1955 1287 1995 Oxou.
1321 1969 1386 2009 pr.
1425 1958 1708 2009 Epieridasque
1743 1958 1903 1998 Moret.
1929 1969 2015 1996 sec.
2035 1956 2140 1996 LoV.

311 2010 618 2061 Ephireidasque
638 2009 758 2048 Leid.
791 2020 856 2058 pr.
891 2009 1211 2059 Ephyriadesque
1239 2010 1401 2050 Moret.
1429 2014 1629 2062 pr.-—-630
1660 2011 1842 2050 Mecenas
1860 2021 1937 2062 pro
1956 2010 2144 2049 Laeoenas

309 2063 549 2102 Lov.-—631
579 2064 677 2101 clam
698 2074 774 2114 pro
790 2063 876 2101 Dea
896 2062 1055 2100 Moret.
1079 2065 1277 2111 pr.-632
1306 2062 1517 2111 Infremuit
1537 2077 1614 2114 pro
1649 2064 1848 2114 Ingemuit
1882 2062 2143 2114 conjiciebat

311 2115 464 2155 Heius.
491 2117 616 2154 victus
635 2117 795 2155 Moret.
816 2117 1014 2166 [ηπ-633
1042 2115 1224 2165 dependit
1244 2115 1336 2156 Pal.
1361 2117 1546 2167 pependit
1565 2117 1650 2157 duo
1668 2118 1790 2157 Vatt.
1806 2118 1932 2156 Farn.
1955 2117 2143 2156 Flore-nt.

1141 2234 1317 2276 NOTAE

366 2329 444 2366 628
467 2326 662 2365 Romanas
678 2326 761 2365 alta
775 2326 937 2377 cervice]
956 2324 983 2365 J
988 2337 1054 2364 am
1075 2337 1193 2377 spec·
1261 2326 1422 2367 dicitur
1438 2327 1567 2367 aliter
1587 2326 1780 2374 Nemesis,
1798 2324 1875 2364 ἀπὸ
1901 2325 1972 2363 τοῦ
1996 2322 2142 2376 νέμειν,

313 2389 436 2429 tabat
472 2393 520 2427 ut
552 2387 752 2438 famula«,
787 2392 948 2427 matres
969 2389 1195 2432 Romanas,
1261 2390 1508 2439 distribuere,
1524 2391 1646 2443 quasi
1666 2396 1779 2429 esset
1799 2389 1992 2441 quaedam
2011 2388 2147 2429 Justi-

312 2453 402 2492 alta
420 2452 606 2502 cervice,
623 2452 704 2491 hoc
723 2460 804 2502 est,
817 2452 969 2491 altiore
983 2452 1194 2504 dignitate
1262 2453 1335 2492 tiae
1356 2452 1460 2502 filia,
1478 2458 1523 2492 et
1542 2452 1662 2491 bonis
1685 2451 1877 2503 praemia,
1905 2449 2026 2489 malis
2045 2461 2145 2501 sup-

314 2516 562 2556 eminentes.
1236 2515 1403 2569 plicia,
1423 2517 1718 2557 distribueret.
1775 2517 1859 2555 Eos
1878 2515 2009 2555 etiam
2039 2513 2146 2555 affli-

368 2581 450 2618 629
486 2576 719 2627 Argolidas]
779 2573 963 2628 Argivas
1001 2575 1054 2616 ab
1091 2576 1198 2616 urbe
1263 2581 1343 2633 git,
1376 2581 1447 2633 qui
1485 2581 1571 2621 suis
1616 2579 1789 2619 dotibus
1827 2577 2022 2618 contenti
2059 2590 2145 2618 non

316 2639 447 2691 Argis
468 2640 511 2678 in
532 2640 719 2679 Graecia.
1262 2650 1375 2695 suut,
1395 2645 1532 2696 qualis
1550 2650 1646 2684 erat
1663 2643 1905 2683 Narcissus.
1961 2642 2015 2681 In
2035 2641 2145 2681 libro

373 2702 661 2755 Ephyreiadae]
704 2702 1014 2753 Corinthiacas,
1035 2714 1060 2740 a
1079 2701 1198 2742 fonte
1264 2707 1319 2747 de
1356 2707 1537 2757 Mundo,
1574 2706 1648 2758 qui
1679 2706 1789 2745 liber
1819 2704 2043 2744 Aristoteli
2072 2705 2147 2744 tri-

317 2767 509 2818 Ephyre,
545 2766 617 2818 qui
655 2766 860 2806 Corintho
908 2766 1074 2805 vicinus
1117 2771 1200 2804 est.

316 2828 427 2869 Inde
460 2829 683 2881 Virgilius,
718 2831 730 2850 ‘
750 2828 1047 2880 Ephyreiaque
1086 2827 1204 2877 aera,'

318 2891 364 2931 id
383 2897 466 2941 est,
485 2892 773 2941 Corinthiaca,
794 2905 869 2931 seu
890 2894 1063 2943 optima.

373 2957 454 2993 630
484 2955 672 2994 Pulc-liras
688 2954 891 3006 Lamnas]
922 2955 1198 2994 Laeaenarum

321 3016 599 3069 pulchritudo
636 3018 931 3070 sortimdoque
982 3018 1200 3058 celebran-

321 3084 408 3119 tur.
450 3080 489 3118 N
496 3086 611 3118 otum
630 3081 849 3131 adagium:
883 3082 984 3120 solae
1003 3083 1198 3121 Lacaenae

321 3140 436 3180 viros
454 3142 651 3192 pariunt3
681 3142 724 3181 id
744 3149 826 3192 est,
863 3141 997 3182 fortes
1017 3145 1199 3184 Heroas.

375 3206 456 3244 631
484 3205 574 3244 Dea
594 3204 857 3255 Rhamnusia]
894 3206 966 3245 Sic
996 3208 1117 3249 dicta
1135 3214 1203 3248 est

321 3277 349 3306 a
368 3265 639 3306 Rhamnunte
661 3279 771 3319 pago
790 3266 964 3320 Atticm,
981 3271 1054 3310 ubi
1078 3272 1203 3310 simu-

323 3330 488 3369 lacrum
519 3329 720 3379 habebat,
755 3330 871 3382 qnod
905 3342 958 3370 ex
990 3331 1203 3372 Strabone

252 3430 254 3435 ,
322 3403 409 3432 nou
435 3391 567 3445 ipsius
584 3392 752 3434 Phidiae
773 3392 952 3433 cederet
970 3393 1170 3446 operibus
1192 3405 1204 3434 ι

1264 2769 1425 2819 buitur,
1453 2768 1611 2808 dicitur
1635 2768 1766 2807 etiam
1783 2765 2026 2818 Ἀδραστεία,
2045 2766 2145 2819 quia

1265 2844 1358 2871 eam
1398 2843 1521 2870 nemo
1555 2828 1839 2882 ἀποδιδράσκει,
1867 2829 2029 2882 effugit.
2081 2827 2146 2868 At

1264 2895 1421 2935 Strabo
1442 2895 1599 2934 dictam
1616 2901 1740 2946 putat
1753 2892 2018 2940 Adrasteiam,
2031 2891 2145 2942 quod

1266 2959 1478 2999 Adrastus
1500 2960 1540 3000 ei
1560 2960 1740 3012 primum
1763 2959 1968 3008 templum
1987 2960 2148 2998 statue-

1263 3022 1339 3073 rit,
1356 3022 1484 3074 idque
1509 3022 1664 3074 probat
1679 3033 1733 3061 ex
1748 3019 2019 3060 Antimacho.
2075 3018 2145 3058 An

1267 3089 1410 3123 autem
1433 3084 1610 3123 Nemesis
1626 3087 1673 3123 et
1696 3083 1803 3121 Leda
1818 3093 1946 3120 unum
1965 3086 2012 3121 et
2031 3081 2145 3126 idem

1268 3146 1369 3196 sint,
1395 3144 1525 3185 docte
1542 3145 1741 3196 disputat
1770 3143 1928 3184 Coelius
1947 3143 2149 3196 Rhodigi-

1269 3220 1362 3248 nus.

1321 3273 1400 3310 633
1444 3271 1622 3311 Romana
1669 3269 1793 3322 acies]
1844 3270 2147 3324 'transpositio

1269 3345 1353 3374 non
1371 3332 1587 3374 imitanda.
