2300 3906
306 220 413 274 828
844 230 938 270 ci..
979 226 1333 268 CLAUDIAM
1376 225 1613 265 xxvui.

308 350 489 416 Adde,
515 352 665 419 quod
692 356 749 402 et
773 349 908 416 ripis
936 350 1165 399 steterat
1191 345 1445 397 munitior
1468 345 1672 408 hostiS‚

309 436 381 488 Et
405 437 499 488 cui
522 452 619 487 nec
647 434 866 499 vigilem
886 432 972 483 sas
998 437 1083 483 es‘t
1106 445 1435 496 componere
1458 429 1753 482 Rhoesum.

304 518 494 571 Thrax
518 523 653 569 erat:
691 518 779 568 hic
807 516 1085 568 Thracum
1107 514 1365 566 domitor.
1441 514 1574 566 Non
1599 514 1713 565 tela
1733 512 2041 565 retardant:

308 601 510 669 Objice
533 617 644 652 non
669 602 830 653 haesit
852 601 1025 652 fluvii.
1103 599 1198 650 Sic
1221 599 1313 649 ille
1337 599 1606 650 minacem

305 684 639 753 Tyrrhenam
662 686 881 736 labente
907 700 1130 735 manum
1155 697 1256 750 pro
1280 686 1445 748 ponte
1469 682 1742 748 repellens
2023 679 2132 731 485

305 768 547 838 Trajecit
573 769 765 837 clypeo
791 768 1018 836 Tybrin,
1048 781 1161 834 quo
1188 769 1401 818 texerat
1427 764 1633 816 Urbem

306 851 609 919 Tarquinio
636 854 863 903 mirante
889 850 1107 913 CocleS,
1133 850 1444 917 mediisque
1472 851 1745 917 superbus

307 935 648 987 Porsennam
672 937 916 1003 respexit
943 935 1123 1003 aquis.
1198 934 1358 986 Celer
1383 933 1586 991 Addua
1609 940 1793 988 nostro

309 1019 571 1071 Sulcatus
598 1035 818 1086 socer03
845 1019 961 1084 sed,
983 1036 1111 1071 cum
1136 1022 1391 1083 tranaret,
1415 1018 1666 1072 Etruscis

307 1195 478 1235 furtivis.
518 1197 714 1246 Αιϋιιηξε,
731 1199 829 1249 quod
847 1198 971 1238 hostis
987 1198 1105 1238 etiam
1124 1198 1320 1239 Alaricus
1330 1198 1483 1247 fortior
1497 1198 1724 1237 constiterat
1742 1197 1785 1236 in
1800 1197 1934 1236 littore
1949 1194 2082 1258 fluvii,
2097 1199 2136 1257 et

306 1250 341 1288 is
362 1256 473 1300 erat,
485 1252 547 1289 cui
565 1264 633 1290 nec
647 1251 812 1290 Rhoesas
830 1253 1022 1291 excubans
1029 1256 1155 1303 potest
1170 1253 1401 1303 comparari.
1433 1253 1611 1291 Rhoe-sus
1632 1252 1768 1291 Thrax
1788 1254 1872 1289 erat
1883 1264 1899 1297 ,·
1917 1250 1979 1288 hic
1999 1248 2139 1296 Alarle

308 1315 382 1342 cus
401 1303 527 1342 victor
544 1304 750 1343 Thracam.
783 1305 874 1343 Non
885 1318 996 1344 arma
1013 1306 1187 1345 cohibent
1203 1307 1321 1344 illum
1340 1305 1634 1353 Stilichonem,
1654 1305 1724 1355 qui
1743 1317 1818 1342 non
1838 1304 2138 1363 retardatus‘est

307 1355 498 1396 obstaculo
508 1356 705 1408 fluminis.
751 1358 817 1397 Ita
835 1359 901 1397 ille
922 1359 1126 1398 Horatius
1146 1361 1276 1398 Cocles
1297 1359 1527 1409 propulsa-ns
1544 1358 1739 1397 cohortem
1761 1357 2000 1396 Thuscorum
2019 1367 2139 1394 minz-

308 1413 455 1450 tantem
472 1422 544 1460 pro
565 1410 725 1449 tuendo
752 1416 869 1461 ponte
887 1413 1062 1462 cadente,
1086 1412 1285 1460 superavit
1303 1412 1454 1451 Tibrim
1474 1424 1570 1450 cum
1589 1415 1697 1450 scuto
1717 1423 1789 1461 quo
1812 1409 2038 1470 defenderat
2058 1409 2140 1447 Ro-

308 1475 425 1512 mam,
458 1463 668 1513 Tarqainio
701 1463 1001 1515 obstupescente,
1027 1469 1065 1503 et
1087 1466 1281 1514 gloriosus
1307 1465 1543 1514 despectavit
1563 1464 1802 1502 Porsennam
1820 1463 1864 1501 in
1882 1463 2004 1501 medio
2022 1473 2138 1522 aqaa-

305 1527 405 1556 rum.
460 1516 603 1555 Addua
622 1518 732 1556 velox
749 1521 951 1568 superatus
986 1523 1052 1556 est
1084 1530 1109 1556 a
1134 1529 1261 1556 socero
1292 1520 1423 1556 nostro
1452 1516 1667 1555 Stilichone
1697 1515 1843 1566 etiam,
1869 1515 1938 1554 sed
1966 1527 2053 1554 cum
2072 1514 2139 1554 alce

1070 1648 1369 1663 “09‘106066‘

307 1756 385 1792 481
414 1756 579 1793 steterat
595 1754 693 1805 ripis
713 1755 873 1796 Moret.
895 1759 1098 1807 gin—482
1126 1770 1175 1797 ne
1190 1757 1349 1807 vigilem
1369 1757 1506 1798 Oisel.
1526 1770 1594 1798 nec
1619 1757 1782 1808 vigilem
1813 1757 1899 1797 duo
1921 1757 2073 1798 Leidd.
2095 1764 2142 1798 et

310 1805 485 1856 triginta
514 1805 606 1846 fere
636 1807 772 1849 Codd.
808 1810 915 1851 Exn.
953 1810 1120 1850 Schott.
1157 1811 1338 1852 Gevart.
1374 1813 1553 1852 Lucens.
1597 1824 1664 1863 pr.
1692 1810 1796 1850 Var.
1830 1812 1916 1851 LL.
1952 1824 1975 1851 e
2008 1824 2150 1863 marg.

308 1859 590 1899 Parnm—483
625 1862 735 1900 Trax
761 1866 847 1901 erat
865 1864 989 1903 Voss.
1015 1865 1151 1904 Thrax
1169 1868 1255 1904 erat
1279 1866 1384 1905 Lov.
1404 1866 1564 1905 Moret.
1592 1877 1679 1905 sec.
1712 1864 1812 1905 Ald.
1834 1866 1940 1905 Exc.
1961 1865 2142 1907 Gevart.

310 1912 402 1951 Rex
418 1918 502 1953 erat
520 1915 680 1953 Thuan.
703 1915 899 1955 Traxerat
917 1917 1037 1956 Med.
1058 1930 1123 1968 pr.
1143 1918 1244 1959 Jun.
1264 1930 1330 1970 pr.
1349 1918 1416 1958 ed.
1439 1919 1581 1969 Vicet.
1609 1919 1700 1958 hinc
1717 1919 1876 1959 Moret.
1895 1930 1960 1969 pr.
1975 1932 2045 1958 nec
2064 1919 2143 1959 tela

309 1964 412 2005 Vat.
433 1978 519 2005 sec.
541 1968 661 2006 Med.
683 1974 785 2008 tert.
806 1969 981 2010 Tholos.
1003 1971 1145 2010 Oxon.
1181 1983 1244 2022 ρι’.
1277 1974 1455 2012 retardat
1486 1971 1606 2012 Med.
1629 1975 1863 2012 terh—484
1880 1972 2023 2023 fluviis
2040 1973 2143 2014 Vat.

310 2029 398 2057 sec.
419 2019 540 2059 Med.
562 2025 662 2059 tert.
681 2021 840 2061 Moret.
862 2034 925 2074 pr.
955 2023 1125 2065 minaces
1142 2024 1384 2073 Reg.—485
1414 2038 1570 2065 manum
1598 2027 1703 2065 Lov.
1724 2026 1886 2064 Moret.
1923 2038 2009 2064 sec.
2042 2025 2143 2066 Ald.

308 2071 460 2110 domum
490 2074 593 2112 Var.
633 2074 719 2112 LL.
757 2075 825 2114 ed.
864 2074 1000 2116 Antv.
1032 2090 1163 2116 amum
1190 2077 1311 2117 Med.
1334 2090 1419 2117 sec.
1452 2091 1570 2118 mana
1590 2080 1659 2118 vel
1678 2091 1835 2127 manum
1853 2080 1956 2118 Exc.
1976 2079 2142 2119 Schott.

305 2125 474 2175 pondere
490 2127 635 2176 pellens
661 2128 761 2166 Vat.
783 2140 849 2178 pr.
869 2141 925 2168 m.
946 2141 1011 2179 pr.
1037 2131 1208 2180 repetens
1223 2131 1383 2170 Moret.
1401 2143 1468 2182 pr.
1487 2129 1677 2171 'rebellans
1711 2131 1824 2170 Prie.
1852 2132 2023 2183 repulsas
2039 2132 2144 2183 Jun.

310 2188 376 2226 pr.
405 2180 606 2228 repulsans
643 2180 906 2231 conjiciebat
938 2182 1229 2224 Heius—486
1262 2184 1455 2223 Tranavit
1485 2196 1564 2234 pro
1601 2184 1769 2232 {traiecit
1799 2185 1900 2225 Vat.
1934 2197 2020 2224 sec.
2055 2186 2142 2225 inc.

310 2229 464 2270 Heius.
497 2232 723 2271 Transierat
745 2233 888 2274 Oxon.
909 2246 993 2273 sec.
1024 2235 1171 2287 Tybrin
1205 2237 1395 2277 Florent.
1418 2236 1556 2276 Tibrin
1575 2237 1694 2277 Leid.
1726 2249 1793 2287 pr.
1831 2237 2003 2291 Tybrum
2022 2239 2143 2279 Med.

310 2294 393 2322 sec.
418 2284 568 2323 Tibrim
589 2287 772 2335 quatuor
800 2288 923 2326 Vatt.
960 2288 1053 2328 Pal'.
1095 2289 1239 2337 Tigrin
1275 2289 1386 2340 Reg.
1416 2290 1571 2329 Petav.
1606 2303 1692 2329 sec.
1727 2290 1869 2340 Tigrin
1902 2292 1970 2330 vel
2003 2292 2145 2331 Tibi-in

310 2335 472 2376 Moret.
493 2349 580 2376 sec.
601 2339 749 2378 texerit
767 2339 869 2380 Jun.
889 2352 953 2390 ρι’.
973 2344 1154 2380 traxerat
1176 2343 1297 2381 Rott.
1316 2343 1436 2382 Med.
1456 2355 1543 2383 sec.
1563 2342 1713 2382 Ambr.
1734 2355 1798 2394 ρι’.
1817 2343 1946 2383 orbem
1959 2344 1987 2386 J
1993 2356 2059 2385 un.
2075 2357 2143 2397 ρι’.

308 2391 441 2433 —487
471 2392 673 2441 mediisque
705 2393 1022 2444 prof-ffmediisque
1042 2395 1195 2434 Petav.
1222 2399 1459 2435 ωτι-488
1485 2396 1658 2449 respexit
1678 2397 1799 2436 Rott.
1828 2398 2033 2448 prospexit
2050 2399 2147 2438 Pal.

309 2441 430 2482 Med.
461 2455 527 2494 pr.
561 2445 734 2494 respexit
762 2446 830 2484 vel
859 2448 1064 2497 prospexit
1097 2448 1217 2487 Med.
1247 2454 1348 2489 tert.
1383 2450 1562 2500 despexit
1594 2450 1786 2489 malebat
1818 2450 1967 2491 Heius.
2001 2452 2146 2492 Addua

308 2494 476 2535 Thoan.
508 2496 662 2537 Petav.
694 2511 757 2549 pr.
781 2499 940 2539 Morct.
962 2512 1049 2539 sec.
1071 2502 1187 2540 Adua
1204 2501 1288 2541 duo
1311 2502 1432 2542 Med.
1453 2501 1603 2543 Ambr.
1625 2509 1725 2542 tert.
1747 2503 1815 2543 ed.
1835 2504 1978 2544 Vicet.
2003 2505 2146 2545 Abdum

309 2547 411 2589 Ald.
439 2550 544 2589 Var.
564 2551 652 2590 LL.
680 2563 704 2590 e
723 2564 859 2604 marg.
881 2553 1027 2593 Parm.
1057 2555 1197 2593 Ardua
1217 2554 1303 2595 duo
1320 2556 1442 2602 Vatt.
1458 2556 1575 2598 Prie.
1609 2556 1742 2596 Oisel.
1767 2556 1890 2597 Med.
1918 2563 2020 2598 tert.
2056 2559 2142 2599 inc.

310 2601 463 2641 Heins.
484 2603 587 2642 Put.
618 2605 726 2656 Reg.
748 2605 831 2644 duo
852 2606 1003 2646 Petav.
1028 2607 1132 2647 Lov.
1149 2608 1255 2649 Jun.
1276 2620 1341 2659 pr.
1374 2608 1460 2648 duo
1491 2610 1631 2650 Oxou.
1665 2610 1815 2650 Leidd.
1840 2610 1950 2651 Allia
1978 2612 2143 2652 Moret.

309 2666 377 2705 pr.
396 2656 524 2696 Adria
544 2657 808 2699 Fam—489
838 2659 1021 2699 Sulcatur
1039 2661 1139 2701 Vat.
1173 2673 1240 2713 pr.
1271 2667 1316 2702 et
1345 2667 1446 2715 tert.
1480 2663 1573 2703 Pal.
1600 2663 1719 2704 Prie.
1740 2663 1876 2705 Oisel.
1909 2665 2018 2717 Reg.
2037 2666 2143 2706 Exe-

1134 2797 1315 2838 NOTAE

364 2901 443 2938 482
478 2900 651 2951 Vigilem
668 2903 876 2954 Rhoesum]
906 2905 1006 2944 Non
1031 2904 1096 2945 fas
1127 2912 1195 2946 est
1264 2911 1396 2958 ponte
1414 2906 1617 2959 abrupto,
1643 2905 1836 2946 hostibus
1852 2905 1993 2946 aditus
2012 2904 2144 2945 inter·

310 2971 408 3000 cum
431 2960 607 3003 Alarico
626 2977 877 3016 comparare
897 2968 1194 3009 Rhoesumeti-
1263 2971 1529 3020 cluderetur,
1549 2976 1595 3010 et
1621 2971 1715 3021 ipse
1744 2969 1788 3008 in
1815 2980 1944 3021 aquas
1973 2968 2143 3008 decide·

310 3022 418 3062 amsi
434 3024 667 3076 vigilasset.
694 3029 1061 3081 AlioquiRhoesus
1087 3033 1098 3054 ‘
1112 3033 1196 3083 pri·
1263 3038 1353 3072 ret:
1385 3032 1457 3071 sed
1476 3031 1661 3071 feliciter
1678 3037 1827 3081 postea
1843 3031 2050 3072 enatavit.

311 3094 382 3123 mo
414 3096 561 3125 somno
594 3088 778 3137 prodita'
815 3096 956 3130 castra
985 3098 1031 3132 et
1063 3096 1195 3134 vitam
1315 3099 1396 3136 488
1423 3094 1586 3145 Addua]
1612 3094 1694 3133 Vel
1709 3093 1881 3143 Abdua,
1903 3094 1956 3132 de
1977 3107 2060 3146 quo
2075 3108 2141 3135 su-

310 3146 469 3188 amisit.
1262 3169 1355 3209 pra.

362 3213 441 3250 487
467 3210 619 3262 Cocles]
639 3212 850 3254 Horatius
869 3216 1041 3268 Cocles,
1059 3218 1192 3270 quise
1313 3221 1395 3259 489
1435 3217 1650 3268 Tranaret]
1694 3218 1875 3258 Stilicho
1911 3218 2144 3270 praefertur

317 3274 521 3325 opposuit
551 3276 764 3316 exercitui
787 3278 1040 3328 Porsennae,
1063 3282 1191 3320 Thus·
1261 3280 1443 3328 Coclit'13
1473 3292 1572 3319 nam
1588 3281 1655 3320 hic
1676 3286 1845 3333 tergum
1861 3282 2037 3322 Thuscis
2055 3296 2146 3324 ver·

313 3338 603 3390 corumiRegi,
637 3341 777 3391 Reges
796 3342 1047 3395 Tarquinios
1068 3344 1194 3384 redu·
1261 3343 1398 3393 tebat,
1419 3344 1502 3382 etsi
1522 3344 1694 3386 vincens
1711 3358 1723 3395 ;
1751 3345 1820 3385 hic
1839 3351 1991 3398 pectus
2010 3359 2142 3399 oppo-

311 3413 410 3442 eere
425 3402 597 3443 conanti
611 3416 624 3454 3
637 3409 682 3444 et
695 3404 757 3445 ita
769 3417 813 3444 se
830 3407 1044 3459 opposuit,
1055 3407 1194 3448 donec
1260 3407 1391 3448 nebat
1410 3407 1550 3448 Getis.
