2300 3906
658 186 901 226 RAPTUS
943 187 1241 227 PROSRRP.
1286 189 1401 227 [ΑΒ.
1444 191 1483 228 1.

156 300 381 365 Omnia,
410 318 537 370 quae
565 304 763 354 seriem
788 305 1017 358 fatorum
1043 308 1244 374 pollice
1271 309 1493 371 ducunt,

157 383 455 452 Longaque
480 385 693 436 ferratis
717 389 974 442 evolvunt
999 392 1208 442 saecula
1232 393 1436 458 pensis,

154 466 342 518 Prima
366 468 482 518 fero
510 468 774 521 Lachesis
801 473 1074 526 clamabat
1099 476 1231 527 talia
1253 477 1384 542 regi,

152 548 397 601 Incultas
422 550 672 617 dispersa
698 569 916 607 comas:
953 555 1003 606 Ο
1030 558 1267 609 maxime
1288 559 1469 610 noctis

149 630 392 694 Arbiter,
418 634 839 704 umbrarumque
864 643 1079 705 potenS,
1107 640 1194 690 cui
1219 645 1403 692 nostra
1423 641 1670 693 laborant

148 714 428 778 Stamina3
469 717 560 782 qui
586 717 748 770 finem
773 722 989 772 cunctis
1015 726 1070 773 et
1100 722 1308 774 semina
1332 724 1570 790 praebeS,

147 796 536 864 Nascendique
563 800 713 851 vices
739 802 946 855 alterna
969 811 1142 857 morte
1165 806 1454 872 rependis:

148 879 261 944 Qui
286 880 456 932 vitam
481 882 756 951 letumque
779 889 951 952 regis:
992 904 1115 939 nam
1142 889 1405 956 quicquid
1430 890 1633 957 ubique

138 989 303 1051 gen-ibus
334 1002 483 1038 manus,
518 991 588 1030 sub
623 1005 785 1043 quarum
825 1007 1021 1035 manuum
1062 1001 1254 1047 potestate
1296 998 1424 1037 omnia
1457 1002 1659 1048 reguntur,
1697 1009 1782 1047 qua·
1809 1008 1954 1037 manus

139 1046 280 1091 angam
311 1047 416 1092 nent,
453 1050 497 1082 et
528 1045 731 1095 disponunt
768 1050 954 1097 quendam
984 1051 1155 1088 ordinem
1185 1063 1315 1090 rerum
1353 1051 1550 1099 omnium,
1582 1056 1617 1090 et
1640 1063 1734 1101 quae
1760 1052 1954 1100 explicant

138 1096 279 1135 meula
309 1097 438 1146 longa,
475 1109 603 1146 pensa
641 1106 902 1150 exequentes
935 1104 1014 1140 colo
1044 1101 1208 1150 ferrea:
1251 1104 1432 1142 Lachesis
1466 1105 1593 1154 prima
1634 1103 1820 1142 clamabat
1866 1103 1949 1142 haec

139 1147 252 1210 verba
271 1148 376 1198 Regi
392 1150 552 1199 crudeli,
578 1151 737 1190 habens
755 1153 881 1192 crines
898 1154 1062 1194 incultos
1089 1160 1128 1194 et
1160 1156 1371 1206 dispersos.-
1413 1158 1449 1195 0
1487 1157 1618 1205 Pluto,
1642 1161 1777 1207 potens
1803 1156 1953 1197 domine

137 1204 264 1262 noctus
279 1206 318 1241 et
337 1201 604 1250 tenebrarum5
636 1216 712 1254 pro
731 1217 802 1256 quo
820 1210 952 1245 nostra
969 1209 1072 1246 colus
1103 1208 1228 1257 plena
1244 1211 1409 1247 stamine
1427 1213 1612 1258 operatur
1625 1223 1641 1256 ‚-
1668 1211 1734 1259 qui
1751 1210 1822 1247 das
1834 1208 1952 1260 finem

134 1255 435 1314 etprmcipium
457 1256 582 1295 rebus
601 1257 788 1307 omnibus,
806 1260 872 1308 qui
901 1260 1031 1309 reddis
1049 1260 1353 1299 vicissitudinem
1381 1261 1560 1300 nascendi
1584 1274 1655 1312 per
1673 1261 1951 1310 corruptionem

134 1317 194 1346 rea
229 1309 410 1358 alterius,
437 1309 504 1359 qui
529 1314 576 1348 ‘es
612 1311 787 1349 dominus
822 1312 914 1350 vitae
947 1316 986 1351 et
1018 1313 1183 1358 morti-u
1206 1325 1295 1352 nam
1331 1313 1468 1364 ubique
1485 1314 1664 1364 quicquid
1692 1313 1873 1363 gignitur
1900 1323 1951 1351 ex

897 1416 1188 1432 eeeeeeeeeeee

131 1476 231 1518 Jun.
269 1491 335 1529 pr.
358 1480 554 1531 chartac.
589 1480 742 1520 Heius.
776 1480 881 1520 cod.
928 1481 1271 1521 &mimum—52
1310 1483 1431 1521 series
1463 1483 1562 1521 Vat.
1597 1481 1731 1532 quint.
1769 1480 1950 1528 fatorum

129 1531 233 1571 Vat.
253 1543 317 1582 pr.
341 1531 467 1579 fatali
488 1537 573 1571 vet.
591 1533 698 1583 Gyr.
719 1534 866 1571 deerat
893 1539 1034 1572 antem
1065 1534 1132 1572 hic
1153 1546 1295 1572 versus
1328 1535 1490 1573 duobus
1519 1535 1634 1573 Med.
1655 1539 1699 1572 et
1719 1534 1866 1572 Heius.
1889 1534 1947 1573 H.

127 1587 235 1623 -53
267 1585 489 1635 Cunctaque
523 1597 599 1637 pro
629 1585 840 1636 Longaque
869 1587 968 1624 Vat.
1000 1586 1137 1637 quint.
1180 1587 1305 1636 poenis
1333 1598 1412 1638 pro
1445 1587 1575 1637 pensis
1605 1587 1701 1625 Vat.
1733 1598 1815 1625 sec.
1840 1586 1947 1634 fusis

128 1636 282 1676 Petav.
311 1650 394 1677 sec.
424 1638 566 1678 Oxou.
604 1650 688 1678 sec.
714 1638 846 1688 pensis
876 1640 942 1677 vel
964 1638 1057 1684 fuso
1087 1639 1181 1678 Vat.
1220 1640 1464 1690 quint.—-54
1482 1639 1604 1687 ferox
1637 1638 1826 1688 profero
1856 1645 1943 1677 tres

125 1689 246 1743 Vatt.
265 1690 366 1731 Jun.
386 1702 473 1731 sec.
494 1692 598 1731 Exc.
624 1692 777 1730 Petav.
798 1698 936 1743 quart.
963 1693 1175 1730 conclamat
1195 1692 1342 1731 Petav.
1362 1695 1533 1743 pr.—57
1549 1691 1675 1744 finem
1705 1691 1823 1729 terris
1840 1692 1944 1731 Exc.

126 1742 277 1782 Petav.
313 1748 558 1794 quarn—58
585 1746 669 1783 vias
689 1757 764 1796 pro
786 1745 883 1783 vices
913 1745 996 1784 inc.
1019 1745 1167 1784 Heius.
1199 1747 1327 1784 modos
1358 1745 1507 1783 Petav.
1532 1756 1595 1795 pr.
1618 1745 1778 1783 Bonon.
1798 1743 1941 1783 Oxou.

125 1807 212 1836 sec.
247 1797 478 1837 Voss-59
503 1799 693 1848 letumque
729 1798 836 1847 regis
874 1799 1022 1838 Petav.
1069 1809 1153 1838 sec.
1181 1799 1290 1848 geris
1310 1797 1412 1838 vat.
1444 1798 1584 1849 quint.
1612 1797 1720 1846 regis
1748 1797 1816 1835 vel
1842 1797 1941 1836 seris

943 1885 983 1924 N
990 1885 1123 1924 OTAE

175 1964 227 2002 52
262 1962 412 2003 Seriem
444 1963 623 2012 fatorum
663 1965 801 2015 pollice
828 1964 993 2015 ducunt]
1063 1963 1153 2003 fuso
1171 1965 1349 2016 colligit,
1370 1970 1622 2016 spectatque
1648 1970 1812 2014 tempus
1831 1974 1940 2013 prae·

120 2023 277 2078 Digitis
304 2025 376 2064 fila
409 2028 587 2067 subacta
617 2028 793 2067 trahunt
812 2034 856 2068 et
893 2035 998 2066 nent
1064 2040 1173 2067 sens,
1247 2028 1441 2067 Lachesis
1481 2038 1595 2075 vero,
1623 2024 1699 2065 ἀπὸ
1735 2025 1806 2064 τοῦ
1839 2032 1939 2073 λαγ-

119 2089 356 2128 naturalem
372 2089 581 2140 quendam
598 2089 791 2128 ordinem
813 2091 997 2128 omnium
1063 2087 1213 2139 χάνειν,
1230 2090 1366 2128 sortiri
1379 2103 1395 2135 ;
1421 2088 1515 2126 haec
1535 2087 1646 2126 enim
1669 2086 1785 2125 filum
1805 2085 1942 2133 ducit,

119 2161 334 2190 rerumex
356 2157 535 2201 aeterno,
553 2153 646 2191 aliis
673 2153 726 2191 ad
755 2153 838 2191 alia
858 2164 999 2191 conse·
1066 2157 1111 2190 et
1143 2157 1391 2190 cunctarum
1431 2161 1568 2189 rerum
1601 2147 1727 2186 finem
1746 2147 1938 2195 sortitur,

118 2212 362 2264 (luentibus,
394 2219 439 2252 et
470 2225 553 2253 non
581 2214 778 2253 mutabili
801 2220 998 2254 manente
1067 2226 1139 2253 sen
1182 2219 1295 2253 sorte
1324 2212 1458 2263 ducit,
1488 2215 1741 2263 spectatque
1772 2215 1938 2260 tempus

117 2273 355 2326 hujusmodi
374 2276 500 2326 serie,
515 2288 568 2314 ex
590 2277 846 2328 Chrysippo.
1063 2274 1267 2314 futurum.

172 2340 223 2377 53
246 2338 425 2378 Ferratis
438 2338 586 2389 pensis]
608 2338 752 2386 Pensa
770 2343 869 2377 sunt
887 2338 994 2378 lanae

109 2396 338 2450 manipuli,
351 2399 423 2450 qui
440 2398 632 2450 pendent
649 2410 702 2437 ex
722 2399 833 2445 colo,
849 2404 893 2437 et
911 2397 993 2437 fer·

113 2469 211 2503 rata
235 2464 435 2503 dicuntur
467 2463 523 2502 ob
558 2463 848 2501 inevitabilem
882 2460 991 2501 fato-

116 2538 208 2566 rum
229 2526 543 2565 necessitatem.

166 2588 336 2640 Soemda]
361 2589 574 2628 Saeculum
598 2593 665 2626 est
683 2587 867 2638 spatium
887 2587 988 2627 vitae

112 2651 402 2702 longissimum
420 2666 430 2690 2
469 2650 660 2689 nonnulli
681 2650 733 2690 ad
755 2657 922 2690 centum
942 2657 987 2690 et

114 2715 265 2767 viginti
285 2727 433 2765 annoti,
453 2716 596 2767 plures
616 2714 670 2754 ad
689 2723 862 2755 centum
898 2722 987 2756 tan-

112 2783 202 2821 tum
234 2779 495 2827 extendunt;
525 2777 695 2830 quidam
731 2777 783 2816 ad
813 2778 988 2829 triginta

113 2848 278 2884 tantum
296 2854 442 2890 annm,
460 2849 504 2880 et
525 2847 592 2882 est
618 2842 753 2881 minus
773 2842 986 2881 saeculum.

163 2908 218 2944 54
246 2903 447 2953 Lachesis]
486 2903 587 2942 Tria
605 2904 714 2943 Fata
748 2909 862 2953 sunt,
896 2911 983 2943 tres

111 2966 283 3016 Parcae3
304 2978 379 3018 pro
400 2965 565 3005 ratione
586 2966 715 3004 trium
733 2972 983 3017 temporum,

109 3029 338 3080 praeteriti,
364 3028 606 3080 praesentis,
644 3032 690 3067 et
721 3026 867 3069 futuri.
927 3026 985 3068 A·

108 3095 272 3143 tropos,
319 3091 452 3144 quasi,
494 3089 675 3142 ἅτροπος,
719 3090 984 3140 immutabilis,

28 3165 34 3207 ·’,
109 3154 207 3210 quia
225 3154 344 3195 nevit
363 3153 498 3193 fatum
531 3153 740 3205 praeteriti
769 3153 985 3204 temporis,

30 3226 33 3247 ³
105 3218 217 3272 quod
255 3219 371 3258 nulla
407 3223 550 3270 potest
593 3216 757 3256 ratione
800 3217 981 3264 mutari;

0 3293 36 3385 ,ἐξ

0 3397 37 3456 ’.ἓ

105 3281 218 3335 quod
231 3280 344 3323 enim
372 3279 535 3320 factum
555 3286 621 3320 est
653 3277 862 3319 infectum
890 3290 982 3318 esse

94 3343 266 3397 nequit.
297 3342 466 3393 Clotho,
493 3340 570 3382 ἀπὸ
599 3342 670 3381 τοῦ
698 3339 875 3393 κλῶθειν,
902 3345 982 3380 tor-

1117 2341 1170 2376 56
1201 2337 1378 2388 Arbiter]
1410 2337 1483 2375 Est
1508 2333 1645 2386 judex
1691 2333 1869 2382 electus,
1909 2343 1934 2371 a

1062 2412 1145 2451 quo
1168 2411 1399 2449 provocare
1421 2410 1503 2436 non
1523 2397 1648 2436 iicet:
1669 2396 1736 2435 hic
1753 2395 1932 2434 sumitur

1059 2473 1135 2512 pro
1155 2460 1326 2499 domino
1361 2466 1404 2498 et
1422 2460 1558 2510 Rege.

1114 2524 1422 2573 Umbrarumque
1445 2519 1601 2573 potens]
1638 2520 1815 2569 Potens,
1832 2531 1927 2558 cum

1056 2587 1262 2637 genitivo,
1277 2584 1489 2636 significat
1508 2583 1635 2623 etiam
1650 2582 1864 2621 dominum
1884 2586 1928 2620 et

1055 2649 1232 2699 Regem,
1262 2647 1536 2696 Reginamve,
1554 2650 1617 2683 .ut
1646 2643 1758 2695 apud
1790 2643 1928 2683 Hora-

1055 2712 1157 2750 tium
1176 2725 1185 2749 :
1216 2714 1227 2733 ‘
1253 2710 1323 2749 Sic
1345 2716 1388 2749 te
1412 2709 1523 2748 Diva
1542 2711 1692 2758 potens
1712 2704 1872 2757 Cypri!

1104 2777 1155 2813 57
1184 2773 1324 2813 Finem
1351 2771 1498 2812 cunctis
1515 2774 1553 2809 et
1580 2768 1727 2809 semina
1757 2765 1923 2819 probes]

1050 2836 1205 2877 Cicero
1220 2849 1230 2874 z
1243 2836 1255 2857 ‘
1267 2836 1456 2874 Terrena
1474 2833 1536 2872 vis
1555 2832 1688 2872 omnis
1702 2836 1832 2883 atque
1850 2841 1924 2871 ua·

1050 2904 1144 2938 tura
1165 2898 1258 2937 Diti
1292 2896 1404 2948 patri
1432 2894 1630 2934 dedicata
1650 2897 1731 2943 est,
1749 2891 1821 2943 qui
1841 2891 1923 2931 Dis

1050 2967 1097 3000 ut
1129 2959 1243 3013 apud
1275 2960 1453 2999 Graecos
1490 2954 1691 3005 Πλούτων,
1742 2953 1842 3007 quia
1877 2958 1924 2992 et

1049 3022 1245 3063 recidant
1269 3021 1410 3060 omnia
1439 3019 1483 3058 iu
1519 3024 1671 3066 terras,
1707 3021 1752 3055 et
1787 3014 1922 3054 orian-

1050 3093 1119 3126 tur
1139 3099 1164 3126 e
1185 3084 1335 3126 terris!

1102 3153 1155 3188 58
1177 3147 1441 3198 Nascendique
1456 3144 1577 3196 vices]
1596 3142 1749 3194 Aper-is
1764 3141 1918 3182 iterum

1049 3212 1158 3251 viam
1204 3208 1435 3258 nascendi3
1482 3205 1689 3259 siquidem
1720 3203 1764 3242 in
1789 3199 1916 3241 rebus

1047 3273 1325 3324 naturalibus,
1355 3284 1452 3312 cum
1470 3281 1600 3313 unum
1624 3265 1752 3318 perit,
1781 3262 1916 3303 nasci-

1047 3343 1118 3378 tur
1137 3337 1331 3385 alterum‚
1345 3338 1390 3374 et
1406 3333 1468 3374 sic
1485 3327 1700 3382 corruptio
1713 3324 1832 3367 unius
1846 3329 1916 3363 est

100 3418 230 3462 gnare,
247 3404 409 3460 quippe
442 3402 559 3447 filum
590 3409 780 3471 torquet,
810 3403 855 3446 in
884 3404 979 3457 ipso
1044 3398 1265 3456 generatio
1274 3385 1912 3450 alterius‚idquefitalternatim.
