<?xml version="1.0" encoding="UTF-8"?>
<!DOCTYPE html PUBLIC "-//W3C//DTD XHTML 1.0 Transitional//EN"
    "http://www.w3.org/TR/xhtml1/DTD/xhtml1-transitional.dtd">
<html xmlns="http://www.w3.org/1999/xhtml" xml:lang="en" lang="en">
 <head>
  <title>
</title>
<meta http-equiv="Content-Type" content="text/html;charset=utf-8" />
  <meta name='ocr-system' content='tesseract 3.04.00' />
  <meta name='ocr-capabilities' content='ocr_page ocr_carea ocr_par ocr_line ocrx_word'/>
</head>
<body>
  <div class='ocr_page' id='page_1' title='image "./operaomniaexedit02clauuoft/operaomniaexedit02clauuoft_0363.png"; bbox 0 0 2300 3906; ppageno 0'>
   <div class='ocr_carea' id='block_1_1' title="bbox 845 216 1322 258">
    <p class='ocr_par' dir='ltr' id='par_1_1' title="bbox 845 216 1322 258">
     <span class='ocr_line' id='line_1_1' title="bbox 845 216 1322 258; baseline 0 -2"><span class='ocrx_word' id='word_1_1' title='bbox 845 216 1007 258; x_wconf 67' lang='lat' dir='ltr'><strong>Laus</strong></span> <span class='ocrx_word' id='word_1_2' title='bbox 1045 217 1322 258; x_wconf 72' lang='lat' dir='ltr'><strong>SERENAE.</strong></span> 
     </span>
    </p>
   </div>
   <div class='ocr_carea' id='block_1_2' title="bbox 142 327 1954 402">
    <p class='ocr_par' dir='ltr' id='par_1_2' title="bbox 142 327 1954 402">
     <span class='ocr_line' id='line_1_2' title="bbox 142 327 1954 402; baseline 0.004 -22"><span class='ocrx_word' id='word_1_3' title='bbox 142 327 293 393; x_wconf 88' lang='lat' dir='ltr'><strong>Otia,</strong></span> <span class='ocrx_word' id='word_1_4' title='bbox 319 346 670 400; x_wconf 82' lang='lat' dir='ltr'><strong>progressum</strong></span> <span class='ocrx_word' id='word_1_5' title='bbox 691 329 845 384; x_wconf 87' lang='lat' dir='ltr'><strong>foliis</strong></span> <span class='ocrx_word' id='word_1_6' title='bbox 871 336 1095 402; x_wconf 85' lang='lat' dir='ltr'><strong>expavit</strong></span> <span class='ocrx_word' id='word_1_7' title='bbox 1119 334 1349 388; x_wconf 82' lang='lat' dir='ltr'><strong>Ulixen.</strong></span> <span class='ocrx_word' id='word_1_8' title='bbox 1847 335 1954 389; x_wconf 83' lang='lat'><strong>145</strong></span> 
     </span>
    </p>
   </div>
   <div class='ocr_carea' id='block_1_3' title="bbox 137 413 1775 735">
    <p class='ocr_par' dir='ltr' id='par_1_3' title="bbox 140 413 1495 477">
     <span class='ocr_line' id='line_1_3' title="bbox 140 413 1495 477; baseline 0.006 -13"><span class='ocrx_word' id='word_1_9' title='bbox 140 413 358 466; x_wconf 87' lang='lat' dir='ltr'><strong>Pierius</strong></span> <span class='ocrx_word' id='word_1_10' title='bbox 380 415 552 477; x_wconf 88' lang='lat' dir='ltr'><strong>labor,</strong></span> <span class='ocrx_word' id='word_1_11' title='bbox 578 418 634 465; x_wconf 85' lang='lat' dir='ltr'><strong>et</strong></span> <span class='ocrx_word' id='word_1_12' title='bbox 656 418 893 467; x_wconf 89' lang='lat' dir='ltr'><strong>veterum</strong></span> <span class='ocrx_word' id='word_1_13' title='bbox 915 418 1015 469; x_wconf 87' lang='lat' dir='ltr'><strong>tibi</strong></span> <span class='ocrx_word' id='word_1_14' title='bbox 1039 421 1283 471; x_wconf 86' lang='lat' dir='ltr'><strong>carmina</strong></span> <span class='ocrx_word' id='word_1_15' title='bbox 1305 423 1495 471; x_wconf 83' lang='lat' dir='ltr'><strong>vatum</strong></span> 
     </span>
    </p>

    <p class='ocr_par' dir='ltr' id='par_1_4' title="bbox 137 494 1775 735">
     <span class='ocr_line' id='line_1_4' title="bbox 137 494 1775 570; baseline 0.005 -24"><span class='ocrx_word' id='word_1_16' title='bbox 137 494 332 547; x_wconf 83' lang='lat' dir='ltr'><strong>Ludus</strong></span> <span class='ocrx_word' id='word_1_17' title='bbox 358 503 479 548; x_wconf 85' lang='lat' dir='ltr'><strong>erat</strong></span> <span class='ocrx_word' id='word_1_18' title='bbox 502 513 515 547; x_wconf 73' lang='grc' dir='ltr'>ε</span> <span class='ocrx_word' id='word_1_19' title='bbox 555 513 692 564; x_wconf 89' lang='lat' dir='ltr'><strong>quos</strong></span> <span class='ocrx_word' id='word_1_20' title='bbox 715 498 945 566; x_wconf 83' lang='lat' dir='ltr'><strong>Smyrna</strong></span> <span class='ocrx_word' id='word_1_21' title='bbox 968 501 1137 565; x_wconf 82' lang='lat' dir='ltr'><strong>dedit,</strong></span> <span class='ocrx_word' id='word_1_22' title='bbox 1165 518 1305 570; x_wconf 92' lang='lat' dir='ltr'><strong>quos</strong></span> <span class='ocrx_word' id='word_1_23' title='bbox 1333 502 1584 565; x_wconf 84' lang='lat' dir='ltr'><strong>Mantua,</strong></span> <span class='ocrx_word' id='word_1_24' title='bbox 1608 499 1775 555; x_wconf 81' lang='lat' dir='ltr'><strong>libros</strong></span> 
     </span>
     <span class='ocr_line' id='line_1_5' title="bbox 140 577 1636 652; baseline 0.004 -23"><span class='ocrx_word' id='word_1_25' title='bbox 140 577 495 641; x_wconf 82' lang='lat' dir='ltr'><strong>PercurrenS,</strong></span> <span class='ocrx_word' id='word_1_26' title='bbox 521 579 750 634; x_wconf 85' lang='lat' dir='ltr'><strong>damnas</strong></span> <span class='ocrx_word' id='word_1_27' title='bbox 776 582 1047 647; x_wconf 82' lang='lat' dir='ltr'><strong>Helenen,</strong></span> <span class='ocrx_word' id='word_1_28' title='bbox 1083 600 1184 636; x_wconf 90' lang='lat' dir='ltr'><strong>nec</strong></span> <span class='ocrx_word' id='word_1_29' title='bbox 1208 586 1394 652; x_wconf 88' lang='lat' dir='ltr'><strong>parcis</strong></span> <span class='ocrx_word' id='word_1_30' title='bbox 1420 584 1636 639; x_wconf 84' lang='lat' dir='ltr'><strong>Elissae.</strong></span> 
     </span>
     <span class='ocr_line' id='line_1_6' title="bbox 140 660 1424 735; baseline 0.005 -22"><span class='ocrx_word' id='word_1_31' title='bbox 140 660 433 713; x_wconf 88' lang='lat' dir='ltr'><strong>Nobiliora</strong></span> <span class='ocrx_word' id='word_1_32' title='bbox 459 669 640 715; x_wconf 85' lang='lat' dir='ltr'><strong>tenent</strong></span> <span class='ocrx_word' id='word_1_33' title='bbox 663 667 877 718; x_wconf 87' lang='lat' dir='ltr'><strong>animos</strong></span> <span class='ocrx_word' id='word_1_34' title='bbox 897 668 1154 735; x_wconf 83' lang='lat' dir='ltr'><strong>exempla</strong></span> <span class='ocrx_word' id='word_1_35' title='bbox 1175 667 1424 735; x_wconf 74' lang='lat' dir='ltr'><strong>pudicoS.</strong></span> 
     </span>
    </p>
   </div>
   <div class='ocr_carea' id='block_1_4' title="bbox 140 743 1956 814">
    <p class='ocr_par' dir='ltr' id='par_1_5' title="bbox 140 743 1956 814">
     <span class='ocr_line' id='line_1_7' title="bbox 140 743 1956 814; baseline 0.005 -19"><span class='ocrx_word' id='word_1_36' title='bbox 140 743 444 796; x_wconf 82' lang='lat' dir='ltr'>Laodamia</span> <span class='ocrx_word' id='word_1_37' title='bbox 468 762 704 814; x_wconf 88' lang='lat' dir='ltr'><strong>sequens</strong></span> <span class='ocrx_word' id='word_1_38' title='bbox 730 755 1061 804; x_wconf 86' lang='lat' dir='ltr'><strong>remeantem</strong></span> <span class='ocrx_word' id='word_1_39' title='bbox 1084 766 1272 803; x_wconf 87' lang='lat' dir='ltr'><strong>rursus</strong></span> <span class='ocrx_word' id='word_1_40' title='bbox 1299 749 1372 802; x_wconf 89' lang='lat' dir='ltr'><strong>ad</strong></span> <span class='ocrx_word' id='word_1_41' title='bbox 1394 751 1616 803; x_wconf 88' lang='lat' dir='ltr'><strong>umbras</strong></span> <span class='ocrx_word' id='word_1_42' title='bbox 1848 750 1956 804; x_wconf 85' lang='lat'><strong>150</strong></span> 
     </span>
    </p>
   </div>
   <div class='ocr_carea' id='block_1_5' title="bbox 134 902 1960 1112">
    <p class='ocr_par' dir='ltr' id='par_1_6' title="bbox 134 902 1960 1112">
     <span class='ocr_line' id='line_1_8' title="bbox 140 902 1959 958; baseline 0.005 -18"><span class='ocrx_word' id='word_1_43' title='bbox 140 902 267 943; x_wconf 76' lang='lat' dir='ltr'><strong>dibus.</strong></span> <span class='ocrx_word' id='word_1_44' title='bbox 326 904 456 954; x_wconf 84' lang='lat' dir='ltr'><strong>Opera</strong></span> <span class='ocrx_word' id='word_1_45' title='bbox 479 904 680 946; x_wconf 81' lang='lat' dir='ltr'><strong>Musarum</strong></span> <span class='ocrx_word' id='word_1_46' title='bbox 698 911 736 945; x_wconf 85' lang='lat' dir='ltr'><strong>et</strong></span> <span class='ocrx_word' id='word_1_47' title='bbox 753 919 885 946; x_wconf 60' lang='lat' dir='ltr'><strong>versus</strong></span> <span class='ocrx_word' id='word_1_48' title='bbox 910 907 1120 948; x_wconf 63' lang='lat' dir='ltr'><strong>Poetarum</strong></span> <span class='ocrx_word' id='word_1_49' title='bbox 1150 907 1392 958; x_wconf 78' lang='lat' dir='ltr'><strong>antiquorum</strong></span> <span class='ocrx_word' id='word_1_50' title='bbox 1409 911 1521 947; x_wconf 83' lang='lat' dir='ltr'><strong>erant</strong></span> <span class='ocrx_word' id='word_1_51' title='bbox 1540 906 1618 946; x_wconf 86' lang='lat' dir='ltr'><strong>tibi</strong></span> <span class='ocrx_word' id='word_1_52' title='bbox 1633 906 1959 949; x_wconf 72' lang='lat' dir='ltr'><strong>oblectamentum.</strong></span> 
     </span>
     <span class='ocr_line' id='line_1_9' title="bbox 145 956 1960 1012; baseline 0.003 -17"><span class='ocrx_word' id='word_1_53' title='bbox 145 956 203 995; x_wconf 79' lang='lat' dir='ltr'><strong>Tu</strong></span> <span class='ocrx_word' id='word_1_54' title='bbox 235 956 409 996; x_wconf 66' lang='lat' dir='ltr'><strong>evolvens</strong></span> <span class='ocrx_word' id='word_1_55' title='bbox 439 958 643 1008; x_wconf 85' lang='lat' dir='ltr'><strong>volumina,</strong></span> <span class='ocrx_word' id='word_1_56' title='bbox 687 972 771 1010; x_wconf 84' lang='lat' dir='ltr'><strong>quoe</strong></span> <span class='ocrx_word' id='word_1_57' title='bbox 821 960 1033 1000; x_wconf 79' lang='lat' dir='ltr'><strong>Homerus</strong></span> <span class='ocrx_word' id='word_1_58' title='bbox 1088 961 1325 1012; x_wconf 80' lang='lat' dir='ltr'><strong>Smymoeus,</strong></span> <span class='ocrx_word' id='word_1_59' title='bbox 1369 964 1407 999; x_wconf 79' lang='lat' dir='ltr'><strong>et</strong></span> <span class='ocrx_word' id='word_1_60' title='bbox 1454 960 1658 1010; x_wconf 74' lang='lat' dir='ltr'>Virgilius</span> <span class='ocrx_word' id='word_1_61' title='bbox 1720 961 1960 1000; x_wconf 72' lang='lat' dir='ltr'><strong>Mantuanus</strong></span> 
     </span>
     <span class='ocr_line' id='line_1_10' title="bbox 139 1012 1960 1064; baseline 0.003 -18"><span class='ocrx_word' id='word_1_62' title='bbox 139 1013 446 1059; x_wconf 80' lang='lat' dir='ltr'><strong>composuerunt,</strong></span> <span class='ocrx_word' id='word_1_63' title='bbox 476 1012 702 1050; x_wconf 70' lang='lat' dir='ltr'><strong>condemnas</strong></span> <span class='ocrx_word' id='word_1_64' title='bbox 734 1012 938 1063; x_wconf 78' lang='lat' dir='ltr'><strong>Helenam,</strong></span> <span class='ocrx_word' id='word_1_65' title='bbox 964 1026 1083 1064; x_wconf 78' lang='lat' dir='ltr'><strong>neque</strong></span> <span class='ocrx_word' id='word_1_66' title='bbox 1113 1014 1279 1063; x_wconf 77' lang='lat' dir='ltr'><strong>ignoscis</strong></span> <span class='ocrx_word' id='word_1_67' title='bbox 1314 1013 1482 1053; x_wconf 77' lang='lat' dir='ltr'><strong>Didoni.</strong></span> <span class='ocrx_word' id='word_1_68' title='bbox 1534 1013 1727 1064; x_wconf 75' lang='lat' dir='ltr'><strong>Exempla</strong></span> <span class='ocrx_word' id='word_1_69' title='bbox 1744 1014 1960 1052; x_wconf 74' lang='lat' dir='ltr'><strong>illustriora</strong></span> 
     </span>
     <span class='ocr_line' id='line_1_11' title="bbox 134 1061 1960 1112; baseline 0.003 -11"><span class='ocrx_word' id='word_1_70' title='bbox 134 1061 331 1112; x_wconf 74' lang='lat' dir='ltr'><strong>possident</strong></span> <span class='ocrx_word' id='word_1_71' title='bbox 348 1066 514 1102; x_wconf 83' lang='lat' dir='ltr'><strong>mentem</strong></span> <span class='ocrx_word' id='word_1_72' title='bbox 533 1068 652 1103; x_wconf 83' lang='lat' dir='ltr'><strong>tuam</strong></span> <span class='ocrx_word' id='word_1_73' title='bbox 678 1068 838 1106; x_wconf 85' lang='lat' dir='ltr'><strong>castam.</strong></span> <span class='ocrx_word' id='word_1_74' title='bbox 893 1065 1107 1106; x_wconf 78' lang='lat' dir='ltr'><strong>Laodamia</strong></span> <span class='ocrx_word' id='word_1_75' title='bbox 1136 1067 1279 1107; x_wconf 82' lang='lat' dir='ltr'><strong>scilieet</strong></span> <span class='ocrx_word' id='word_1_76' title='bbox 1303 1070 1433 1107; x_wconf 81' lang='lat' dir='ltr'><strong>secuta</strong></span> <span class='ocrx_word' id='word_1_77' title='bbox 1452 1066 1714 1106; x_wconf 78' lang='lat' dir='ltr'><strong>Protesilaum</strong></span> <span class='ocrx_word' id='word_1_78' title='bbox 1736 1067 1960 1109; x_wconf 77' lang='lat' dir='ltr'><strong>redeuntem</strong></span> 
     </span>
    </p>
   </div>
   <div class='ocr_carea' id='block_1_6' title="bbox 909 1184 1200 1200">
    <p class='ocr_par' dir='ltr' id='par_1_7' title="bbox 909 1184 1200 1200">
     <span class='ocr_line' id='line_1_12' title="bbox 909 1184 1200 1200; baseline 0.003 -1"><span class='ocrx_word' id='word_1_79' title='bbox 909 1184 1200 1200; x_wconf 55' lang='lat' dir='ltr'><strong>OO‘ON‘ONCO</strong></span> 
     </span>
    </p>
   </div>
   <div class='ocr_carea' id='block_1_7' title="bbox 139 1268 1968 1588">
    <p class='ocr_par' dir='ltr' id='par_1_8' title="bbox 139 1268 1968 1588">
     <span class='ocr_line' id='line_1_13' title="bbox 141 1268 1966 1323; baseline 0.004 -17"><span class='ocrx_word' id='word_1_80' title='bbox 141 1271 343 1320; x_wconf 58' lang='lat' dir='ltr'><strong>tin—146</strong></span> <span class='ocrx_word' id='word_1_81' title='bbox 370 1268 537 1308; x_wconf 76' lang='lat' dir='ltr'><strong>culmina</strong></span> <span class='ocrx_word' id='word_1_82' title='bbox 565 1280 644 1320; x_wconf 91' lang='lat' dir='ltr'><strong>pro</strong></span> <span class='ocrx_word' id='word_1_83' title='bbox 675 1271 848 1310; x_wconf 81' lang='lat' dir='ltr'><strong>carmina</strong></span> <span class='ocrx_word' id='word_1_84' title='bbox 889 1271 1048 1312; x_wconf 89' lang='lat' dir='ltr'><strong>Moret.</strong></span> <span class='ocrx_word' id='word_1_85' title='bbox 1080 1275 1279 1323; x_wconf 73' lang='lat' dir='ltr'><strong>pr.—147</strong></span> <span class='ocrx_word' id='word_1_86' title='bbox 1310 1271 1440 1311; x_wconf 74' lang='lat' dir='ltr'><strong>Ludus</strong></span> <span class='ocrx_word' id='word_1_87' title='bbox 1464 1275 1549 1311; x_wconf 88' lang='lat' dir='ltr'><strong>erat</strong></span> <span class='ocrx_word' id='word_1_88' title='bbox 1585 1274 1674 1311; x_wconf 85' lang='lat' dir='ltr'><strong>tres</strong></span> <span class='ocrx_word' id='word_1_89' title='bbox 1715 1271 1836 1312; x_wconf 83' lang='lat' dir='ltr'><strong>vatt.</strong></span> <span class='ocrx_word' id='word_1_90' title='bbox 1863 1271 1966 1314; x_wconf 75' lang='lat' dir='ltr'><strong>Pal..</strong></span> 
     </span>
     <span class='ocr_line' id='line_1_14' title="bbox 140 1321 1968 1374; baseline 0.002 -14"><span class='ocrx_word' id='word_1_91' title='bbox 140 1322 261 1361; x_wconf 78' lang='lat' dir='ltr'><strong>Rmt.</strong></span> <span class='ocrx_word' id='word_1_92' title='bbox 280 1321 417 1360; x_wconf 85' lang='lat' dir='ltr'><strong>Oisel.</strong></span> <span class='ocrx_word' id='word_1_93' title='bbox 446 1325 556 1361; x_wconf 82' lang='lat' dir='ltr'><strong>erant</strong></span> <span class='ocrx_word' id='word_1_94' title='bbox 575 1321 723 1363; x_wconf 88' lang='lat' dir='ltr'><strong>Ambr.</strong></span> <span class='ocrx_word' id='word_1_95' title='bbox 742 1330 842 1363; x_wconf 89' lang='lat' dir='ltr'><strong>tert.</strong></span> <span class='ocrx_word' id='word_1_96' title='bbox 862 1325 965 1363; x_wconf 92' lang='lat' dir='ltr'><strong>item</strong></span> <span class='ocrx_word' id='word_1_97' title='bbox 986 1325 1116 1364; x_wconf 87' lang='lat' dir='ltr'><strong>Gesn.</strong></span> <span class='ocrx_word' id='word_1_98' title='bbox 1135 1330 1181 1364; x_wconf 89' lang='lat' dir='ltr'><strong>et</strong></span> <span class='ocrx_word' id='word_1_99' title='bbox 1201 1324 1270 1364; x_wconf 83' lang='lat' dir='ltr'><strong>ed.</strong></span> <span class='ocrx_word' id='word_1_100' title='bbox 1290 1325 1469 1374; x_wconf 87' lang='lat' dir='ltr'><strong>Bipont.</strong></span> <span class='ocrx_word' id='word_1_101' title='bbox 1496 1336 1644 1363; x_wconf 84' lang='lat' dir='ltr'><strong>summa</strong></span> <span class='ocrx_word' id='word_1_102' title='bbox 1660 1325 1768 1363; x_wconf 85' lang='lat' dir='ltr'><strong>dedit</strong></span> <span class='ocrx_word' id='word_1_103' title='bbox 1789 1323 1862 1363; x_wconf 78' lang='lat' dir='ltr'><strong>tibi</strong></span> <span class='ocrx_word' id='word_1_104' title='bbox 1881 1336 1968 1374; x_wconf 78' lang='lat' dir='ltr'><strong>pro</strong></span> 
     </span>
     <span class='ocr_line' id='line_1_15' title="bbox 141 1374 1962 1427; baseline 0.002 -14"><span class='ocrx_word' id='word_1_105' title='bbox 141 1374 309 1425; x_wconf 76' lang='lat' dir='ltr'><strong>Smyrna</strong></span> <span class='ocrx_word' id='word_1_106' title='bbox 335 1374 448 1414; x_wconf 82' lang='lat' dir='ltr'><strong>dedit</strong></span> <span class='ocrx_word' id='word_1_107' title='bbox 475 1387 567 1426; x_wconf 84' lang='lat' dir='ltr'><strong>quos</strong></span> <span class='ocrx_word' id='word_1_108' title='bbox 599 1375 764 1415; x_wconf 84' lang='lat' dir='ltr'><strong>Buslid.</strong></span> <span class='ocrx_word' id='word_1_109' title='bbox 808 1388 959 1416; x_wconf 84' lang='lat' dir='ltr'><strong>summa</strong></span> <span class='ocrx_word' id='word_1_110' title='bbox 990 1378 1057 1416; x_wconf 86' lang='lat' dir='ltr'><strong>vel</strong></span> <span class='ocrx_word' id='word_1_111' title='bbox 1085 1375 1203 1424; x_wconf 85' lang='lat' dir='ltr'><strong>sama</strong></span> <span class='ocrx_word' id='word_1_112' title='bbox 1233 1377 1393 1416; x_wconf 84' lang='lat' dir='ltr'><strong>Moret.</strong></span> <span class='ocrx_word' id='word_1_113' title='bbox 1426 1380 1628 1427; x_wconf 77' lang='lat' dir='ltr'><strong>pr.—l48</strong></span> <span class='ocrx_word' id='word_1_114' title='bbox 1655 1378 1840 1415; x_wconf 80' lang='lat' dir='ltr'><strong>damnans</strong></span> <span class='ocrx_word' id='word_1_115' title='bbox 1859 1376 1962 1416; x_wconf 83' lang='lat' dir='ltr'><strong>Put.</strong></span> 
     </span>
     <span class='ocr_line' id='line_1_16' title="bbox 139 1425 1960 1469; baseline 0.002 -4"><span class='ocrx_word' id='word_1_116' title='bbox 139 1425 307 1467; x_wconf 85' lang='lat' dir='ltr'><strong>Buslid.</strong></span> <span class='ocrx_word' id='word_1_117' title='bbox 347 1427 538 1467; x_wconf 78' lang='lat' dir='ltr'><strong>Helenam</strong></span> <span class='ocrx_word' id='word_1_118' title='bbox 570 1428 654 1466; x_wconf 86' lang='lat' dir='ltr'><strong>duo</strong></span> <span class='ocrx_word' id='word_1_119' title='bbox 689 1430 807 1469; x_wconf 87' lang='lat' dir='ltr'><strong>Vatt.</strong></span> <span class='ocrx_word' id='word_1_120' title='bbox 847 1428 981 1468; x_wconf 89' lang='lat' dir='ltr'><strong>Oisel.</strong></span> <span class='ocrx_word' id='word_1_121' title='bbox 1030 1430 1216 1469; x_wconf 87' lang='lat' dir='ltr'><strong>Helenem</strong></span> <span class='ocrx_word' id='word_1_122' title='bbox 1250 1429 1346 1469; x_wconf 89' lang='lat' dir='ltr'><strong>Pal.</strong></span> <span class='ocrx_word' id='word_1_123' title='bbox 1376 1427 1460 1467; x_wconf 87' lang='lat' dir='ltr'><strong>duo</strong></span> <span class='ocrx_word' id='word_1_124' title='bbox 1490 1428 1609 1468; x_wconf 87' lang='lat' dir='ltr'><strong>Med.</strong></span> <span class='ocrx_word' id='word_1_125' title='bbox 1659 1428 1836 1468; x_wconf 82' lang='lat' dir='ltr'><strong>Helenen</strong></span> <span class='ocrx_word' id='word_1_126' title='bbox 1856 1428 1960 1468; x_wconf 82' lang='lat' dir='ltr'><strong>Cod.</strong></span> 
     </span>
     <span class='ocr_line' id='line_1_17' title="bbox 139 1479 1962 1533; baseline 0.002 -15"><span class='ocrx_word' id='word_1_127' title='bbox 139 1479 287 1531; x_wconf 83' lang='lat' dir='ltr'><strong>Epigr.</strong></span> <span class='ocrx_word' id='word_1_128' title='bbox 315 1479 466 1520; x_wconf 90' lang='lat' dir='ltr'><strong>Ambr.</strong></span> <span class='ocrx_word' id='word_1_129' title='bbox 507 1479 681 1520; x_wconf 83' lang='lat' dir='ltr'><strong>Helissoe</strong></span> <span class='ocrx_word' id='word_1_130' title='bbox 711 1482 813 1522; x_wconf 85' lang='lat' dir='ltr'><strong>Vat.</strong></span> <span class='ocrx_word' id='word_1_131' title='bbox 847 1494 912 1533; x_wconf 93' lang='lat' dir='ltr'><strong>pr.</strong></span> <span class='ocrx_word' id='word_1_132' title='bbox 961 1482 1101 1521; x_wconf 81' lang='lat' dir='ltr'><strong>Elissoe</strong></span> <span class='ocrx_word' id='word_1_133' title='bbox 1132 1482 1216 1522; x_wconf 89' lang='lat' dir='ltr'><strong>duo</strong></span> <span class='ocrx_word' id='word_1_134' title='bbox 1246 1481 1369 1522; x_wconf 80' lang='lat' dir='ltr'><strong>Vatt.</strong></span> <span class='ocrx_word' id='word_1_135' title='bbox 1403 1481 1499 1521; x_wconf 88' lang='lat' dir='ltr'><strong>Pal.</strong></span> <span class='ocrx_word' id='word_1_136' title='bbox 1531 1482 1652 1521; x_wconf 86' lang='lat' dir='ltr'><strong>Rott.</strong></span> <span class='ocrx_word' id='word_1_137' title='bbox 1672 1480 1962 1532; x_wconf 89' lang='lat' dir='ltr'><strong>Ambr.pr.—</strong></span> 
     </span>
     <span class='ocr_line' id='line_1_18' title="bbox 141 1534 1960 1588; baseline 0.002 -16"><span class='ocrx_word' id='word_1_138' title='bbox 141 1535 220 1572; x_wconf 84' lang='lat'><strong>150</strong></span> <span class='ocrx_word' id='word_1_139' title='bbox 259 1537 492 1573; x_wconf 75' lang='lat' dir='ltr'><strong>remeantem</strong></span> <span class='ocrx_word' id='word_1_140' title='bbox 519 1534 621 1575; x_wconf 86' lang='lat' dir='ltr'><strong>Vat.</strong></span> <span class='ocrx_word' id='word_1_141' title='bbox 640 1546 705 1586; x_wconf 87' lang='lat' dir='ltr'><strong>pr.</strong></span> <span class='ocrx_word' id='word_1_142' title='bbox 723 1534 886 1576; x_wconf 73' lang='lat' dir='ltr'><strong>Tltuan.</strong></span> <span class='ocrx_word' id='word_1_143' title='bbox 905 1535 1012 1574; x_wconf 84' lang='lat' dir='ltr'><strong>Exc.</strong></span> <span class='ocrx_word' id='word_1_144' title='bbox 1035 1535 1218 1575; x_wconf 85' lang='lat' dir='ltr'><strong>Lucens.</strong></span> <span class='ocrx_word' id='word_1_145' title='bbox 1249 1546 1314 1588; x_wconf 88' lang='lat' dir='ltr'><strong>pr.</strong></span> <span class='ocrx_word' id='word_1_146' title='bbox 1353 1537 1567 1575; x_wconf 74' lang='lat' dir='ltr'><strong>remeantes</strong></span> <span class='ocrx_word' id='word_1_147' title='bbox 1584 1535 1704 1575; x_wconf 83' lang='lat' dir='ltr'><strong>Rott.</strong></span> <span class='ocrx_word' id='word_1_148' title='bbox 1742 1535 1960 1575; x_wconf 85' lang='lat' dir='ltr'><strong>redeuntem</strong></span> 
     </span>
    </p>
   </div>
   <div class='ocr_carea' id='block_1_8' title="bbox 1 1039 9 1724">
    <p class='ocr_par' dir='ltr' id='par_1_9' title="bbox 1 1039 9 1724">
     <span class='ocr_line' id='line_1_19' title="bbox 1 1039 9 1724; baseline 0 0"><span class='ocrx_word' id='word_1_149' title='bbox 1 1039 9 1724; x_wconf 95' lang='lat' dir='ltr'><strong> </strong></span> 
     </span>
    </p>
   </div>
   <div class='ocr_carea' id='block_1_9' title="bbox 964 1651 1148 1694">
    <p class='ocr_par' dir='ltr' id='par_1_10' title="bbox 964 1651 1148 1694">
     <span class='ocr_line' id='line_1_20' title="bbox 964 1651 1148 1694; baseline 0.005 -1"><span class='ocrx_word' id='word_1_150' title='bbox 964 1651 1148 1694; x_wconf 80' lang='lat' dir='ltr'>NOTAE</span> 
     </span>
    </p>
   </div>
   <div class='ocr_carea' id='block_1_10' title="bbox 0 2021 44 3906">
    <p class='ocr_par' dir='ltr' id='par_1_11' title="bbox 0 2021 44 3906">
     <span class='ocr_line' id='line_1_21' title="bbox 0 2021 44 3906; baseline 0 0"><span class='ocrx_word' id='word_1_151' title='bbox 0 2021 44 3906; x_wconf 95' lang='lat' dir='ltr'><strong> </strong></span> 
     </span>
    </p>
   </div>
   <div class='ocr_carea' id='block_1_11' title="bbox 135 1742 1023 2607">
    <p class='ocr_par' dir='ltr' id='par_1_12' title="bbox 135 1742 1017 1920">
     <span class='ocr_line' id='line_1_22' title="bbox 141 1742 1017 1799; baseline 0.003 -15"><span class='ocrx_word' id='word_1_152' title='bbox 141 1759 187 1799; x_wconf 68' lang='lat' dir='ltr'><strong>m</strong></span> <span class='ocrx_word' id='word_1_153' title='bbox 205 1743 272 1785; x_wconf 73' lang='grc' dir='ltr'><strong>ταί</strong></span> <span class='ocrx_word' id='word_1_154' title='bbox 281 1744 320 1784; x_wconf 78' lang='grc' dir='ltr'><strong>τ’</strong></span> <span class='ocrx_word' id='word_1_155' title='bbox 331 1744 388 1797; x_wconf 71' lang='grc' dir='ltr'><strong>ἄρ’</strong></span> <span class='ocrx_word' id='word_1_156' title='bbox 406 1742 567 1797; x_wconf 77' lang='grc' dir='ltr'>ἔπαιζον</span> <span class='ocrx_word' id='word_1_157' title='bbox 582 1745 657 1786; x_wconf 76' lang='grc' dir='ltr'><strong>ἀπὸ</strong></span> <span class='ocrx_word' id='word_1_158' title='bbox 670 1745 860 1799; x_wconf 79' lang='grc' dir='ltr'><strong><em>κρήδεμνα</em></strong></span> <span class='ocrx_word' id='word_1_159' title='bbox 874 1747 1017 1793; x_wconf 76' lang='grc' dir='ltr'><strong>βαλοῦ-</strong></span> 
     </span>
     <span class='ocr_line' id='line_1_23' title="bbox 140 1809 1017 1861; baseline 0.005 -14"><span class='ocrx_word' id='word_1_160' title='bbox 140 1821 228 1848; x_wconf 73' lang='grc' dir='ltr'><strong>σαιε</strong></span> <span class='ocrx_word' id='word_1_161' title='bbox 260 1809 353 1849; x_wconf 84' lang='lat' dir='ltr'><strong>Pila</strong></span> <span class='ocrx_word' id='word_1_162' title='bbox 370 1809 465 1861; x_wconf 80' lang='lat' dir='ltr'><strong>ipsae</strong></span> <span class='ocrx_word' id='word_1_163' title='bbox 486 1810 680 1861; x_wconf 80' lang='lat' dir='ltr'><strong>ludebant,</strong></span> <span class='ocrx_word' id='word_1_164' title='bbox 697 1811 934 1851; x_wconf 69' lang='lat' dir='ltr'><strong>redimiculis</strong></span> <span class='ocrx_word' id='word_1_165' title='bbox 951 1812 1017 1851; x_wconf 86' lang='lat' dir='ltr'><strong>de-</strong></span> 
     </span>
     <span class='ocr_line' id='line_1_24' title="bbox 135 1869 288 1920; baseline 0 -10"><span class='ocrx_word' id='word_1_166' title='bbox 135 1869 288 1920; x_wconf 71' lang='lat' dir='ltr'><strong>positis.</strong></span> 
     </span>
    </p>

    <p class='ocr_par' dir='ltr' id='par_1_13' title="bbox 140 1933 1019 2044">
     <span class='ocr_line' id='line_1_25' title="bbox 196 1933 1019 1987; baseline 0.002 -15"><span class='ocrx_word' id='word_1_167' title='bbox 196 1935 275 1973; x_wconf 88' lang='grc'><strong>146</strong></span> <span class='ocrx_word' id='word_1_168' title='bbox 302 1933 482 1985; x_wconf 79' lang='lat' dir='ltr'><strong>Pierius]</strong></span> <span class='ocrx_word' id='word_1_169' title='bbox 534 1934 681 1974; x_wconf 87' lang='lat' dir='ltr'><strong>Pieria</strong></span> <span class='ocrx_word' id='word_1_170' title='bbox 699 1939 768 1974; x_wconf 88' lang='lat' dir='ltr'><strong>est</strong></span> <span class='ocrx_word' id='word_1_171' title='bbox 788 1934 906 1987; x_wconf 85' lang='lat' dir='ltr'><strong>regio</strong></span> <span class='ocrx_word' id='word_1_172' title='bbox 923 1934 1019 1974; x_wconf 88' lang='lat' dir='ltr'><strong>Ma·</strong></span> 
     </span>
     <span class='ocr_line' id='line_1_26' title="bbox 140 1993 657 2044; baseline 0.006 -10"><span class='ocrx_word' id='word_1_173' title='bbox 140 1993 345 2044; x_wconf 84' lang='lat' dir='ltr'><strong>cedoniae‚</strong></span> <span class='ocrx_word' id='word_1_174' title='bbox 364 1997 500 2036; x_wconf 87' lang='lat' dir='ltr'><strong>Musis</strong></span> <span class='ocrx_word' id='word_1_175' title='bbox 520 2009 657 2037; x_wconf 83' lang='lat' dir='ltr'><strong>sacra.</strong></span> 
     </span>
    </p>

    <p class='ocr_par' dir='ltr' id='par_1_14' title="bbox 140 2058 1019 2298">
     <span class='ocr_line' id='line_1_27' title="bbox 195 2058 1019 2111; baseline 0.001 -13"><span class='ocrx_word' id='word_1_176' title='bbox 195 2060 272 2098; x_wconf 82' lang='grc'><strong>147</strong></span> <span class='ocrx_word' id='word_1_177' title='bbox 300 2058 435 2098; x_wconf 83' lang='lat' dir='ltr'><strong>Ludus</strong></span> <span class='ocrx_word' id='word_1_178' title='bbox 451 2059 556 2111; x_wconf 80' lang='lat' dir='ltr'><strong>erat]</strong></span> <span class='ocrx_word' id='word_1_179' title='bbox 600 2059 691 2098; x_wconf 90' lang='lat' dir='ltr'><strong>Hos</strong></span> <span class='ocrx_word' id='word_1_180' title='bbox 710 2058 872 2099; x_wconf 63' lang='lat' dir='ltr'><strong>Poetas</strong></span> <span class='ocrx_word' id='word_1_181' title='bbox 890 2058 1019 2099; x_wconf 83' lang='lat' dir='ltr'><strong>facile</strong></span> 
     </span>
     <span class='ocr_line' id='line_1_28' title="bbox 140 2120 1019 2174; baseline 0.002 -15"><span class='ocrx_word' id='word_1_182' title='bbox 140 2124 188 2160; x_wconf 83' lang='lat' dir='ltr'><strong>et</strong></span> <span class='ocrx_word' id='word_1_183' title='bbox 206 2121 325 2160; x_wconf 84' lang='lat' dir='ltr'><strong>velut</strong></span> <span class='ocrx_word' id='word_1_184' title='bbox 348 2120 530 2160; x_wconf 88' lang='lat' dir='ltr'><strong>ludendo</strong></span> <span class='ocrx_word' id='word_1_185' title='bbox 550 2122 735 2174; x_wconf 78' lang='lat' dir='ltr'><strong>legebaS,</strong></span> <span class='ocrx_word' id='word_1_186' title='bbox 755 2127 800 2161; x_wconf 87' lang='lat' dir='ltr'><strong>et</strong></span> <span class='ocrx_word' id='word_1_187' title='bbox 819 2122 870 2161; x_wconf 87' lang='lat' dir='ltr'><strong>iis</strong></span> <span class='ocrx_word' id='word_1_188' title='bbox 890 2122 1019 2161; x_wconf 88' lang='lat' dir='ltr'><strong>dabas</strong></span> 
     </span>
     <span class='ocr_line' id='line_1_29' title="bbox 140 2181 1018 2236; baseline 0.003 -15"><span class='ocrx_word' id='word_1_189' title='bbox 140 2181 244 2222; x_wconf 77' lang='lat' dir='ltr'><strong>illud</strong></span> <span class='ocrx_word' id='word_1_190' title='bbox 264 2189 448 2234; x_wconf 84' lang='lat' dir='ltr'><strong>tempus,</strong></span> <span class='ocrx_word' id='word_1_191' title='bbox 476 2183 589 2236; x_wconf 88' lang='lat' dir='ltr'><strong>quod</strong></span> <span class='ocrx_word' id='word_1_192' title='bbox 621 2184 715 2224; x_wconf 78' lang='lat' dir='ltr'><strong>aliae</strong></span> <span class='ocrx_word' id='word_1_193' title='bbox 746 2185 898 2236; x_wconf 84' lang='lat' dir='ltr'><strong>puellae</strong></span> <span class='ocrx_word' id='word_1_194' title='bbox 919 2184 1018 2224; x_wconf 89' lang='lat' dir='ltr'><strong>ludo</strong></span> 
     </span>
     <span class='ocr_line' id='line_1_30' title="bbox 141 2244 410 2298; baseline 0.011 -14"><span class='ocrx_word' id='word_1_195' title='bbox 141 2244 410 2298; x_wconf 84' lang='lat' dir='ltr'><strong>impendunt.</strong></span> 
     </span>
    </p>

    <p class='ocr_par' dir='ltr' id='par_1_15' title="bbox 139 2305 1023 2607">
     <span class='ocr_line' id='line_1_31' title="bbox 194 2305 1022 2359; baseline 0.002 -13"><span class='ocrx_word' id='word_1_196' title='bbox 194 2305 384 2359; x_wconf 80' lang='lat' dir='ltr'><strong>Smyrna]</strong></span> <span class='ocrx_word' id='word_1_197' title='bbox 426 2307 539 2347; x_wconf 90' lang='lat' dir='ltr'><strong>Urbs</strong></span> <span class='ocrx_word' id='word_1_198' title='bbox 571 2306 705 2347; x_wconf 85' lang='lat' dir='ltr'><strong>Ioniae</strong></span> <span class='ocrx_word' id='word_1_199' title='bbox 738 2308 783 2347; x_wconf 91' lang='lat' dir='ltr'><strong>in</strong></span> <span class='ocrx_word' id='word_1_200' title='bbox 816 2308 920 2348; x_wconf 87' lang='lat' dir='ltr'><strong>Asia</strong></span> <span class='ocrx_word' id='word_1_201' title='bbox 944 2309 1022 2348; x_wconf 86' lang='lat' dir='ltr'><strong>mi-</strong></span> 
     </span>
     <span class='ocr_line' id='line_1_32' title="bbox 140 2369 1020 2422; baseline 0.001 -14"><span class='ocrx_word' id='word_1_202' title='bbox 140 2379 259 2420; x_wconf 83' lang='lat' dir='ltr'><strong>nore,</strong></span> <span class='ocrx_word' id='word_1_203' title='bbox 289 2382 384 2422; x_wconf 84' lang='lat' dir='ltr'><strong>quae</strong></span> <span class='ocrx_word' id='word_1_204' title='bbox 417 2376 558 2410; x_wconf 86' lang='lat' dir='ltr'><strong>certat</strong></span> <span class='ocrx_word' id='word_1_205' title='bbox 585 2370 638 2408; x_wconf 92' lang='lat' dir='ltr'><strong>de</strong></span> <span class='ocrx_word' id='word_1_206' title='bbox 666 2369 882 2409; x_wconf 85' lang='lat' dir='ltr'><strong>natalibus</strong></span> <span class='ocrx_word' id='word_1_207' title='bbox 902 2375 947 2409; x_wconf 91' lang='lat' dir='ltr'><strong>et</strong></span> <span class='ocrx_word' id='word_1_208' title='bbox 966 2370 1020 2409; x_wconf 89' lang='lat' dir='ltr'><strong>de</strong></span> 
     </span>
     <span class='ocr_line' id='line_1_33' title="bbox 139 2431 1023 2483; baseline 0.001 -13"><span class='ocrx_word' id='word_1_209' title='bbox 139 2431 268 2470; x_wconf 83' lang='lat' dir='ltr'><strong>lande</strong></span> <span class='ocrx_word' id='word_1_210' title='bbox 290 2432 464 2483; x_wconf 81' lang='lat' dir='ltr'><strong>insignis</strong></span> <span class='ocrx_word' id='word_1_211' title='bbox 485 2432 677 2471; x_wconf 86' lang='lat' dir='ltr'><strong>Homeri.</strong></span> <span class='ocrx_word' id='word_1_212' title='bbox 735 2433 895 2471; x_wconf 90' lang='lat' dir='ltr'><strong>Notum</strong></span> <span class='ocrx_word' id='word_1_213' title='bbox 916 2433 1023 2472; x_wconf 83' lang='lat' dir='ltr'><strong>illud</strong></span> 
     </span>
     <span class='ocr_line' id='line_1_34' title="bbox 142 2492 1018 2544; baseline 0 -12"><span class='ocrx_word' id='word_1_214' title='bbox 142 2492 396 2533; x_wconf 75' lang='lat' dir='ltr'><strong>distichum:</strong></span> <span class='ocrx_word' id='word_1_215' title='bbox 424 2494 600 2544; x_wconf 84' lang='lat' dir='ltr'><strong>Septem</strong></span> <span class='ocrx_word' id='word_1_216' title='bbox 630 2494 755 2532; x_wconf 89' lang='lat' dir='ltr'><strong>urbes</strong></span> <span class='ocrx_word' id='word_1_217' title='bbox 776 2499 945 2533; x_wconf 87' lang='lat' dir='ltr'><strong>certant</strong></span> <span class='ocrx_word' id='word_1_218' title='bbox 965 2494 1018 2533; x_wconf 92' lang='lat' dir='ltr'><strong>de</strong></span> 
     </span>
     <span class='ocr_line' id='line_1_35' title="bbox 141 2555 1021 2607; baseline 0.002 -13"><span class='ocrx_word' id='word_1_219' title='bbox 141 2555 268 2595; x_wconf 85' lang='lat' dir='ltr'><strong>lande</strong></span> <span class='ocrx_word' id='word_1_220' title='bbox 289 2556 464 2607; x_wconf 78' lang='lat' dir='ltr'><strong>insignis</strong></span> <span class='ocrx_word' id='word_1_221' title='bbox 485 2556 678 2604; x_wconf 87' lang='lat' dir='ltr'><strong>Homeri,</strong></span> <span class='ocrx_word' id='word_1_222' title='bbox 694 2556 890 2607; x_wconf 83' lang='lat' dir='ltr'><strong>Smyrna,</strong></span> <span class='ocrx_word' id='word_1_223' title='bbox 912 2557 1021 2596; x_wconf 80' lang='lat' dir='ltr'><strong>Rho-</strong></span> 
     </span>
    </p>
   </div>
   <div class='ocr_carea' id='block_1_12' title="bbox 141 2615 1030 2670">
    <p class='ocr_par' dir='ltr' id='par_1_16' title="bbox 141 2615 1030 2670">
     <span class='ocr_line' id='line_1_36' title="bbox 141 2615 1030 2670; baseline 0.001 -13"><span class='ocrx_word' id='word_1_224' title='bbox 141 2615 237 2668; x_wconf 80' lang='lat' dir='ltr'><strong>dos,</strong></span> <span class='ocrx_word' id='word_1_225' title='bbox 252 2619 488 2669; x_wconf 83' lang='lat' dir='ltr'><strong>Colophon,</strong></span> <span class='ocrx_word' id='word_1_226' title='bbox 503 2619 697 2668; x_wconf 84' lang='lat' dir='ltr'><strong>Salamis,</strong></span> <span class='ocrx_word' id='word_1_227' title='bbox 713 2619 854 2667; x_wconf 84' lang='lat' dir='ltr'><strong>Chios,</strong></span> <span class='ocrx_word' id='word_1_228' title='bbox 876 2618 1030 2670; x_wconf 80' lang='lat' dir='ltr'><strong>Argos,</strong></span> 
     </span>
    </p>
   </div>
   <div class='ocr_carea' id='block_1_13' title="bbox 140 2679 1026 3426">
    <p class='ocr_par' dir='ltr' id='par_1_17' title="bbox 141 2679 1025 2911">
     <span class='ocr_line' id='line_1_37' title="bbox 141 2679 1023 2732; baseline 0.001 -12"><span class='ocrx_word' id='word_1_229' title='bbox 141 2679 340 2721; x_wconf 63' lang='lat' dir='ltr'><strong>Athen-«12.</strong></span> <span class='ocrx_word' id='word_1_230' title='bbox 413 2681 621 2721; x_wconf 80' lang='lat' dir='ltr'><strong>Homerus</strong></span> <span class='ocrx_word' id='word_1_231' title='bbox 667 2689 809 2720; x_wconf 82' lang='lat' dir='ltr'><strong>autem</strong></span> <span class='ocrx_word' id='word_1_232' title='bbox 856 2693 1023 2732; x_wconf 82' lang='lat' dir='ltr'><strong>semper</strong></span> 
     </span>
     <span class='ocr_line' id='line_1_38' title="bbox 141 2742 1025 2796; baseline 0.001 -13"><span class='ocrx_word' id='word_1_233' title='bbox 141 2742 225 2784; x_wconf 79' lang='lat' dir='ltr'><strong>ruit</strong></span> <span class='ocrx_word' id='word_1_234' title='bbox 243 2744 283 2782; x_wconf 93' lang='lat' dir='ltr'><strong>in</strong></span> <span class='ocrx_word' id='word_1_235' title='bbox 306 2745 467 2793; x_wconf 75' lang='lat' dir='ltr'><strong>pretio;</strong></span> <span class='ocrx_word' id='word_1_236' title='bbox 497 2744 669 2784; x_wconf 86' lang='lat' dir='ltr'><strong>Platoni</strong></span> <span class='ocrx_word' id='word_1_237' title='bbox 693 2744 851 2783; x_wconf 79' lang='lat' dir='ltr'><strong>dicitur</strong></span> <span class='ocrx_word' id='word_1_238' title='bbox 869 2742 1025 2796; x_wconf 62' lang='lat' dir='ltr'><strong>&amp;pamas</strong></span> 
     </span>
     <span class='ocr_line' id='line_1_39' title="bbox 142 2805 1023 2861; baseline 0.002 -16"><span class='ocrx_word' id='word_1_239' title='bbox 142 2805 208 2845; x_wconf 74' lang='grc' dir='ltr'><strong>καὶ</strong></span> <span class='ocrx_word' id='word_1_240' title='bbox 236 2805 431 2846; x_wconf 70' lang='grc' dir='ltr'>θειότατος</span> <span class='ocrx_word' id='word_1_241' title='bbox 449 2809 527 2846; x_wconf 72' lang='grc' dir='ltr'><strong>τῶν</strong></span> <span class='ocrx_word' id='word_1_242' title='bbox 563 2808 746 2858; x_wconf 81' lang='grc' dir='ltr'>ποιητῶν,</span> <span class='ocrx_word' id='word_1_243' title='bbox 777 2807 943 2861; x_wconf 74' lang='lat' dir='ltr'><strong>optimus</strong></span> <span class='ocrx_word' id='word_1_244' title='bbox 984 2811 1023 2847; x_wconf 75' lang='lat' dir='ltr'><strong>et.</strong></span> 
     </span>
     <span class='ocr_line' id='line_1_40' title="bbox 142 2867 655 2911; baseline 0.004 -2"><span class='ocrx_word' id='word_1_245' title='bbox 142 2867 408 2909; x_wconf 72' lang='lat' dir='ltr'><strong>divinissimus</strong></span> <span class='ocrx_word' id='word_1_246' title='bbox 430 2870 655 2911; x_wconf 71' lang='lat' dir='ltr'><strong>Poetarum.</strong></span> 
     </span>
    </p>

    <p class='ocr_par' dir='ltr' id='par_1_18' title="bbox 140 2933 1026 3426">
     <span class='ocr_line' id='line_1_41' title="bbox 197 2933 1026 2987; baseline 0.001 -15"><span class='ocrx_word' id='word_1_247' title='bbox 197 2933 387 2983; x_wconf 80' lang='lat' dir='ltr'><strong>Mantua]</strong></span> <span class='ocrx_word' id='word_1_248' title='bbox 430 2933 590 2981; x_wconf 83' lang='lat' dir='ltr'><strong>Andes,</strong></span> <span class='ocrx_word' id='word_1_249' title='bbox 625 2935 748 2987; x_wconf 88' lang='lat' dir='ltr'><strong>vulgo</strong></span> <span class='ocrx_word' id='word_1_250' title='bbox 768 2934 924 2983; x_wconf 83' lang='lat' dir='ltr'><strong>Petola‚</strong></span> <span class='ocrx_word' id='word_1_251' title='bbox 955 2939 1026 2973; x_wconf 58' lang='lat' dir='ltr'><strong>est&gt;</strong></span> 
     </span>
     <span class='ocr_line' id='line_1_42' title="bbox 141 2998 1020 3051; baseline -0.001 -13"><span class='ocrx_word' id='word_1_252' title='bbox 141 3008 276 3051; x_wconf 72' lang='lat' dir='ltr'><strong>pagus</strong></span> <span class='ocrx_word' id='word_1_253' title='bbox 299 3010 430 3048; x_wconf 87' lang='lat' dir='ltr'><strong>prope</strong></span> <span class='ocrx_word' id='word_1_254' title='bbox 453 2999 599 3037; x_wconf 85' lang='lat' dir='ltr'><strong>urbem</strong></span> <span class='ocrx_word' id='word_1_255' title='bbox 628 2999 850 3038; x_wconf 83' lang='lat' dir='ltr'><strong>Mantuam</strong></span> <span class='ocrx_word' id='word_1_256' title='bbox 874 2999 916 3037; x_wconf 88' lang='lat' dir='ltr'><strong>in</strong></span> <span class='ocrx_word' id='word_1_257' title='bbox 935 2998 1020 3037; x_wconf 85' lang='lat' dir='ltr'><strong>lta-</strong></span> 
     </span>
     <span class='ocr_line' id='line_1_43' title="bbox 141 3058 1020 3112; baseline -0.002 -12"><span class='ocrx_word' id='word_1_258' title='bbox 141 3058 216 3111; x_wconf 81' lang='lat' dir='ltr'><strong>lia,</strong></span> <span class='ocrx_word' id='word_1_259' title='bbox 234 3061 303 3101; x_wconf 75' lang='lat' dir='ltr'><strong>ubl</strong></span> <span class='ocrx_word' id='word_1_260' title='bbox 325 3070 447 3100; x_wconf 80' lang='lat' dir='ltr'><strong>uatus</strong></span> <span class='ocrx_word' id='word_1_261' title='bbox 467 3062 672 3112; x_wconf 67' lang='lat' dir='ltr'><strong>Virgilius</strong></span> <span class='ocrx_word' id='word_1_262' title='bbox 695 3063 745 3099; x_wconf 79' lang='lat' dir='ltr'><strong>ad</strong></span> <span class='ocrx_word' id='word_1_263' title='bbox 776 3062 888 3111; x_wconf 78' lang='lat' dir='ltr'><strong>ripas</strong></span> <span class='ocrx_word' id='word_1_264' title='bbox 912 3061 1020 3099; x_wconf 83' lang='lat' dir='ltr'><strong>Min-</strong></span> 
     </span>
     <span class='ocr_line' id='line_1_44' title="bbox 146 3122 1022 3173; baseline -0.002 -9"><span class='ocrx_word' id='word_1_265' title='bbox 146 3122 202 3165; x_wconf 86' lang='lat' dir='ltr'><strong>eii</strong></span> <span class='ocrx_word' id='word_1_266' title='bbox 220 3123 419 3173; x_wconf 65' lang='lat' dir='ltr'><strong>numnis,</strong></span> <span class='ocrx_word' id='word_1_267' title='bbox 439 3125 551 3165; x_wconf 84' lang='lat' dir='ltr'><strong>unde</strong></span> <span class='ocrx_word' id='word_1_268' title='bbox 573 3133 615 3163; x_wconf 70' lang='lat' dir='ltr'><strong>et</strong></span> <span class='ocrx_word' id='word_1_269' title='bbox 635 3125 830 3172; x_wconf 81' lang='lat' dir='ltr'><strong>Andinus,</strong></span> <span class='ocrx_word' id='word_1_270' title='bbox 851 3132 894 3162; x_wconf 85' lang='lat' dir='ltr'><strong>et</strong></span> <span class='ocrx_word' id='word_1_271' title='bbox 915 3124 1022 3163; x_wconf 81' lang='lat' dir='ltr'><strong>Min-</strong></span> 
     </span>
     <span class='ocr_line' id='line_1_45' title="bbox 144 3187 1020 3238; baseline 0 -11"><span class='ocrx_word' id='word_1_272' title='bbox 144 3187 467 3238; x_wconf 62' lang='lat' dir='ltr'><strong>sindesdlmtur,</strong></span> <span class='ocrx_word' id='word_1_273' title='bbox 487 3196 531 3227; x_wconf 89' lang='lat' dir='ltr'><strong>et</strong></span> <span class='ocrx_word' id='word_1_274' title='bbox 553 3201 578 3227; x_wconf 87' lang='lat' dir='ltr'><strong>a</strong></span> <span class='ocrx_word' id='word_1_275' title='bbox 599 3189 715 3229; x_wconf 70' lang='lat' dir='ltr'><strong>,lulio</strong></span> <span class='ocrx_word' id='word_1_276' title='bbox 733 3188 902 3228; x_wconf 86' lang='lat' dir='ltr'><strong>Caesare</strong></span> <span class='ocrx_word' id='word_1_277' title='bbox 922 3188 1020 3227; x_wconf 86' lang='lat' dir='ltr'><strong>Sca-</strong></span> 
     </span>
     <span class='ocr_line' id='line_1_46' title="bbox 140 3243 1022 3301; baseline 0.001 -13"><span class='ocrx_word' id='word_1_278' title='bbox 140 3243 334 3301; x_wconf 51' lang='lat' dir='ltr'><strong>ligerost</strong></span> <span class='ocrx_word' id='word_1_279' title='bbox 366 3252 478 3293; x_wconf 80' lang='lat' dir='ltr'><strong>solus</strong></span> <span class='ocrx_word' id='word_1_280' title='bbox 498 3251 645 3290; x_wconf 71' lang='lat' dir='ltr'><strong>Poetae</strong></span> <span class='ocrx_word' id='word_1_281' title='bbox 668 3251 833 3290; x_wconf 89' lang='lat' dir='ltr'><strong>nomine</strong></span> <span class='ocrx_word' id='word_1_282' title='bbox 854 3249 1022 3301; x_wconf 84' lang='lat' dir='ltr'><strong>dignus,</strong></span> 
     </span>
     <span class='ocr_line' id='line_1_47' title="bbox 144 3308 1021 3365; baseline 0.003 -15"><span class='ocrx_word' id='word_1_283' title='bbox 144 3308 379 3351; x_wconf 67' lang='lat' dir='ltr'><strong>Poetarum</strong></span> <span class='ocrx_word' id='word_1_284' title='bbox 403 3313 509 3363; x_wconf 77' lang='lat' dir='ltr'><strong>rex,²</strong></span> <span class='ocrx_word' id='word_1_285' title='bbox 526 3314 651 3352; x_wconf 84' lang='lat' dir='ltr'><strong>immo</strong></span> <span class='ocrx_word' id='word_1_286' title='bbox 671 3320 716 3354; x_wconf 83' lang='lat' dir='ltr'><strong>et</strong></span> <span class='ocrx_word' id='word_1_287' title='bbox 733 3316 744 3335; x_wconf 90' lang='lat'>‘</span> <span class='ocrx_word' id='word_1_288' title='bbox 758 3312 890 3357; x_wconf 88' lang='lat' dir='ltr'><strong>Deus&#39;</strong></span> <span class='ocrx_word' id='word_1_289' title='bbox 906 3325 1021 3365; x_wconf 85' lang='lat' dir='ltr'><strong>mag-</strong></span> 
     </span>
     <span class='ocr_line' id='line_1_48' title="bbox 147 3372 679 3426; baseline 0.002 -11"><span class='ocrx_word' id='word_1_290' title='bbox 147 3372 391 3415; x_wconf 81' lang='lat' dir='ltr'><strong>nificentms</strong></span> <span class='ocrx_word' id='word_1_291' title='bbox 411 3377 679 3426; x_wconf 72' lang='lat' dir='ltr'><strong>appellatur.⁴</strong></span> 
     </span>
    </p>
   </div>
   <div class='ocr_carea' id='block_1_14' title="bbox 254 3430 705 3493">
    <p class='ocr_par' dir='ltr' id='par_1_19' title="bbox 254 3430 705 3493">
     <span class='ocr_line' id='line_1_49' title="bbox 254 3430 705 3493; baseline 0.002 -11"><span class='ocrx_word' id='word_1_292' title='bbox 254 3441 406 3493; x_wconf 78' lang='lat' dir='ltr'><strong>Delph.</strong></span> <span class='ocrx_word' id='word_1_293' title='bbox 423 3444 462 3480; x_wconf 85' lang='lat' dir='ltr'><strong>et</strong></span> <span class='ocrx_word' id='word_1_294' title='bbox 485 3430 705 3484; x_wconf 62' lang='lat' dir='ltr'><strong>Venetas.</strong></span> 
     </span>
    </p>
   </div>
   <div class='ocr_carea' id='block_1_15' title="bbox 995 3439 1133 3483">
    <p class='ocr_par' dir='ltr' id='par_1_20' title="bbox 995 3439 1133 3483">
     <span class='ocr_line' id='line_1_50' title="bbox 995 3439 1133 3483; baseline 0.014 -2"><span class='ocrx_word' id='word_1_295' title='bbox 995 3439 1133 3483; x_wconf 83' lang='lat' dir='ltr'><strong>Claud.</strong></span> 
     </span>
    </p>
   </div>
   <div class='ocr_carea' id='block_1_16' title="bbox 1083 1747 1975 3429">
    <p class='ocr_par' dir='ltr' id='par_1_21' title="bbox 1083 1747 1968 2610">
     <span class='ocr_line' id='line_1_51' title="bbox 1136 1747 1961 1799; baseline 0 -11"><span class='ocrx_word' id='word_1_296' title='bbox 1136 1747 1296 1799; x_wconf 78' lang='lat' dir='ltr'><strong>Libros]</strong></span> <span class='ocrx_word' id='word_1_297' title='bbox 1338 1747 1591 1788; x_wconf 79' lang='lat' dir='ltr'><strong>Homericos</strong></span> <span class='ocrx_word' id='word_1_298' title='bbox 1610 1750 1657 1788; x_wconf 85' lang='lat' dir='ltr'><strong>et</strong></span> <span class='ocrx_word' id='word_1_299' title='bbox 1673 1747 1931 1799; x_wconf 81' lang='lat' dir='ltr'><strong>Virgilianos</strong></span> <span class='ocrx_word' id='word_1_300' title='bbox 1949 1759 1961 1788; x_wconf 90' lang='lat'><strong>:</strong></span> 
     </span>
     <span class='ocr_line' id='line_1_52' title="bbox 1083 1810 1962 1865; baseline -0.002 -13"><span class='ocrx_word' id='word_1_301' title='bbox 1083 1813 1230 1865; x_wconf 86' lang='lat' dir='ltr'><strong>sicque</strong></span> <span class='ocrx_word' id='word_1_302' title='bbox 1291 1813 1451 1851; x_wconf 87' lang='lat' dir='ltr'><strong>Serena</strong></span> <span class='ocrx_word' id='word_1_303' title='bbox 1497 1812 1654 1861; x_wconf 86' lang='lat' dir='ltr'><strong>linguae</strong></span> <span class='ocrx_word' id='word_1_304' title='bbox 1700 1810 1863 1850; x_wconf 80' lang='lat' dir='ltr'><strong>Latinoe</strong></span> <span class='ocrx_word' id='word_1_305' title='bbox 1914 1814 1962 1850; x_wconf 83' lang='lat' dir='ltr'><strong>et</strong></span> 
     </span>
     <span class='ocr_line' id='line_1_53' title="bbox 1085 1872 1961 1925; baseline -0.003 -11"><span class='ocrx_word' id='word_1_306' title='bbox 1085 1874 1253 1914; x_wconf 84' lang='lat' dir='ltr'><strong>Graecae</strong></span> <span class='ocrx_word' id='word_1_307' title='bbox 1274 1874 1414 1925; x_wconf 82' lang='lat' dir='ltr'><strong>perita</strong></span> <span class='ocrx_word' id='word_1_308' title='bbox 1450 1879 1544 1912; x_wconf 84' lang='lat' dir='ltr'><strong>erat</strong></span> <span class='ocrx_word' id='word_1_309' title='bbox 1564 1878 1610 1912; x_wconf 87' lang='lat' dir='ltr'><strong>et</strong></span> <span class='ocrx_word' id='word_1_310' title='bbox 1629 1873 1780 1912; x_wconf 86' lang='lat' dir='ltr'><strong>docta:</strong></span> <span class='ocrx_word' id='word_1_311' title='bbox 1822 1872 1961 1924; x_wconf 80' lang='lat' dir='ltr'><strong>qualis</strong></span> 
     </span>
     <span class='ocr_line' id='line_1_54' title="bbox 1084 1934 1960 1987; baseline -0.002 -12"><span class='ocrx_word' id='word_1_312' title='bbox 1084 1935 1167 1976; x_wconf 86' lang='lat' dir='ltr'><strong>fuit</strong></span> <span class='ocrx_word' id='word_1_313' title='bbox 1192 1936 1366 1987; x_wconf 87' lang='lat' dir='ltr'><strong>Sappho</strong></span> <span class='ocrx_word' id='word_1_314' title='bbox 1398 1934 1513 1987; x_wconf 89' lang='lat' dir='ltr'><strong>apud</strong></span> <span class='ocrx_word' id='word_1_315' title='bbox 1541 1935 1732 1985; x_wconf 86' lang='lat' dir='ltr'><strong>Graecos,</strong></span> <span class='ocrx_word' id='word_1_316' title='bbox 1760 1934 1960 1974; x_wconf 78' lang='lat' dir='ltr'><strong>Cornelia</strong></span> 
     </span>
     <span class='ocr_line' id='line_1_55' title="bbox 1086 1997 1962 2050; baseline 0 -12"><span class='ocrx_word' id='word_1_317' title='bbox 1086 1998 1200 2050; x_wconf 86' lang='lat' dir='ltr'><strong>apud</strong></span> <span class='ocrx_word' id='word_1_318' title='bbox 1228 2000 1453 2048; x_wconf 88' lang='lat' dir='ltr'><strong>Romanos,</strong></span> <span class='ocrx_word' id='word_1_319' title='bbox 1472 2003 1518 2037; x_wconf 89' lang='lat' dir='ltr'><strong>et</strong></span> <span class='ocrx_word' id='word_1_320' title='bbox 1550 1998 1664 2049; x_wconf 86' lang='lat' dir='ltr'><strong>apud</strong></span> <span class='ocrx_word' id='word_1_321' title='bbox 1696 2009 1771 2036; x_wconf 88' lang='lat' dir='ltr'><strong>nos</strong></span> <span class='ocrx_word' id='word_1_322' title='bbox 1794 1997 1962 2049; x_wconf 61' lang='lat' dir='ltr'><strong>Marga÷</strong></span> 
     </span>
     <span class='ocr_line' id='line_1_56' title="bbox 1086 2059 1962 2111; baseline -0.002 -11"><span class='ocrx_word' id='word_1_323' title='bbox 1086 2062 1171 2101; x_wconf 88' lang='lat' dir='ltr'><strong>rita</strong></span> <span class='ocrx_word' id='word_1_324' title='bbox 1220 2061 1395 2100; x_wconf 88' lang='lat' dir='ltr'><strong>Valesia</strong></span> <span class='ocrx_word' id='word_1_325' title='bbox 1447 2060 1734 2099; x_wconf 85' lang='lat' dir='ltr'><strong>Navarrorum</strong></span> <span class='ocrx_word' id='word_1_326' title='bbox 1782 2059 1962 2111; x_wconf 82' lang='lat' dir='ltr'><strong>Regina,</strong></span> 
     </span>
     <span class='ocr_line' id='line_1_57' title="bbox 1088 2120 1960 2172; baseline -0.003 -10"><span class='ocrx_word' id='word_1_327' title='bbox 1088 2122 1370 2162; x_wconf 86' lang='lat' dir='ltr'><strong>aviaHenrici</strong></span> <span class='ocrx_word' id='word_1_328' title='bbox 1393 2121 1556 2172; x_wconf 85' lang='lat' dir='ltr'><strong>Magni,</strong></span> <span class='ocrx_word' id='word_1_329' title='bbox 1577 2121 1738 2172; x_wconf 87' lang='lat' dir='ltr'><strong>quippe</strong></span> <span class='ocrx_word' id='word_1_330' title='bbox 1752 2122 1764 2143; x_wconf 90' lang='lat'>‘</span> <span class='ocrx_word' id='word_1_331' title='bbox 1788 2120 1960 2160; x_wconf 87' lang='lat' dir='ltr'><strong>aeternis</strong></span> 
     </span>
     <span class='ocr_line' id='line_1_58' title="bbox 1086 2183 1968 2236; baseline -0.001 -11"><span class='ocrx_word' id='word_1_332' title='bbox 1086 2186 1307 2225; x_wconf 87' lang='lat' dir='ltr'><strong>literarum</strong></span> <span class='ocrx_word' id='word_1_333' title='bbox 1338 2184 1637 2234; x_wconf 86' lang='lat' dir='ltr'><strong>monumentis,</strong></span> <span class='ocrx_word' id='word_1_334' title='bbox 1671 2196 1764 2236; x_wconf 87' lang='lat' dir='ltr'><strong>quae</strong></span> <span class='ocrx_word' id='word_1_335' title='bbox 1785 2183 1968 2234; x_wconf 84' lang='lat' dir='ltr'><strong>plurima</strong></span> 
     </span>
     <span class='ocr_line' id='line_1_59' title="bbox 1089 2246 1964 2300; baseline -0.003 -12"><span class='ocrx_word' id='word_1_336' title='bbox 1089 2255 1134 2288; x_wconf 88' lang='lat' dir='ltr'><strong>et</strong></span> <span class='ocrx_word' id='word_1_337' title='bbox 1147 2248 1472 2300; x_wconf 70' lang='lat' dir='ltr'><strong>praeclarissima</strong></span> <span class='ocrx_word' id='word_1_338' title='bbox 1491 2246 1759 2297; x_wconf 86' lang='lat' dir='ltr'><strong>conscripsit,</strong></span> <span class='ocrx_word' id='word_1_339' title='bbox 1785 2246 1964 2286; x_wconf 86' lang='lat' dir='ltr'><strong>nominis</strong></span> 
     </span>
     <span class='ocr_line' id='line_1_60' title="bbox 1089 2309 1964 2360; baseline -0.002 -10"><span class='ocrx_word' id='word_1_340' title='bbox 1089 2311 1153 2350; x_wconf 89' lang='lat' dir='ltr'><strong>sui</strong></span> <span class='ocrx_word' id='word_1_341' title='bbox 1185 2310 1429 2349; x_wconf 87' lang='lat' dir='ltr'><strong>memoriam</strong></span> <span class='ocrx_word' id='word_1_342' title='bbox 1469 2309 1713 2360; x_wconf 83' lang='lat' dir='ltr'><strong>posteritati</strong></span> <span class='ocrx_word' id='word_1_343' title='bbox 1745 2319 1964 2349; x_wconf 79' lang='lat' dir='ltr'><strong>consecra·</strong></span> 
     </span>
     <span class='ocr_line' id='line_1_61' title="bbox 1089 2371 1966 2424; baseline -0.003 -11"><span class='ocrx_word' id='word_1_344' title='bbox 1089 2379 1175 2414; x_wconf 86' lang='lat' dir='ltr'><strong>tam</strong></span> <span class='ocrx_word' id='word_1_345' title='bbox 1213 2374 1414 2424; x_wconf 85' lang='lat' dir='ltr'><strong>reliquit.’</strong></span> <span class='ocrx_word' id='word_1_346' title='bbox 1455 2372 1656 2412; x_wconf 32' lang='lat' dir='ltr'><strong>&#39;&#39;Scaevola</strong></span> <span class='ocrx_word' id='word_1_347' title='bbox 1684 2371 1966 2411; x_wconf 82' lang='lat' dir='ltr'><strong>Sammartha-</strong></span> 
     </span>
     <span class='ocr_line' id='line_1_62' title="bbox 1087 2430 1966 2482; baseline -0.002 -8"><span class='ocrx_word' id='word_1_348' title='bbox 1087 2448 1180 2474; x_wconf 81' lang='lat' dir='ltr'><strong>uns.</strong></span> <span class='ocrx_word' id='word_1_349' title='bbox 1231 2434 1349 2473; x_wconf 86' lang='lat' dir='ltr'><strong>Idem</strong></span> <span class='ocrx_word' id='word_1_350' title='bbox 1370 2433 1634 2472; x_wconf 81' lang='lat' dir='ltr'><strong>sentiendum</strong></span> <span class='ocrx_word' id='word_1_351' title='bbox 1656 2430 1710 2471; x_wconf 88' lang='lat' dir='ltr'><strong>de</strong></span> <span class='ocrx_word' id='word_1_352' title='bbox 1727 2431 1966 2482; x_wconf 83' lang='lat' dir='ltr'><strong>Margarita</strong></span> 
     </span>
     <span class='ocr_line' id='line_1_63' title="bbox 1087 2493 1966 2547; baseline 0 -11"><span class='ocrx_word' id='word_1_353' title='bbox 1087 2497 1270 2538; x_wconf 79' lang='lat' dir='ltr'><strong>Henrici·</strong></span> <span class='ocrx_word' id='word_1_354' title='bbox 1283 2496 1431 2547; x_wconf 87' lang='lat' dir='ltr'><strong>Magni</strong></span> <span class='ocrx_word' id='word_1_355' title='bbox 1459 2506 1606 2544; x_wconf 79' lang='lat' dir='ltr'><strong>uxore,</strong></span> <span class='ocrx_word' id='word_1_356' title='bbox 1623 2506 1715 2546; x_wconf 63' lang='lat' dir='ltr'><strong>quae</strong></span> <span class='ocrx_word' id='word_1_357' title='bbox 1742 2493 1966 2540; x_wconf 82' lang='lat' dir='ltr'><strong>Commen-</strong></span> 
     </span>
     <span class='ocr_line' id='line_1_64' title="bbox 1089 2558 1663 2610; baseline -0.003 -11"><span class='ocrx_word' id='word_1_358' title='bbox 1089 2561 1218 2600; x_wconf 86' lang='lat' dir='ltr'><strong>tarios</strong></span> <span class='ocrx_word' id='word_1_359' title='bbox 1238 2561 1461 2610; x_wconf 80' lang='lat' dir='ltr'><strong>eleganter</strong></span> <span class='ocrx_word' id='word_1_360' title='bbox 1478 2558 1663 2609; x_wconf 85' lang='lat' dir='ltr'><strong>scripsit.</strong></span> 
     </span>
    </p>

    <p class='ocr_par' dir='ltr' id='par_1_22' title="bbox 1088 2620 1975 3230">
     <span class='ocr_line' id='line_1_65' title="bbox 1143 2620 1975 2672; baseline -0.004 -9"><span class='ocrx_word' id='word_1_361' title='bbox 1143 2625 1222 2663; x_wconf 86' lang='grc'><strong>148</strong></span> <span class='ocrx_word' id='word_1_362' title='bbox 1264 2621 1471 2672; x_wconf 78' lang='lat' dir='ltr'><strong>Helenen]</strong></span> <span class='ocrx_word' id='word_1_363' title='bbox 1532 2622 1716 2660; x_wconf 86' lang='lat' dir='ltr'><strong>Damnas</strong></span> <span class='ocrx_word' id='word_1_364' title='bbox 1768 2620 1975 2672; x_wconf 75' lang='lat' dir='ltr'><strong>Helenen</strong></span> 
     </span>
     <span class='ocr_line' id='line_1_66' title="bbox 1088 2683 1963 2739; baseline -0.002 -14"><span class='ocrx_word' id='word_1_365' title='bbox 1088 2698 1183 2739; x_wconf 83' lang='lat' dir='ltr'><strong>quae</strong></span> <span class='ocrx_word' id='word_1_366' title='bbox 1203 2691 1347 2725; x_wconf 83' lang='lat' dir='ltr'><strong>secuta</strong></span> <span class='ocrx_word' id='word_1_367' title='bbox 1367 2690 1434 2724; x_wconf 88' lang='lat' dir='ltr'><strong>est</strong></span> <span class='ocrx_word' id='word_1_368' title='bbox 1455 2683 1717 2723; x_wconf 80' lang='lat' dir='ltr'><strong>adulterum:</strong></span> <span class='ocrx_word' id='word_1_369' title='bbox 1761 2687 1806 2722; x_wconf 84' lang='lat' dir='ltr'><strong>et</strong></span> <span class='ocrx_word' id='word_1_370' title='bbox 1831 2683 1963 2723; x_wconf 85' lang='lat' dir='ltr'><strong>Dido-</strong></span> 
     </span>
     <span class='ocr_line' id='line_1_67' title="bbox 1090 2744 1970 2798; baseline -0.002 -10"><span class='ocrx_word' id='word_1_371' title='bbox 1090 2760 1185 2787; x_wconf 88' lang='lat' dir='ltr'><strong>nem</strong></span> <span class='ocrx_word' id='word_1_372' title='bbox 1218 2760 1294 2787; x_wconf 90' lang='lat' dir='ltr'><strong>seu</strong></span> <span class='ocrx_word' id='word_1_373' title='bbox 1327 2747 1500 2796; x_wconf 86' lang='lat' dir='ltr'><strong>Elisam,</strong></span> <span class='ocrx_word' id='word_1_374' title='bbox 1520 2758 1614 2798; x_wconf 84' lang='lat' dir='ltr'><strong>quae</strong></span> <span class='ocrx_word' id='word_1_375' title='bbox 1635 2758 1688 2786; x_wconf 86' lang='lat' dir='ltr'><strong>ex</strong></span> <span class='ocrx_word' id='word_1_376' title='bbox 1707 2744 1897 2796; x_wconf 81' lang='lat' dir='ltr'><strong>Virgilio.</strong></span> <span class='ocrx_word' id='word_1_377' title='bbox 1920 2749 1970 2787; x_wconf 81' lang='lat' dir='ltr'><strong>et</strong></span> 
     </span>
     <span class='ocr_line' id='line_1_68' title="bbox 1089 2807 1962 2860; baseline -0.002 -10"><span class='ocrx_word' id='word_1_378' title='bbox 1089 2809 1239 2850; x_wconf 69' lang='lat' dir='ltr'><strong>Poetis</strong></span> <span class='ocrx_word' id='word_1_379' title='bbox 1260 2811 1401 2849; x_wconf 83' lang='lat' dir='ltr'><strong>multis</strong></span> <span class='ocrx_word' id='word_1_380' title='bbox 1421 2809 1605 2860; x_wconf 90' lang='lat' dir='ltr'><strong>deperiit</strong></span> <span class='ocrx_word' id='word_1_381' title='bbox 1624 2807 1795 2847; x_wconf 86' lang='lat' dir='ltr'><strong>AE&#39;neam</strong></span> <span class='ocrx_word' id='word_1_382' title='bbox 1814 2821 1824 2847; x_wconf 91' lang='lat'>:</span> <span class='ocrx_word' id='word_1_383' title='bbox 1855 2811 1901 2847; x_wconf 85' lang='lat' dir='ltr'><strong>at</strong></span> <span class='ocrx_word' id='word_1_384' title='bbox 1919 2807 1962 2848; x_wconf 60' lang='lat' dir='ltr'><strong>Sa</strong></span> 
     </span>
     <span class='ocr_line' id='line_1_69' title="bbox 1090 2869 1964 2923; baseline -0.006 -11"><span class='ocrx_word' id='word_1_385' title='bbox 1090 2871 1368 2923; x_wconf 84' lang='lat' dir='ltr'><strong>Augustinus,</strong></span> <span class='ocrx_word' id='word_1_386' title='bbox 1396 2870 1626 2920; x_wconf 86' lang='lat' dir='ltr'><strong>Ausonius,</strong></span> <span class='ocrx_word' id='word_1_387' title='bbox 1655 2874 1701 2908; x_wconf 88' lang='lat' dir='ltr'><strong>et</strong></span> <span class='ocrx_word' id='word_1_388' title='bbox 1730 2869 1816 2919; x_wconf 89' lang='lat' dir='ltr'><strong>alii,</strong></span> <span class='ocrx_word' id='word_1_389' title='bbox 1850 2879 1964 2908; x_wconf 86' lang='lat' dir='ltr'><strong>asse-</strong></span> 
     </span>
     <span class='ocr_line' id='line_1_70' title="bbox 1091 2931 1963 2975; baseline -0.005 -1"><span class='ocrx_word' id='word_1_390' title='bbox 1091 2941 1189 2975; x_wconf 90' lang='lat' dir='ltr'><strong>runt</strong></span> <span class='ocrx_word' id='word_1_391' title='bbox 1225 2935 1441 2974; x_wconf 87' lang='lat' dir='ltr'><strong>Didonem</strong></span> <span class='ocrx_word' id='word_1_392' title='bbox 1485 2932 1618 2972; x_wconf 84' lang='lat' dir='ltr'><strong>fuisse</strong></span> <span class='ocrx_word' id='word_1_393' title='bbox 1657 2931 1963 2971; x_wconf 86' lang='lat' dir='ltr'><strong>castissimam:</strong></span> 
     </span>
     <span class='ocr_line' id='line_1_71' title="bbox 1090 2995 1963 3050; baseline -0.006 -12"><span class='ocrx_word' id='word_1_394' title='bbox 1090 3000 1102 3021; x_wconf 90' lang='lat'>‘</span> <span class='ocrx_word' id='word_1_395' title='bbox 1116 2999 1255 3050; x_wconf 86' lang='lat' dir='ltr'><strong>aliqua</strong></span> <span class='ocrx_word' id='word_1_396' title='bbox 1275 2997 1543 3048; x_wconf 81' lang='lat' dir='ltr'><strong>Carthaginis</strong></span> <span class='ocrx_word' id='word_1_397' title='bbox 1563 2995 1774 3035; x_wconf 85' lang='lat' dir='ltr'><strong>conditrix</strong></span> <span class='ocrx_word' id='word_1_398' title='bbox 1791 3005 1892 3046; x_wconf 86' lang='lat' dir='ltr'><strong>rogo</strong></span> <span class='ocrx_word' id='word_1_399' title='bbox 1917 3005 1963 3034; x_wconf 83' lang='lat' dir='ltr'><strong>se</strong></span> 
     </span>
     <span class='ocr_line' id='line_1_72' title="bbox 1090 3058 1964 3113; baseline -0.006 -12"><span class='ocrx_word' id='word_1_400' title='bbox 1090 3062 1191 3101; x_wconf 88' lang='lat' dir='ltr'><strong>dare</strong></span> <span class='ocrx_word' id='word_1_401' title='bbox 1212 3061 1377 3110; x_wconf 87' lang='lat' dir='ltr'><strong>maluit,</strong></span> <span class='ocrx_word' id='word_1_402' title='bbox 1395 3073 1519 3113; x_wconf 87' lang='lat' dir='ltr'><strong>quam</strong></span> <span class='ocrx_word' id='word_1_403' title='bbox 1542 3059 1595 3098; x_wconf 89' lang='lat' dir='ltr'><strong>ad</strong></span> <span class='ocrx_word' id='word_1_404' title='bbox 1620 3058 1828 3098; x_wconf 87' lang='lat' dir='ltr'><strong>secundas</strong></span> <span class='ocrx_word' id='word_1_405' title='bbox 1858 3069 1964 3109; x_wconf 90' lang='lat' dir='ltr'><strong>nup-</strong></span> 
     </span>
     <span class='ocr_line' id='line_1_73' title="bbox 1090 3120 1964 3174; baseline -0.003 -11"><span class='ocrx_word' id='word_1_406' title='bbox 1090 3125 1171 3163; x_wconf 85' lang='lat' dir='ltr'><strong>tias</strong></span> <span class='ocrx_word' id='word_1_407' title='bbox 1191 3125 1415 3163; x_wconf 85' lang='lat' dir='ltr'><strong>convolare</strong></span> <span class='ocrx_word' id='word_1_408' title='bbox 1432 3137 1442 3162; x_wconf 70' lang='grc' dir='ltr'>ε</span> <span class='ocrx_word' id='word_1_409' title='bbox 1471 3135 1496 3162; x_wconf 92' lang='lat' dir='ltr'><strong>o</strong></span> <span class='ocrx_word' id='word_1_410' title='bbox 1516 3122 1773 3174; x_wconf 82' lang='lat' dir='ltr'><strong>praeconium</strong></span> <span class='ocrx_word' id='word_1_411' title='bbox 1792 3120 1964 3166; x_wconf 56' lang='lat' dir='ltr'><strong>castit&amp;</strong></span> 
     </span>
     <span class='ocr_line' id='line_1_74' title="bbox 1090 3187 1508 3230; baseline -0.002 -3"><span class='ocrx_word' id='word_1_412' title='bbox 1090 3188 1144 3227; x_wconf 83' lang='lat' dir='ltr'><strong>tis</strong></span> <span class='ocrx_word' id='word_1_413' title='bbox 1160 3189 1182 3227; x_wconf 89' lang='lat'><strong>!&#39;</strong></span> <span class='ocrx_word' id='word_1_414' title='bbox 1209 3187 1508 3230; x_wconf 61' lang='lat' dir='ltr'><strong>&#39;tertullianus-</strong></span> 
     </span>
    </p>

    <p class='ocr_par' dir='ltr' id='par_1_23' title="bbox 1087 3244 1963 3429">
     <span class='ocr_line' id='line_1_75' title="bbox 1145 3244 1963 3298; baseline -0.006 -10"><span class='ocrx_word' id='word_1_415' title='bbox 1145 3253 1223 3288; x_wconf 84' lang='lat'><strong>150</strong></span> <span class='ocrx_word' id='word_1_416' title='bbox 1241 3248 1474 3298; x_wconf 86' lang='lat' dir='ltr'><strong>Laodamia]</strong></span> <span class='ocrx_word' id='word_1_417' title='bbox 1498 3248 1661 3288; x_wconf 85' lang='lat' dir='ltr'><strong>Serena</strong></span> <span class='ocrx_word' id='word_1_418' title='bbox 1674 3258 1753 3286; x_wconf 88' lang='lat' dir='ltr'><strong>non</strong></span> <span class='ocrx_word' id='word_1_419' title='bbox 1769 3244 1963 3296; x_wconf 65' lang='lat' dir='ltr'><strong>sibipra-</strong></span> 
     </span>
     <span class='ocr_line' id='line_1_76' title="bbox 1090 3305 1962 3363; baseline -0.008 -12"><span class='ocrx_word' id='word_1_420' title='bbox 1090 3312 1209 3363; x_wconf 85' lang='lat' dir='ltr'><strong>ponit</strong></span> <span class='ocrx_word' id='word_1_421' title='bbox 1226 3311 1455 3352; x_wconf 82' lang='lat' dir='ltr'><strong>imitandas</strong></span> <span class='ocrx_word' id='word_1_422' title='bbox 1494 3310 1702 3350; x_wconf 83' lang='lat' dir='ltr'><strong>Helenam</strong></span> <span class='ocrx_word' id='word_1_423' title='bbox 1726 3312 1807 3347; x_wconf 83' lang='lat' dir='ltr'><strong>aut</strong></span> <span class='ocrx_word' id='word_1_424' title='bbox 1830 3305 1962 3345; x_wconf 87' lang='lat' dir='ltr'><strong>Dido·</strong></span> 
     </span>
     <span class='ocr_line' id='line_1_77' title="bbox 1087 3370 1961 3429; baseline -0.003 -15"><span class='ocrx_word' id='word_1_425' title='bbox 1087 3386 1200 3429; x_wconf 89' lang='lat' dir='ltr'><strong>nem,</strong></span> <span class='ocrx_word' id='word_1_426' title='bbox 1214 3373 1290 3415; x_wconf 87' lang='lat' dir='ltr'><strong>sed</strong></span> <span class='ocrx_word' id='word_1_427' title='bbox 1320 3374 1527 3426; x_wconf 12' lang='lat' dir='ltr'><strong>alias3rut</strong></span> <span class='ocrx_word' id='word_1_428' title='bbox 1557 3370 1842 3419; x_wconf 76' lang='lat' dir='ltr'><strong>Laodamiam,</strong></span> <span class='ocrx_word' id='word_1_429' title='bbox 1861 3379 1961 3422; x_wconf 77' lang='lat' dir='ltr'><strong>quae</strong></span> 
     </span>
    </p>
   </div>
  </div>
 </body>
</html>
