2300 3906
644 176 708 214 m
752 177 791 215 ¹.
834 177 1007 220 cous.
1044 177 1312 216 s'rrmcn.
1357 177 1476 216 Lm.
1518 179 1558 216 1.
1898 171 2006 224 599

186 293 475 362 Religione
503 299 706 356 truceS,
733 300 790 345 et
811 297 1010 348 robora
1038 297 1297 349 Numinis
1321 297 1492 350 instar
1892 301 1999 353 230

183 378 468 431 Barbarici
491 381 693 429 nostrae
721 376 916 430 feriant
939 380 1163 447 impune
1188 381 1476 448 bipennes,

183 459 346 512 Ultro
373 459 509 527 quin
535 460 702 510 etiam
725 459 923 512 devota
946 467 1124 515 mente
1145 466 1384 524 tuentur,

182 544 507 612 Victorique
531 543 735 596 favent.
810 543 1044 608 Quoties
1073 547 1284 598 sociare
1310 550 1568 598 catervas

179 627 392 689 oravit,
412 626 680 694 jungique
706 626 815 678 tuis
840 626 1172 687 Alamannia
1196 627 1395 694 signis!

182 710 306 762 Nec
333 709 512 762 doluit
537 715 816 761 contemta
840 714 1044 774 tamen,
1069 713 1360 778 spretoque
1385 711 1613 764 recessit
1896 712 2002 766 285

176 792 411 847 Auxilio
437 793 664 845 laudata
686 793 840 845 fides.
916 793 1214 847 Provincia
1236 794 1445 846 missos

175 877 432 945 Expellet
460 879 645 940 citius,
672 877 845 930 fallax
871 893 1033 946 quam
1066 878 1301 931 Francia
1327 878 1528 946 RegeS,

173 958 332 1025 Quos
358 961 597 1013 dederiS.
674 960 814 1014 Acie
836 979 937 1014 nec
955 962 1074 1030 jam
1099 963 1320 1031 pulsare
1345 963 1582 1016 rebelles

108 1043 112 1048 ’
172 1044 284 1096 Sed
308 1045 505 1096 vinclis
531 1045 728 1111 punire
755 1045 903 1097 licet.
978 1046 1095 1098 Sub
1114 1046 1308 1115 judice
1333 1052 1522 1100 nostro

166 1194 350 1246 crudelia,
384 1194 573 1244 religione
600 1194 776 1245 antiqua,
809 1199 847 1234 et
886 1196 1135 1247 percutiant
1164 1208 1341 1247 quercu3‚
1371 1208 1467 1247 quae
1489 1199 1611 1235 erant
1627 1196 1728 1235 sicut
1747 1196 1821 1235 Dii
1842 1197 1995 1238 Barba-

165 1258 310 1286 rorum.
367 1248 570 1287 Proeterea
606 1252 779 1298 spectant
809 1260 884 1287 nos
912 1252 1061 1299 sponte,
1090 1250 1221 1288 animo
1251 1249 1420 1300 addicto,
1448 1252 1486 1288 et
1518 1249 1674 1288 student
1701 1249 1881 1288 domitori
1916 1263 1996 1291 suo.

169 1300 332 1345 Quoties
361 1302 594 1340 Alemannia
620 1302 778 1351 rogavit
814 1301 1047 1352 conjungere
1086 1307 1239 1341 turmas
1285 1314 1395 1351 suas,
1439 1304 1478 1340 et
1515 1300 1652 1340 ascisci
1691 1302 1846 1341 vexillis
1881 1301 1995 1344 tuis?

171 1354 306 1404 Neque
340 1358 468 1393 tamen
496 1358 626 1405 spreta
655 1354 821 1404 gemuit,
848 1359 886 1393 et
947 1356 1088 1394 delitas
1116 1355 1210 1406 ejus
1237 1354 1400 1404 probata
1427 1354 1547 1393 rediit
1574 1353 1756 1392 subsidiis
1791 1354 1879 1405 ejus
1907 1368 1994 1395 con·

163 1407 309 1446 temtis.
364 1406 574 1446 Provincia
591 1406 721 1455 ejiciet
736 1407 868 1458 potius
913 1420 1016 1447 asces
1031 1408 1084 1447 ad
1105 1421 1148 1447 se
1169 1407 1317 1457 missos,
1354 1420 1467 1458 quam
1487 1408 1656 1446 Francia
1680 1406 1825 1458 ejiciat
1851 1408 1994 1461 Reges,

164 1471 258 1510 quos
286 1460 511 1510 imposueris
544 1461 639 1510 ipsi.
697 1462 834 1512 Neque
865 1461 954 1509 J'am
988 1461 1060 1510 sas
1101 1465 1157 1501 est
1186 1460 1419 1508 confundere
1472 1459 1629 1499 rebelles
1657 1472 1753 1500 cum
1800 1462 1990 1512 exercitu,

161 1513 230 1552 sed
245 1514 430 1552 mulctare
447 1514 607 1553 catenis.
637 1512 718 1552 Sub
741 1515 906 1554 Consule
925 1519 1056 1554 nostro
1075 1514 1311 1554 Stilichone
1327 1526 1457 1555 carcer
1486 1514 1685 1553 Romanus
1705 1514 1901 1554 examinat
1915 1527 1993 1555 sce-

912 1622 1227 1639 O‘O‘O‘OOO‘OO‘

158 1704 288 1731 sacros
321 1688 420 1732 vat.
439 1704 525 1732 sec.
571 1692 706 1732 robora
727 1693 810 1732 duo
830 1693 947 1734 Med.
993 1693 1110 1732 robur
1140 1695 1241 1733 Vat.
1263 1699 1365 1733 tert.
1388 1694 1482 1733 Pal.
1499 1693 1636 1734 Oisel.
1658 1694 1847 1733 Florent.
1867 1694 1991 1733 Med.

162 1757 227 1796 pr.
245 1746 402 1785 Thuan.
422 1747 581 1785 Mazar.
605 1745 748 1785 Oxon.
764 1759 828 1797 pr.
868 1747 986 1786 robur
1014 1747 1082 1785 vel
1111 1747 1246 1786 robora
1281 1748 1381 1786 Vat.
1418 1760 1484 1797 pr.
1525 1747 1696 1785 muneris
1724 1748 1806 1786 inc.
1837 1747 1986 1787 Heins.

158 1801 290 1838 —231
321 1804 460 1837 vestrae
496 1800 658 1838 Mazar.
686 1798 842 1847 feriant
881 1799 962 1839 duo
1002 1799 1121 1838 Med.
1156 1799 1317 1846 feriunt
1355 1801 1471 1840 Prie.
1510 1799 1644 1838 Oisel.
1672 1800 1765 1839 Pal.
1797 1800 1986 1841 Florent.

157 1849 323 1891 Thuan.
345 1851 464 1891 Med.
485 1863 550 1901 pr.
596 1863 745 1891 secures
764 1852 847 1891 inc.
868 1853 1023 1892 Heius.
1055 1852 1138 1891 duo
1158 1853 1444 1892 Ambr.-—232
1474 1853 1598 1891 deest
1617 1852 1686 1891 hic
1706 1865 1850 1892 versus
1867 1854 1985 1892 Rotr.

153 1907 290 1944 -233
309 1903 451 1953 serunt
469 1904 589 1943 Med.
611 1909 710 1944 tert.
745 1904 889 1952 favens
913 1904 1029 1943 Med.
1049 1917 1132 1943 sec.
1180 1918 1358 1944 resonare
1393 1905 1561 1944 catervis
1599 1905 1689 1943 Pal.
1715 1905 1832 1945 Med.
1853 1917 1918 1955 pr.
1940 1911 1986 1946 et

157 1968 248 1997 sec.
281 1969 338 1996 m.
371 1969 433 2008 pr.
478 1959 628 1996 saciare
661 1957 895 1998 Pan-234
925 1958 1158 1996 Alamannia
1192 1959 1289 1998 Vat.
1330 1970 1394 2008 pr.
1442 1958 1652 1996 Alamania
1678 1959 1783 1997 Exc.
1803 1959 1984 1998 Lucens.

155 2022 221 2062 pr.
268 2010 500 2050 Alemannia
519 2017 700 2062 quatuor
720 2011 841 2051 Vatt.
884 2011 995 2049 silvis
1033 2010 1133 2049 Vat.
1166 2015 1268 2050 tert.
1299 2024 1354 2050 m.
1387 2013 1588 2060 piu—235
1618 2010 1695 2048 Sed
1713 2010 1839 2049 doluit
1858 2010 1982 2050 Med.

157 2069 296 2115 quart.
342 2065 559 2115 scriptoque
578 2065 839 2104 Fara—236
866 2063 1004 2102 missos
1023 2068 1204 2114 quatuor
1222 2065 1345 2103 Vatt.
1366 2063 1503 2104 Oisel.
1550 2063 1685 2113 Mysos
1721 2065 1826 2103 Exc.
1860 2063 1984 2115 Laeti,

156 2116 226 2157 ed.
247 2117 527 2157 Parme—237
561 2117 734 2167 Expellit
754 2117 869 2157 Prie.
890 2116 985 2156 Pal.
1008 2116 1092 2156 duo
1114 2116 1231 2157 Med.
1264 2117 1427 2156 Thnan.
1447 2114 1597 2155 Ambr.
1630 2128 1694 2166 pr.
1714 2118 1873 2155 Mon-et.
1894 2128 1978 2156 sec.

87 2196 91 2198 ν
156 2171 340 2221 Expellat
358 2170 532 2222 legebat
555 2170 706 2210 Heins.
736 2171 775 2210 hi
794 2170 877 2209 duo
896 2182 1041 2209 versus
1060 2181 1189 2209 manu
1210 2169 1373 2209 recenti
1394 2169 1570 2219 ascripti
1589 2173 1714 2208 erant
1731 2170 1775 2208 in
1792 2171 1895 2208 Vat.
1915 2182 1982 2220 pr.

154 2223 403 2272 certafallax
436 2225 598 2263 Bonon.
635 2223 768 2272 fasces
801 2222 922 2263 Leid.
941 2235 1007 2274 pr.
1029 2223 1113 2262 duo
1132 2224 1251 2263 Vatt.
1271 2224 1367 2263 Pal.
1397 2223 1588 2262 Florent.
1610 2222 1695 2262 duo
1715 2222 1864 2262 Medd.
1879 2222 1981 2263 Jnn.

154 2288 220 2328 pr.
250 2277 350 2318 vat.
368 2277 507 2316 Livin.
527 2277 611 2316 duo
631 2277 773 2317 Oxon.
796 2277 920 2317 ambo
940 2277 1101 2316 Moret.
1124 2275 1223 2315 Ald.
1243 2278 1349 2316 Exc.
1371 2277 1551 2316 Lucens.
1574 2287 1658 2316 sec.
1679 2275 1782 2315 Var,
1803 2276 1888 2315 LL.
1908 2275 1978 2316 ed.

152 2329 286 2370 Antv.
316 2329 451 2379 fallax
468 2331 568 2370 Vat.
584 2342 669 2370 sec.
688 2330 808 2369 Med.
830 2334 932 2370 tert.
952 2330 1055 2369 Put.
1077 2330 1185 2380 Reg.
1202 2328 1353 2369 Ambr.
1374 2342 1440 2380 pr.
1457 2329 1612 2367 PetaV.
1628 2340 1711 2367 sec.
1727 2329 1810 2368 inc.
1828 2329 1979 2368 Heius.

152 2383 258 2423 Exc.
280 2383 406 2431 Laeti,
423 2383 492 2424 ed.
514 2384 655 2423 Parm.
673 2390 718 2422 et
735 2384 877 2423 Vicet.
915 2381 1047 2431 fasces
1065 2383 1132 2421 vel
1142 2382 1279 2431 fallax
1296 2383 1395 2421 Vat.
1417 2386 1562 2434 quart.
1581 2381 1735 2420 Petav.
1757 2394 1818 2431 pr.
1848 2382 1977 2421 Fran-

152 2436 214 2474 cia
231 2448 371 2475 numen
388 2436 509 2476 Med.
529 2442 631 2475 tert.
662 2448 717 2475 m.
747 2438 949 2487 pin—238
977 2435 1130 2475 dederis
1147 2435 1276 2484 fei-iat
1311 2433 1462 2474 Ambr.
1498 2445 1585 2472 sec.
1628 2434 1779 2472 dederit
1816 2434 1979 2474 Bonon-

153 2487 252 2527 Pat.
271 2488 374 2528 Put.
401 2490 508 2538 Reg.
538 2489 622 2528 duo
641 2489 795 2528 Petav.
823 2489 990 2528 Tholos.
1027 2487 1178 2527 Ambr.
1207 2499 1271 2538 pr.
1309 2489 1418 2526 Exc.
1447 2486 1625 2525 Gevart.
1665 2486 1748 2525 acie
1784 2486 1976 2527 Florent.

153 2540 275 2580 Med.
295 2553 379 2582 sec.
425 2541 574 2580 dederit
592 2546 721 2580 servat
742 2541 886 2580 Oxon.
907 2552 995 2580 sec.
1041 2540 1192 2579 dederit
1210 2544 1336 2579 servet
1353 2539 1495 2579 Oxon.
1514 2551 1582 2590 pr.
1623 2543 1750 2578 servat
1771 2538 1893 2579 Leid.
1915 2552 1979 2590 pr.

151 2598 240 2633 tres
269 2593 389 2633 Med.
427 2594 527 2633 Put.
546 2593 1015 2633 Thuan.130non.Pat.
1033 2593 1199 2632 Thalos.
1239 2594 1340 2632 Lov.
1369 2593 1469 2633 Jun.
1504 2604 1568 2643 pr.
1596 2592 1679 2631 inc.
1708 2592 1860 2632 Heins.
1891 2592 1976 2645 duo

151 2646 308 2687 Petav.
347 2652 434 2686 tres
456 2646 604 2686 Ambr.
627 2647 734 2686 Exc.
756 2648 936 2685 Lucens.
957 2657 1019 2697 pr.
1038 2644 1107 2685 ed.
1130 2647 1275 2685 Parm.
1296 2651 1342 2685 et
1359 2645 1499 2684 Vicet.
1518 2646 1621 2684 Var.
1644 2646 1730 2684 LL.
1750 2645 1817 2684 ed.
1842 2644 1974 2686 Antv.

148 2705 274 2740 servet
308 2699 429 2739 Leid.
468 2712 552 2740 sec.
591 2699 700 2751 Reg.
737 2700 898 2738 Mazar.
941 2702 1073 2738 servat
1107 2699 1175 2738 vel
1193 2703 1320 2738 servet
1346 2698 1498 2737 Petav.
1532 2710 1596 2749 pr.
1614 2703 1745 2737 servat
1764 2699 1830 2738 vel
1845 2698 1976 2747 feriat

152 2753 340 2794 Florent.
382 2754 465 2792 acie
482 2766 551 2792 nec
567 2753 654 2802 jam
684 2753 786 2792 Vat.
809 2756 911 2791 tert.
933 2751 1067 2791 Oisel.
1084 2751 1183 2792 Vat.
1204 2752 1341 2792 Livin,
1387 2764 1464 2791 non
1483 2752 1570 2800 jam
1590 2751 1710 2791 Med.
1731 2764 1794 2802 pr.
1811 2752 1973 2792 Thuan.

150 2818 220 2846 nec
238 2806 357 2846 Leid.
379 2819 463 2847 sec.
483 2807 510 2847 J
518 2818 585 2846 un.
607 2818 671 2856 pr.
694 2805 835 2846 Oxou.
864 2817 948 2845 sec.
983 2806 1230 2846 Lov.·ambo
1259 2806 1422 2845 Moret.
1456 2806 1563 2845 Exc.
1593 2805 1771 2845 Gevart.
1816 2804 1972 2845 rebellis

152 2859 288 2900 Oisel.
309 2860 410 2900 Put.
439 2860 539 2899 Pat.
571 2860 723 2899 PetaV.
754 2871 838 2898 sec.
867 2858 951 2898 duo
979 2858 1264 2898 Ambra—239
1296 2859 1382 2898 Nec
1415 2858 1539 2908 poenis
1564 2858 1664 2898 Vat.
1703 2858 1838 2910 quint.
1883 2858 1973 2898 licet

150 2911 247 2954 Pat.
267 2914 350 2953 duo
366 2912 516 2953 Ambr.
565 2912 660 2952 libet
675 2914 776 2952 Vat.
797 2924 884 2953 sec.
903 2911 1058 2951 Moret.
1073 2924 1157 2952 sec.
1203 2914 1311 2951 decet
1336 2913 1443 2963 Reg.
1464 2910 1609 2951 Ambr.
1630 2923 1696 2962 pr.
1737 2915 1862 2950 oestro
1875 2911 1972 2952 Flo-

975 3029 1150 3070 No'rAE

203 3126 281 3162 230
314 3123 471 3176 Truces]
514 3125 654 3176 Sylvae
689 3129 812 3164 erant
833 3124 1025 3164 crudeles
1091 3123 1272 3164 Sanctus
1308 3120 1524 3161 Martinus
1570 3120 1614 3158 in
1648 3119 1791 3160 Gallia
1826 3118 1971 3161 fanum

5 3170 8 3196 ⁷
82 3220 84 3222 ,
150 3184 369 3238 religione,
398 3200 491 3239 quae
511 3188 699 3238 jubebat
729 3187 918 3230 homines
950 3187 1024 3226 Di·
1092 3187 1237 3237 diruit,
1265 3190 1311 3226 et
1329 3185 1473 3236 pinum
1494 3182 1595 3223 fano
1616 3182 1865 3235 proximam,
1881 3195 1970 3223 mo-

153 3255 245 3286 anae
260 3249 481 3291 immolari.
1091 3249 1267 3301 nuitque
1285 3247 1389 3287 nihil
1403 3259 1495 3287 esse
1515 3246 1730 3299 religionis
1747 3246 1790 3285 in
1803 3246 1969 3297 stipite.

207 3309 409 3364 Numinis]
434 3313 638 3367 Arbores,
655 3319 704 3355 ut
722 3315 895 3356 numina
914 3326 1026 3368 quae-
1144 3314 1224 3351 234
1250 3310 1506 3362 Alamannia]
1556 3309 1739 3350 Accolas
1783 3307 1967 3350 Danubii

153 3367 250 3412 dam
290 3372 488 3416 colebant
535 3373 739 3421 Germani
771 3377 988 3431 'Gallique
1009 3390 1020 3417 :
1090 3374 1314 3429 Rhenique
1332 3371 1537 3426 intelligit
1552 3371 1822 3413 Claudianus.
