2300 3906
303 200 413 254 850
856 212 950 250 ct„
990 205 1346 248 onAunrAm
1387 205 1587 246 xxm.

306 331 491 384 Pierio
516 331 762 383 meritam
788 332 936 380 serto
961 326 1215 377 redimire
1243 325 1505 377 Serenam
1526 327 1550 377 'l

313 414 438 467 Vile
462 418 630 482 putas
655 414 876 473 donum,
905 410 1121 471 solitam
1146 425 1469 475 consurgere
1492 408 1739 475 gemmis,

315 497 390 550 Et
413 499 580 549 rubro
605 497 818 548 radiare
843 494 1002 557 mari,
1031 495 1079 544 si
1102 493 1332 544 floribus
1358 508 1518 544 ornes

310 581 548 648 Reginae
577 581 796 648 Regina
822 580 1077 631 comam?
1121 578 1218 630 sed
1247 578 1479 630 fioribus
1505 576 1633 640 illis,
2116 577 2153 629 5

310 663 471 728 Quos
496 679 672 732 neque
697 663 994 730 frigoribus
1022 663 1257 723 BoreaS,
1279 677 1384 712 nec
1412 660 1589 712 Sirius
1611 660 1724 713 urit

307 748 559 799 AEstibus
580 765 594 803 ς
634 751 838 799 aeterno
867 746 964 798 sed
989 747 1135 798 veris
1160 746 1369 797 honore
1395 745 1655 796 rubentes

315 831 471 884 Fons
498 831 859 900 Aganippaea
882 832 1234 884 Permessius
1259 830 1465 881 educat
1487 828 1674 903 unda}

310 978 496 1019 Serenam
526 977 764 1020 merentem?
822 978 890 1018 An
910 980 1036 1019 credis
1054 991 1191 1018 munus
1220 990 1313 1018 esse
1345 979 1676 1029 contemnendum,
1702 977 1738 1016 si
1764 980 1811 1017 tu
1845 976 1982 1027 regina
2000 976 2155 1015 decores

300 1031 470 1082 floribus
501 1033 663 1082 Reginae
692 1036 809 1084 caput
840 1037 1038 1072 assuetum
1070 1033 1201 1071 attolli
1233 1032 1481 1082 margaritis,
1514 1036 1553 1071 et
1578 1031 1741 1081 fulgere
1773 1029 1998 1069 unionibus
2030 1029 2153 1068 maris

310 1082 454 1124 rubri?
480 1086 515 1123 si
549 1086 728 1125 decores
752 1086 923 1138 floribus
955 1086 1032 1135 his,
1065 1098 1159 1137 quos
1193 1098 1311 1136 neque
1332 1085 1476 1137 Aquilo
1504 1085 1636 1124 adurit
1654 1084 1878 1134 frigoribus
1906 1083 2008 1134 suis,
2034 1093 2154 1133 neque

315 1137 503 1179 Canicula
533 1139 725 1179 caloribus
745 1140 855 1180 suis:
885 1144 926 1179 at
948 1152 1053 1192 quos
1070 1139 1167 1188 fons
1181 1139 1423 1178 Permessius
1441 1139 1511 1178 alit
1535 1139 1646 1190 aquis
1668 1136 1975 1190 Hippocrenes-is,
2007 1144 2155 1188 purpu-

1101 1266 1396 1281 ‘OO‘O‘OCOOIO

318 1357 414 1398 Pal.
443 1358 566 1398 Rott.
597 1348 730 1400 Oisei.
757 1360 947 1399 Florent.
980 1365 1068 1399 tres
1099 1359 1219 1399 Med.
1253 1358 1336 1399 inc.
1365 1356 1519 1399 Heius.
1557 1357 1659 1397 Pnt.
1694 1357 1852 1397 Thuan.
1887 1356 1972 1394 duo
2000 1354 2156 1396 PetaV.

313 1412 482 1451 Bonon.
510 1412 593 1452 duo
630 1412 783 1452 Ambr.
805 1414 957 1452 Vienn.
986 1412 1148 1452 Buslid.
1179 1418 1225 1451 et
1255 1412 1358 1452 Cod.
1381 1413 1527 1464 Epigr.
1557 1410 1706 1450 Ambr.
1736 1411 1844 1449 Exc.
1878 1410 2059 1448 Lucens.
2089 1421 2156 1459 pr.

315 1464 475 1504 Sched.
505 1465 619 1506 Gud.
649 1467 715 1506 ed.
746 1467 892 1506 Parm.
921 1479 990 1505 cur
1017 1469 1126 1505 tanto
1156 1466 1314 1505 Moret.
1344 1477 1410 1515 pr.
1444 1465 1588 1503 Oxon.
1619 1476 1705 1503 sec.
1738 1466 1848 1501 tanto
1875 1474 1944 1500 cur
1962 1462 2062 1501 Vat.
2094 1474 2158 1513 pr.

318 1516 441 1557 Med.
463 1531 526 1569 pr.
547 1519 714 1557 Bonon.
735 1520 890 1558 Petav.
912 1531 977 1569 pr.
999 1519 1105 1558 Cod.
1124 1518 1280 1557 Vienn.
1302 1517 1407 1556 Exc.
1438 1517 1540 1555 Pat.
1562 1527 1650 1554 rec.
1670 1527 1754 1554 cum
1774 1518 1885 1553 tanto
1905 1514 1988 1553 inc.
2012 1514 2161 1555 Heius.

316 1574 427 1609 tanto
454 1583 541 1609 cum
560 1571 654 1610 Pal.
674 1572 796 1610 Med.
819 1577 960 1622 quart.
991 1583 1059 1609 cur
1088 1573 1242 1609 tantum
1260 1569 1477 1620 interprete
1500 1568 1621 1608 Med.
1644 1580 1709 1618 pr.
1730 1579 1785 1606 m.
1807 1579 1894 1606 sec.
1911 1578 1981 1606 cur
2004 1570 2161 1607 tantum

315 1623 359 1660 in
390 1627 565 1673 tempora
594 1622 745 1663 Ambr.
775 1636 839 1674 pr.
875 1624 1030 1663 Sched.
1062 1622 1178 1662 Gud.
1206 1635 1275 1661 cur
1303 1626 1412 1661 tanto
1448 1622 1489 1660 in
1524 1625 1696 1671 tempore
1734 1619 1884 1659 Ambr.
1923 1624 2022 1659 lert.
2053 1621 2162 1662 (lod.

317 1675 464 1725 Epigr.
496 1674 646 1715 Ambr.
675 1689 744 1715 cur
776 1680 930 1715 tantum
961 1678 1003 1715 in
1032 1675 1117 1714 duo
1133 1675 1258 1714 Vatt.
1281 1676 1398 1714 Rott.
1419 1675 1521 1715 Put.
1540 1675 1704 1714 Thuan.
1738 1674 1892 1713 Petav.
1925 1678 2028 1714 tert.
2050 1673 2159 1714 Co‘d.

315 1721 558 1767 Helmstad.
579 1741 647 1767 cur
674 1742 750 1768 non
781 1731 824 1769 in
852 1734 1021 1781 tempore
1039 1727 1286 1769 Buslid.--2
1315 1728 1455 1767 Pieria
1482 1727 1580 1767 Pal.
1616 1728 1699 1766 duo
1718 1727 1840 1766 Med.
1875 1739 2053 1766 coronam
2083 1739 2179 1779 prof

316 1781 502 1821 Serenam
520 1782 617 1822 Vat.
657 1783 823 1822 sea—3
853 1784 1009 1822 solitum
1036 1783 1138 1822 Vat.
1172 1794 1257 1821 sec.
1292 1782 1414 1821 Rott.
1446 1782 1546 1821 Put.
1582 1781 1739 1820 Petav.
1770 1793 1834 1831 pr.
1871 1779 2021 1820 Ambr.
2059 1784 2161 1821 tert.

325 1834 431 1873 Cod.
447 1834 596 1885 Epigr.
617 1835 766 1875 Ambr.
788 1837 938 1875 deerat
957 1841 1100 1875 autem
1120 1835 1188 1874 hic
1209 1847 1357 1874 versus
1377 1835 1543 1875 Buslid.
1564 1834 1796 1884 conjungere
1826 1834 1918 1873 Pal.
1938 1834 2021 1872 duo
2040 1834 2162 1874 Med.

321 1891 402 1927 -4
432 1889 517 1927 Aut
544 1888 663 1928 rubro
679 1891 779 1929 Vat.
809 1902 874 1940 pr.
915 1890 1012 1929 Pal.
1042 1890 1126 1929 duo
1148 1889 1266 1928 Med.
1322 1890 1379 1928 Et
1407 1889 1601 1928 Florent.
1624 1889 1742 1928 Med.
1765 1893 1865 1927 tert.
1897 1887 1983 1926 inc.
2007 1886 2162 1927 Heius.

322 1941 427 1980 Put.
445 1941 610 1981 Thuan.
643 1943 727 1983 duo
753 1943 910 1983 Petav.
941 1945 1108 1983 Bonon.
1129 1942 1213 1981 duo
1233 1940 1382 1983 Ambr.
1402 1942 1570 1983 Buslid.
1593 1942 1699 1981 Cod.
1721 1941 1869 1992 Epigr.
1889 1939 2037 1980 Ambr.
2057 1941 2181 1981 Εκα-

323 1994 504 2034 Lucens.
525 2007 588 2045 pr.
608 1996 707 2036 Pat.
739 2008 827 2036 rec.
849 2003 894 2035 et
912 1998 1017 2036 var.
1039 1998 1127 2036 LL.
1148 1995 1216 2036 ed.
1237 1996 1368 2035 AntV.
1403 1996 1543 2047 rapido
1575 1996 1641 2034 vel
1671 1996 1788 2033 rubro
1822 1994 2068 2033 Buslid.—5
2097 1995 2164 2034 sed

307 2046 478 2099 floribus
495 2048 574 2086 illis
593 2054 680 2088 tres
696 2050 816 2089 Vatt.
838 2050 933 2089 Pal.
954 2050 1099 2091 Oxon.
1135 2060 1221 2088 sec.
1250 2049 1351 2088 Vat.
1372 2048 1513 2090 Livin.
1552 2049 1613 2087 sic
1649 2046 1834 2088 Μουσέων
1862 2046 1979 2086 ἄνθεα
2009 2047 2102 2087 Lib.
2131 2058 2164 2086 1.

322 2099 502 2140 Anthol.
525 2113 562 2140 c.
585 2113 666 2140 xn.
686 2103 767 2152 Ep.
788 2105 826 2142 1.
853 2103 888 2141 si
909 2102 1081 2152 floribus
1111 2102 1195 2141 inc.
1225 2101 1376 2141 Heius.
1397 2102 1503 2140 Exc.
1540 2102 1637 2140 Pat.
1658 2105 1826 2140 rec.-—G
1854 2113 1924 2139 nec
1941 2099 2167 2149 frigoribus

323 2153 485 2192 Moret.
514 2166 578 2204 pr.
598 2167 717 2205 neque
742 2154 965 2205 fulgoribus
984 2155 1149 2194 Buslid.
1172 2155 1305 2192 Borea
1335 2154 1418 2193 duo
1447 2154 1567 2192 Med.
1602 2166 1722 2204 neque
1750 2153 1881 2192 Sirius
1899 2154 2000 2192 Vat.
2025 2165 2183 2193 sec.—.

324 2210 348 2246 7
379 2207 414 2245 si
446 2209 549 2245 veris
569 2208 723 2247 Petav.
745 2213 847 2247 tert.
870 2207 975 2247 Cod.
998 2208 1144 2259 Epigr.
1165 2206 1316 2246 Ambr.
1336 2219 1448 2246 verus
1468 2207 1627 2246 Moret.
1650 2210 1796 2258 pr.—8
1831 2207 1922 2245 Flos
1951 2218 2030 2256 pro
2061 2207 2168 2246 Fons

325 2259 429 2298 Vat.
460 2271 545 2299 sec.
583 2261 695 2299 unde
718 2261 799 2299 Ros
830 2261 1094 2311 conjiciebat
1115 2260 1268 2300 Heius.
1315 2260 1562 2299 Permessius
1578 2261 1680 2299 Vat.
1702 2272 1767 2310 pr.
1790 2259 1880 2298 Pal.
1905 2259 1991 2298 duo
2011 2260 2166 2301 Medd.

325 2311 476 2351 Ambr.
518 2318 619 2352 tert.
654 2320 741 2353 vet.
782 2314 962 2364 Gyrald.
996 2315 1096 2354 Vat.
1130 2313 1265 2352 Livin.
1306 2313 1551 2352 Permesidos
1595 2313 1759 2351 Buslid.
1796 2313 2041 2352 Parnasidos
2058 2314 2167 2354 Exc.

325 2366 508 2404 Lucens.
527 2377 591 2416 pr.
613 2367 877 2417 Permessidos
895 2367 979 2405 duo
995 2366 1113 2406 Vatt.
1133 2367 1255 2405 Rott.
1271 2365 1468 2405 Floreat.
1482 2364 1602 2404 Med.
1619 2371 1759 2417 quart.
1783 2365 1885 2404 Put.
1901 2366 2061 2405 Thuan.
2083 2366 2168 2406 duo

327 2418 480 2458 Petav.
498 2420 664 2459 Bonon.
686 2419 836 2459 Ambr.
858 2432 921 2471 pr.
939 2420 1044 2460 Cod.
1070 2420 1217 2470 Epigr.
1237 2417 1385 2458 Ambr.
1406 2420 1513 2459 Exc.
1529 2420 1627 2458 Pat.
1655 2431 1742 2458 rec.
1761 2418 1914 2458 Sched.
1935 2419 2051 2459 Gud.
2065 2419 2168 2459 Ald.

324 2476 467 2515 aestuat
502 2484 580 2525 pro
609 2475 748 2516 educat
767 2473 921 2514 Petav.
956 2485 1022 2529 pr.
1050 2474 1175 2515 male.
1208 2484 1307 2513 nam
1338 2473 1497 2514 aestibus
1527 2474 1765 2526 praecessit.
1792 2472 1929 2512 umbra
1959 2485 2036 2525 pro
2064 2474 2169 2514 unda

1163 2593 1204 2634 N
1211 2593 1346 2634 01*AE

383 2691 410 2727 2
440 2687 592 2739 Pierio]
619 2688 770 2729 Pieria
789 2693 856 2729 est
874 2689 993 2741 regio
1013 2689 1216 2729 Macedo·

330 2750 429 2801 niae,
449 2763 572 2790 sacra
590 2752 742 2792 Musis.
773 2752 912 2793 Pierio
929 2757 1051 2803 serlo,
1071 2752 1114 2791 id
1135 2756 1218 2804 est,

331 2815 526 2856 Poeticis
547 2815 738 2861 floribus.

386 2878 593 2931 Serenam]
639 2880 840 2932 Honor-ii,
877 2880 950 2936 qui
992 2880 1219 2925 Theodosii

331 2937 468 2980 frater
488 2948 597 2992 erat,
617 2941 766 2994 filiam,
786 2943 863 2983 sed
894 2944 949 2984 ab
976 2943 1070 2999 ipso
1085 2944 1219 2983 Theo-

334 3002 453 3044 dosio
477 3005 740 3055 adoptatam.
783 3011 786 3015 '

388 3068 413 3105 3
442 3065 609 3105 Solitum
636 3067 884 3118 consurgere]
913 3069 1040 3110 Quod
1059 3068 1221 3112 Serena

336 3128 475 3169 ferret
519 3135 755 3180 gemmatas
807 3142 1001 3182 coronas,
1063 3144 1221 3184 easque

334 3192 553 3244 praealtaS,
573 3192 728 3244 quibus
748 3193 845 3244 ipsa
864 3194 1084 3233 sublimior
1104 3194 1221 3234 vide-

335 3259 470 3295 retur.

392 3321 416 3359 5
445 3317 633 3370 leeg-im]
662 3318 838 3370 Reginae
859 3312 1116 3361 dicebantur
1135 3321 1237 3360 Re-·

339 3391 440 3435 gum
476 3385 524 3422 et
557 3379 871 3435 Imperatorum
902 3381 1030 3426 filiae:
1058 3384 1221 3425 Serena

1285 2693 1430 2728 autem
1450 2692 1544 2728 erat
1574 2686 1662 2728 filia
1696 2686 1901 2739 adoptiva
1929 2676 2186 2726 Theodosii.⁷

1284 2751 1407 2803 Vir-g.
1445 2753 1457 2774 ‘
1487 2752 1640 2803 regina
1682 2750 1908 2801 sacerdos,'
1951 2750 2004 2789 de
2051 2749 2175 2789 Rhea
2229 2801 2232 2805 Δ

1287 2815 1445 2866 Sylvia‚
1503 2827 1579 2855 seu
1625 2814 1708 2856 Ilia
1755 2814 1884 2865 Regis
1934 2807 2185 2853 Numitoris?

1286 2878 1388 2920 filia.

1340 2946 1367 2982 6
1395 2942 1549 2993 Sirius]
1574 2942 1712 2981 Stella
1731 2946 1799 2980 est
1830 2941 1873 2979 in
1895 2951 1968 2979 ore
1989 2938 2185 2978 Canicu--

1286 3006 1356 3057 lae,
1372 3018 1468 3058 quae
1489 3006 1654 3044 aestatis
1673 3005 1836 3044 calores
1850 3015 2006 3054 augere
2024 3001 2078 3042 ab
2099 3014 2170 3041 an-

1287 3068 1422 3120 tiquis
1443 3068 1608 3106 credita
1629 3072 1711 3105 est.

1347 3130 1458 3180 Urit]
1506 3130 1603 3168 Non
1624 3129 1760 3167 minus
1781 3127 1916 3180 frigus
1938 3130 2026 3167 urit
2043 3126 2171 3169 flores

1288 3205 1413 3247 quam
1434 3194 1566 3232 calor.
1615 3193 1839 3243 Virgilius:
1873 3195 1883 3215 ‘
1907 3192 1998 3233 Aut
2016 3194 2170 3236 Boreae

1287 3255 1557 3309 penetrabile
1579 3254 1711 3307 frigus
1733 3255 1917 3296 adurat.'
2181 3244 2185 3255 ¹

1339 3322 1366 3358 8
1394 3318 1639 3370 Aganippoea
1674 3319 1932 3372 Permessius]
1999 3320 2071 3360 De
2107 3317 2186 3374 his

1285 3383 1371 3425 alio
1389 3383 1432 3423 in
1451 3383 1564 3425 loco.
2181 3383 2186 3393 “
