2300 3906
333 189 441 248 520
920 207 1015 246 σι..
1054 203 1404 245 anUmAm
1448 204 1564 246 xx.

404 326 663 380 Induerat
685 328 918 380 necdum
941 327 1188 391 trabeas3
1225 325 1465 392 mugitus
1493 323 1565 377 ab
1591 326 1704 378 alto

332 411 634 465 Redditus:
672 411 914 463 infernas
939 411 1122 462 rabies
1150 424 1348 461 arcana
1375 426 1637 463 cavernas
2079 405 2151 460 25

330 495 542 559 Vibrat,
571 501 627 548 et
651 497 854 548 alterno
882 495 1177 561 confligunt
1201 494 1439 546 culmina
1461 495 1646 562 lapsu.

329 580 649 633 Bacchatus
676 597 775 648 per
799 584 994 647 operta
1017 584 1211 630 tremor
1236 576 1590 630 Chalcedona
1614 577 1809 640 movit,

329 661 547 717 Pronus
574 669 630 717 et
654 667 711 716 in
736 667 982 732 geminas
1007 665 1220 717 nutavit
1245 664 1530 731 Bosporus
1556 664 1751 715 urbes:

330 747 665 802 Concurrere
691 750 818 802 freti
842 750 1058 802 fauces:
1097 750 1286 802 radice
1312 750 1534 803 revulsa
1829 746 1843 760 ⁸
2071 731 2206 799 ·Q

326 831 524 885 Vitant
547 834 862 886 instabilem
887 850 1075 886 rursus
1103 834 1479 903 Symplegada
1501 838 1708 886 nautae.
2078 831 2150 884 30

328 916 557 969 Scilicet
577 919 698 970 haec
724 918 932 987 Stygiae
959 919 1303 986 praemittunt
1328 919 1483 985 signa
1510 932 1744 978 sorores,

326 999 401 1053 Et
425 1002 532 1053 sibi
548 1003 665 1070 jam
691 1002 833 1054 tradi
859 1002 1107 1068 populos
1133 1002 1241 1054 hoc
1270 1001 1515 1054 Consule
1542 1001 1795 1069 gaudent.

324 1139 554 1190 Eutropius
581 1144 769 1179 sumserat
799 1144 942 1179 restem
971 1141 1256 1193 consularem,
1289 1154 1376 1181 cum
1409 1139 1546 1179 boatus
1575 1138 1735 1178 auditus
1764 1141 1832 1178 est
1863 1150 1887 1177 a
1917 1137 2046 1177 Coelo:
2086 1136 2150 1176 ira

321 1196 468 1232 secreta
497 1194 666 1232 concutit
693 1197 808 1232 antra
836 1193 995 1245 Stygia,
1026 1199 1065 1234 et
1092 1199 1238 1234 montes
1255 1197 1488 1235 concurrunt
1514 1205 1604 1232 casu
1631 1193 1793 1232 alterno.
1850 1190 1986 1230 Motus
2006 1190 2150 1239 furens

318 1257 392 1296 per
408 1247 555 1285 occulta
573 1247 666 1285 loca
685 1253 814 1286 terrae
833 1248 1028 1298 quassavit
1051 1248 1340 1299 chalcedonem,
1357 1252 1396 1287 et
1420 1248 1613 1298 Bosporus
1628 1249 1837 1285 commotus
1857 1249 1915 1284 est
1928 1245 2032 1284 inter
2051 1245 2149 1282 duas

323 1298 450 1337 urbes.
506 1299 823 1349 Angustiaefreti
837 1301 1122 1352 conflixerunt:
1148 1306 1278 1342 nautae
1302 1301 1498 1353 effugiunt
1517 1301 1661 1339 iterum
1680 1298 1957 1351 Symplegades
1977 1297 2150 1346 mobiles,

316 1351 585 1401 fundamentis
601 1354 760 1393 avulsis.
817 1354 1019 1394 Nimirum
1043 1366 1191 1395 sorores
1218 1355 1384 1404 infernoe
1412 1356 1598 1407 spondent
1630 1353 1727 1401 haec,
1760 1357 1799 1392 et
1821 1352 1910 1401 jam
1943 1353 2148 1402 laetantur,

1090 1463 1384 1479 eeeeeeeeeeee

323 1531 430 1568 -24
459 1528 673 1568 Induerant
703 1530 806 1569 Put.
838 1531 946 1570 Bon.
967 1531 1066 1570 Pat.
1089 1530 1232 1576 Oxon.
1253 1543 1338 1572 sec.
1382 1533 1550 1571 nondum
1577 1530 1661 1570 duo
1680 1530 1802 1569 Vatt.
1834 1529 1954 1568 Rott.
1991 1527 2147 1567 PetaV.

322 1592 387 1631 pr.
415 1581 570 1621 trabeas
583 1584 743 1622 necdum
762 1584 857 1622 Pal.
878 1584 998 1623 Med.
1021 1597 1084 1636 pr.
1115 1578 1261 1624 ub'alto
1283 1590 1369 1624 vet.
1391 1585 1498 1636 Gyr.
1516 1583 1585 1624 ed.
1605 1585 1749 1623 Parm.
1771 1588 1816 1622 et
1835 1583 1982 1621 vicet.
2008 1580 2057 1620 ab
2070 1592 2146 1620 axe

322 1645 466 1673 omnes
491 1636 610 1674 Vatt.
633 1636 722 1675 Pal.
746 1636 870 1675 Farn.
898 1637 1014 1677 Prie.
1036 1639 1143 1677 Exe.
1167 1637 1291 1688 Laeti,
1323 1640 1504 1677 Lucens.
1524 1650 1588 1689 pr.
1606 1638 1712 1677 item
1730 1637 1831 1676 Var.
1861 1636 1946 1676 LL.
1965 1646 1989 1673 e
2008 1645 2146 1685 marg.

320 1686 465 1728 Parm.
510 1701 585 1727 axe
605 1689 671 1728 vel
689 1690 768 1728 alto
787 1689 993 1729 Pat.—25
1027 1691 1225 1730 Redditur
1244 1691 1343 1731 Pat.
1360 1704 1416 1730 m.
1438 1703 1500 1742 pr.
1522 1690 1672 1730 Ambr.
1703 1694 1805 1729 tert.
1851 1686 2026 1736 infernas
2048 1687 2148 1727 Vat.

319 1751 386 1790 pr.
417 1740 519 1780 Put.
554 1742 718 1781 Bonon.
752 1742 836 1781 duo
871 1741 1021 1782 Ambr.
1057 1743 1199 1783 Oxon.
1235 1756 1321 1783 sec.
1353 1757 1410 1783 m.
1431 1755 1497 1794 pr.
1523 1745 1626 1783 Var.
1658 1744 1744 1782 LL.
1776 1754 1802 1781 e
1831 1753 1969 1792 marg.
2000 1740 2146 1779 Parni.

317 1793 469 1832 Sched.
490 1794 603 1833 Gnd.
633 1793 786 1842 inferno
805 1800 986 1846 quatuor
1004 1796 1126 1836 Vatt.
1147 1797 1242 1837 Pal.
1262 1797 1389 1836 Farn.
1409 1796 1528 1836 Prie.
1549 1797 1673 1836 Rott.
1695 1797 1803 1837 Exc.
1823 1795 1950 1834 Laeti.
1992 1793 2147 1842 inferno

317 1846 386 1884 vel
402 1845 577 1894 infernas
595 1847 697 1887 Lov.
739 1847 934 1896 Inferiore
951 1850 1057 1888 venit
1066 1849 1213 1899 fragor
1227 1862 1345 1889 auras
1369 1850 1435 1889 ille
1453 1862 1638 1901 supernas
1653 1849 1818 1888 Mazar.
1863 1847 1990 1888 rabies
2010 1847 2148 1886 audita

316 1899 439 1939 Med.
458 1911 543 1938 sec.
571 1900 745 1939 cavernis
764 1900 884 1941 Med.
906 1905 1009 1941 tert.
1053 1914 1227 1941 cavernae
1247 1903 1315 1942 ed.
1332 1903 1587 1943 Vicet.--26
1613 1903 1884 1951 constringunt
1905 1899 2058 1940 Ambr.
2079 1911 2146 1951 pr.

316 1952 470 1992 Sched.
492 1952 606 1992 Gud.
654 1957 890 2002 consurgunt
908 1954 1027 1995 Med.
1048 1960 1190 2007 quart.
1208 1956 1371 1994 Mazar.
1421 1956 1465 1995 in
1485 1955 1606 1996 Med.
1629 1961 1730 1995 tert.
1746 1955 1816 1994 hie
1837 1966 1985 1993 versus
2006 1953 2146 1993 deest.

315 2009 424 2044 —27
453 2006 679 2045 Bacchatur
696 2007 803 2057 Reg.
838 2006 979 2047 Oxou.
1013 2020 1078 2059 pr.
1111 2008 1268 2048 Petav.
1305 2020 1369 2060 pr.
1414 2013 1551 2059 opertu
1570 2009 1672 2048 Vat.
1706 2009 1842 2060 quint.
1885 2020 2004 2058 opaca
2023 2007 2144 2047 Rott.

316 2058 439 2098 Med.
461 2071 545 2098 sec.
573 2059 739 2100 Tholos.
759 2059 907 2098 Ambr.
935 2072 998 2112 pr.
1043 2065 1179 2113 operta
1199 2063 1267 2100 vel
1285 2074 1404 2113 opaca
1435 2063 1589 2102 Petav.
1616 2067 1719 2102 tert.
1758 2061 1879 2100 movit
1897 2062 2056 2100 Moret.
2077 2072 2144 2112 pr.

316 2115 424 2151 —28
454 2111 641 2151 Protinus
673 2116 710 2151 et
738 2113 916 2162 geminas
935 2114 1052 2154 Pric.
1100 2116 1255 2154 nutavit
1282 2116 1447 2155 Moret.
1482 2128 1547 2166 pr.
1581 2117 1684 2156 Lov.
1718 2114 1820 2155 Ald.
1853 2114 1921 2155 ed.
1951 2114 2147 2154 Plantin.

315 2164 472 2204 nutabit
491 2166 592 2204 Vat.
612 2178 677 2217 pr.
697 2165 832 2205 Oisel.
873 2167 1039 2206 mutabit
1059 2168 1161 2209 Jun.
1181 2180 1246 2220 pr.
1288 2170 1457 2209 mutavit
1478 2169 1577 2210 Vat.
1599 2174 1701 2210 tert.
1730 2170 1859 2208 Fam.
1881 2168 1998 2208 Prie.
2023 2166 2144 2208 Med.

317 2224 455 2269 quart.
488 2219 586 2258 Put.
622 2219 787 2259 Bonon.
822 2219 921 2260 Pat.
940 2222 1107 2262 Tholas.
1144 2222 1288 2262 Oxon.
1323 2235 1408 2263 sec.
1453 2222 1645 2272 Bosforus
1665 2223 1763 2262 Var.
1785 2223 1874 2262 LL.
1907 2222 1977 2261 ed.
2010 2219 2143 2262 Antv.

314 2271 427 2311 urbes
443 2272 542 2310 Put.
564 2273 716 2312 Petav.
735 2286 801 2325 pr.
831 2276 956 2314 undas
974 2275 1042 2314 vel
1061 2274 1174 2315 urbes
1189 2276 1296 2327 Reg.
1311 2275 1458 2316 Oxon.
1479 2280 1651 2328 pin-29
1673 2277 1885 2316 Occurrere
1904 2275 1999 2315 Pal.
2017 2275 2143 2314 Fam.

314 2324 416 2365 var.
439 2326 522 2365 LL.
543 2336 566 2364 e
587 2338 720 2377 marg.
752 2327 891 2366 Pan-m.
923 2325 1076 2376 fauces.
1107 2340 1205 2368 cum
1223 2328 1357 2382 τελείᾳ
1375 2332 1524 2383 στιγμῇ
1543 2330 1662 2370 Med.
1684 2342 1768 2370 sec.
1790 2329 1942 2369 Petav.
1964 2340 2030 2380 pr.
2072 2328 2144 2368 tel-

314 2377 398 2417 lure
433 2379 541 2428 Reg.
583 2379 715 2418 radice
738 2381 803 2418 vel
820 2381 956 2421 tellure
974 2381 1060 2421 duo
1079 2381 1331 2422 Oxou—30
1366 2384 1535 2424 Vincunt
1552 2384 1672 2423 Med.
1703 2387 1805 2423 tert.
1858 2394 1993 2422 rursus
2011 2382 2141 2422 Farn.

312 2441 469 2469 rursum
488 2432 678 2472 Florent.
701 2433 861 2472 Mazar.
883 2434 1030 2474 Ambr.
1050 2447 1116 2486 pr.
1144 2437 1243 2476 Vat.
1277 2437 1416 2477 Livin.
1448 2450 1585 2476 rursus
1605 2439 1674 2476 vel
1702 2449 1857 2477 rursum
1875 2437 1983 2488 Reg.
2031 2435 2144 2488 Sym-

308 2484 476 2534 plegade
513 2485 711 2525 Part—sl
741 2486 824 2525 haec
853 2486 1008 2539 Styg-tce
1043 2490 1143 2529 Vat.
1179 2501 1245 2540 pr.
1284 2490 1369 2530 duo
1405 2490 1556 2530 Ambr.
1589 2490 1688 2530 Vat.
1723 2490 1860 2530 Livin.
1907 2495 1947 2529 et
1984 2488 2143 2540 Stygiae

314 2535 399 2597 duo
427 2537 578 2578 Leidd.
606 2544 652 2578 et
684 2538 867 2583 maxima
885 2552 986 2592 pars
1007 2542 1141 2582 Codd.
1171 2543 1278 2583 Exc.
1311 2543 1440 2594 Laeti,
1469 2544 1645 2584 Gevart.
1678 2549 1725 2583 et
1757 2543 1942 2584 Lucens.
1974 2555 2037 2594 pr.
2072 2541 2142 2585 ed·

313 2590 457 2629 Vrcet.
493 2590 592 2630 Ald.
624 2591 728 2631 Var.
747 2592 831 2631 LL.
865 2604 889 2632 e
921 2606 1055 2646 marg.
1091 2600 1137 2635 et
1175 2595 1245 2635 ed.
1285 2594 1417 2636 Antv.
1447 2597 1531 2636 hoec
1560 2598 1628 2636 vel
1656 2600 1695 2636 et
1737 2598 1846 2648 Reg.
1885 2597 2001 2646 signa
2033 2596 2141 2635 Exc.

316 2642 455 2705 Laeti..
477 2643 556 2695 fila
575 2644 695 2684 Rott.
739 2643 877 2696 Stygii
898 2645 1060 2694 furores
1089 2648 1160 2687 vel
1192 2648 1348 2700 Stygiae
1378 2662 1528 2689 sorores
1556 2651 1782 2690 Pria—32
1811 2649 1889 2688 Sed
1906 2649 1981 2688 sibi
2012 2649 2140 2690 Fam.

313 2695 413 2736 Pat.
430 2709 518 2745 Jam
536 2697 642 2736 tradi
663 2698 785 2739 Rott.
804 2699 907 2739 Exc.
927 2699 1037 2740 Laeti
1057 2705 1103 2740 et
1129 2701 1315 2742 Lucens.
1336 2713 1403 2753 pr.
1431 2714 1524 2742 mox
1541 2703 1649 2743 tradi
1667 2702 1734 2744 ed.
1752 2701 1899 2744 Vicet.
1927 2702 2030 2742 Var.
2051 2701 2139 2747 LL.

1131 2841 1172 2882 N
1180 2841 1309 2883 0¹1·AE

366 2936 421 2973 26
447 2932 631 2985 Alterno]
662 2933 854 2986 Montes,
885 2934 929 2974 in
960 2946 1055 2975 sese
1085 2935 1191 2975 invi·
1256 2935 1909 2988 Constantinopolis,elegerint.
1966 2937 2050 2978 Hic
2071 2950 2139 2979 ce-

313 3008 406 3037 cem
425 2997 646 3048 cadentes,
675 2997 911 3051 confligunt
929 2999 1189 3052 alternatim,
1254 3000 1468 3041 lebratum
1502 3006 1571 3041 est
1599 3002 1612 3023 ‘
1635 3000 1873 3041 Concilium
1902 3001 2138 3043 Chalcedo-

312 3064 458 3101 mutuo
472 3060 545 3100 illo
563 3072 680 3101 casn.
1255 3062 1402 3105 nium-²

366 3126 420 3164 27
451 3122 711 3175 Chalcedona]
757 3123 920 3165 Urbem
957 3136 982 3165 e
1015 3124 1189 3177 regione
1309 3131 1362 3168 28
1393 3126 1587 3178 Nutavit]
1615 3127 1834 3179 Bosporus
1866 3126 1987 3179 quasi
2012 3125 2134 3166 dubi-

312 3185 718 3237 Constantinopous‚
772 3191 891 3226 trans
946 3187 1188 3239 Bosporum
1256 3191 1384 3241 tavit,
1405 3190 1474 3231 cui
1493 3202 1540 3230 se
1560 3190 1656 3230 urbi
1682 3189 1918 3241 addiceret,
1952 3202 2005 3229 an
2026 3190 2136 3230 Con·

309 3249 550 3290 Thracium.
606 3248 734 3289 Hanc
746 3249 1026 3301 Megarenses
1044 3250 1188 3290 condi·
1256 3252 1551 3304 stantinopoli,
1571 3265 1623 3292 an
1645 3252 1921 3292 chalcedoni.

311 3315 430 3366 dere,
461 3315 656 3368 caecique
685 3314 793 3355 dicti
824 3318 939 3366 sunt,
969 3313 1081 3366 quod
1102 3326 1188 3354 non
1307 3319 1360 3356 3⁰
1389 3314 1668 3368 Symplegada]
1691 3314 1795 3356 vid.
1823 3315 1897 3357 lib.
1931 3315 1986 3356 de
2017 3314 2129 3356 beno

310 3377 453 3430 potius
482 3377 728 3432 oppositum
759 3377 898 3430 littus,
934 3377 978 3418 in
1009 3389 1092 3431 quo
1122 3383 1188 3419 est
1253 3377 1412 3420 Getico
1429 3389 1489 3420 vs.
1507 3378 1549 3419 9.
