2300 3906
302 204 412 259 830

302 339 512 392 Laetior
534 338 659 390 hinc
686 337 842 388 Fano
867 333 1067 399 recipit
1095 331 1338 385 Fortuna
1362 337 1605 394 vetusto,

305 424 735 492 Despiciturque,
754 433 926 484 vagus
951 421 1235 483 praerupta
1258 416 1403 467 valle
1430 415 1739 479 MetaurUS,

305 506 438 571 Qua
459 521 614 558 mons
638 508 753 555 arte
777 510 972 570 patens
997 500 1128 553 vivo
1155 516 1214 551 se
1249 499 1498 567 perforat
1524 516 1678 563 aren,

302 589 655 657 Admisitque
679 589 828 640 viam
853 589 1022 638 sectae
1051 601 1154 652 per
1179 586 1394 637 viscera
1418 585 1590 652 rupiS‚

304 675 667 742 Exsuperans
695 672 920 723 delubra
945 671 982 723 J
987 671 1132 732 ovis,
1156 685 1407 736 saxoque
1433 670 1711 733 minantes

303 757 731 827 Apenninigenis
761 756 938 807 cultas
962 754 1284 823 pastoribus
1313 768 1455 804 aras.

304 841 451 905 Quin
474 845 526 893 et
551 840 816 910 Clitumni
842 855 1028 892 sacras
1052 839 1353 891 victoribus
1380 835 1575 900 undaS,

851 218 965 257 GL..
985 213 1339 255 CLAUDIANI
1382 212 1620 253 XXVIII·

2020 330 2127 383 500

2016 749 2126 804 505

301 993 449 1043 excipit
469 992 708 1031 Honor-ium
727 992 770 1030 in
789 992 929 1043 templo
946 992 1120 1043 antiquo,
1138 990 1176 1032 e't
1207 991 1418 1032 Metaurus
1437 990 1673 1030 errabundus
1693 1002 1747 1030 ex
1773 989 1861 1029 alto
1877 988 2070 1039 aspicitur
2087 987 2131 1027 in

301 1047 398 1085 valle
415 1058 571 1093 saxosa,
600 1046 643 1084 in
675 1058 749 1096 qua
783 1057 888 1084 mons
919 1046 1077 1096 pervius
1111 1046 1305 1085 industria
1325 1045 1539 1084 hominum
1561 1043 1691 1094 aperit
1709 1056 1788 1083 sese
1808 1043 1965 1091 fornice
1984 1041 2134 1091 nativo,

300 1103 339 1137 et
356 1099 495 1148 pandit
514 1098 591 1136 iter
605 1111 674 1149 per
697 1098 919 1149 penetralia
937 1099 1062 1138 cautis
1080 1099 1223 1148 scissoe,
1250 1099 1422 1138 eminens
1438 1109 1566 1149 supra
1586 1098 1769 1148 templum
1786 1097 1914 1144 Jovis,
1943 1100 1982 1134 et
2003 1107 2131 1146 supra

300 1152 447 1190 altaria
464 1152 631 1191 minacia
650 1153 690 1190 in
723 1164 833 1203 rupe,
860 1154 1023 1191 adorata
1056 1165 1080 1191 a
1114 1152 1335 1203 pastoribus
1354 1151 1564 1203 Apennini.
1623 1151 1731 1196 Quin
1761 1151 1879 1189 etiam
1910 1161 2019 1188 amor
2043 1148 2133 1196 fuit

300 1205 463 1245 invisere
496 1218 614 1256 aquas
635 1205 826 1245 Clitumni
855 1210 1028 1245 sacratas
1053 1206 1415 1258 triumphatoribus,
1450 1217 1537 1256 quoe
1566 1215 1686 1256 aquae
1717 1203 1967 1254 suppeditant
2001 1206 2134 1242 tauros

1074 1354 1244 1369 “Iste'‘
1251 1353 1373 1368 “O“

302 1445 437 1485 Antv.
471 1450 600 1486 retuso
620 1448 687 1487 vel
715 1447 844 1496 refuso
864 1447 1135 1487 Oisel.—499
1166 1447 1318 1485 Oceano
1351 1446 1453 1487 Jun.
1487 1448 1685 1496 pru-500
1713 1444 1871 1484 Lectior
1891 1443 2011 1484 Med.
2031 1447 2134 1485 tert.

302 1499 363 1538 hic
380 1500 474 1539 Pal.
497 1501 683 1540 Floreat.
706 1501 826 1540 Med.
844 1513 908 1551 pr.
925 1501 1025 1539 hunc
1041 1501 1142 1539 Vat.
1163 1511 1246 1538 sec.
1262 1500 1346 1538 duo
1363 1498 1481 1537 Med.
1503 1499 1663 1537 Moret.
1680 1508 1745 1548 pr.
1763 1497 1828 1535 hic
1848 1497 1913 1535 vel
1933 1497 1976 1536 in
1991 1498 2134 1538 Oxon.

303 1564 369 1602 pr.
390 1553 500 1591 hamo
515 1565 592 1602 pro
613 1554 724 1592 Fano
742 1553 771 1593 J
777 1566 844 1593 un.
860 1565 924 1603 pr.
945 1554 1122 1592 Fortuna
1140 1555 1289 1590 vetusto
1308 1553 1416 1590 Exc.
1437 1550 1619 1596 schotti,
1650 1550 1692 1588 in
1714 1549 1868 1600 quibus
1887 1549 2133 1590 'Gronovius

303 1605 558 1654 ascripserat
576 1607 716 1644 locum
736 1606 851 1644 Plin.
873 1604 969 1644 Lib.
991 1616 1061 1644 ιιι.
1089 1605 1195 1654 Cap.
1218 1614 1325 1643 xnv.
1356 1607 1515 1642 venusto
1533 1603 1601 1642 vel
1621 1606 1772 1642 vetusto
1800 1602 1897 1643 Pal.
1924 1602 2044 1643 Med.
2064 1615 2132 1654 pr.

302 1661 433 1696 ——501
467 1658 753 1708 Deseritur-que
771 1658 921 1698 Ambr.
942 1670 1007 1708 pr.
1029 1657 1183 1696 Sched.
1217 1656 1331 1695 Gud.
1353 1656 1639 1707 Decipitur-que
1657 1667 1799 1705 vagum
1817 1668 1880 1706 pr.
1909 1655 1954 1695 V.
1975 1657 2134 1696 Metau-

300 1722 387 1748 rum
409 1710 488 1749 inc.
510 1711 658 1750 Heius.
673 1724 771 1761 vago
791 1712 887 1750 Pal.
904 1714 1177 1762 praeruptaque
1196 1709 1293 1748 Pal.
1315 1709 1434 1748 Med.
1455 1721 1523 1761 pr.
1555 1721 1697 1758 vagum
1726 1710 1954 1747 Metaurum
1983 1709 2134 1750 Petav.

302 1775 390 1801 sec.
420 1763 591 1803 Tholos.
620 1765 721 1803 Var.
751 1765 837 1803 LL.
870 1776 894 1802 e
921 1776 1056 1814 marg.
1077 1764 1360 1802 Parm.—-502
1389 1775 1478 1802 arce
1494 1767 1632 1814 patens
1650 1763 1751 1802 Vat.
1786 1773 1871 1801 sec·
1892 1763 1986 1802 Pal.
2006 1763 2134 1802 Farn.

302 1816 437 1855 Oisel.
468 1817 633 1857 Bonon.
669 1817 751 1856 duo
774 1817 920 1858 Ambr.
952 1817 1057 1856 Exc.
1080 1817 1260 1857 Gevart.
1300 1816 1368 1856 ed.
1403 1816 1544 1856 Vicet.
1578 1821 1623 1855 et
1644 1815 1789 1855 Parin.
1818 1818 1950 1865 petens
1982 1816 2134 1857 Petav.

302 1881 388 1909 sec.
420 1882 495 1909 uno
516 1882 592 1921 pro
612 1871 697 1909 vivo
715 1872 818 1911 ,Jun.
839 1883 904 1922 pr.
933 1870 1046 1910 unde
1061 1881 1158 1910 unco
1189 1868 1379 1909 faciebat
1399 1870 1552 1909 Heius.
1577 1867 1753 1921 perforet
1781 1868 1925 1908 Oxou.
1955 1881 2020 1920 pr.
2046 1882 2136 1921 per-

291 1922 407 1970 forat
426 1936 517 1962 arcu
533 1925 638 1964 Exc.
658 1924 843 1973 Schotti,
864 1924 908 1963 in
928 1925 1083 1976 quibus
1099 1923 1342 1963 Gronovius
1363 1923 1624 1975 ascripserat
1655 1923 1797 1963 locum
1823 1922 1950 1962 Statii
1983 1922 2081 1963 Lib.
2103 1934 2135 1963 1.

301 1974 531 2016 Achilleid.
555 1990 614 2016 vs.
635 1980 726 2016 106.
768 1978 780 1999 ‘
802 1978 950 2016 domus
973 1978 1105 2016 ardua
1135 1982 1325 2017 montem
1344 1975 1549 2016 Perforat
1582 1981 1628 2016 et
1656 1976 1784 2027 longo
1806 1975 2032 2027 suspendit
2053 1977 2136 2016 Pe·

301 2029 389 2068 lion
409 2028 546 2068 arcu.’
588 2031 837 2081 Admisitque
857 2043 1000 2070 omnes
1027 2032 1150 2070 Vatt.
1169 2030 1265 2070 Pal.
1289 2031 1412 2070 Farn.
1432 2030 1550 2069 Pric.
1569 2030 1687 2069 Rott.
1709 2029 1842 2070 Oisel.
1867 2029 2136 2081 Admittitque

303 2082 452 2121 Petav.
474 2095 538 2133 pr.
558 2095 612 2122 m.
632 2095 717 2122 sec.
738 2085 896 2123 Moret.
914 2097 975 2135 pr.
997 2084 1128 2123 Gesn.
1160 2089 1206 2122 et
1237 2083 1304 2123 ed.
1338 2083 1514 2134 Bipont.
1548 2082 1770 2134 Amisitque
1798 2095 1906 2122 suam
1927 2081 2034 2123 'Jun.
2067 2095 2134 2134 pr.

301 2135 406 2174 diem
422 2136 520 2175 Vat.
537 2148 624 2175 sec.
644 2137 727 2175 vias
744 2137 1040 2176 'rimam—504
1063 2137 1287 2187 Exsuperas
1302 2136 1444 2176 Oxon.
1463 2147 1526 2188 pr.
1542 2136 1728 2175 micantes
1747 2136 1850 2179 Vat,
1874 2135 2011 2187 quint.
2030 2136 2134 2177 Put.

303 2189 407 2227 Lov.
428 2193 557 2240 atque
577 2190 636 2228 ita
656 2189 841 2229 malebat
858 2189 1010 2229 Heins.
1029 2189 1200 2229 minaces
1215 2189 1328 2229 Prie.
1349 2188 1469 2228 Med.
1499 2195 1642 2241 quart.
1668 2188 1972 2228 Tholos.·-505
2002 2188 2134 2240 Apen-

301 2241 501 2291 ninigenis
517 2243 622 2282 Exc.
637 2244 817 2283 Lucens.
838 2255 902 2293 pr.
916 2242 1226 2294 Apenninigeris
1245 2242 1330 2281 duo
1347 2242 1499 2282 Petav.
1519 2243 1687 2281 Bonon.
1707 2243 1881 2288 Tholos.
1903 2241 2051 2281 Ambr.
2067 2255 2133 2293 pr.

303 2294 374 2333 ed.
390 2295 532 2334 vicet.
552 2308 658 2335 arces
677 2297 776 2336 Vat.
802 2308 887 2337 sec.
907 2298 1064 2335 Moret.
1096 2308 1180 2336 sec.
1199 2295 1300 2334 Var.
1329 2296 1415 2335 LL.
1433 2307 1458 2334 e
1477 2307 1612 2345 marg.
1639 2294 1788 2334 Parm.
1806 2296 1889 2334 alas
1907 2296 2013 2346 Reg.
2032 2296 2134 2337 Var.

303 2347 391 2388 LL.
412 2348 479 2387 ed.
497 2348 629 2390 AntV.
649 2352 773 2389 undas
790 2350 896 2390 Lov.
926 2361 1017 2389 aras
1032 2349 1100 2388 vel
1127 2350 1212 2388 alas
1231 2349 1298 2388 vel
1316 2361 1424 2388 arces
1452 2347 1593 2388 Oxon.
1613 2351 1813 2400 pr.—506
1844 2347 1925 2394 Qui
1942 2361 2012 2389 nec
2029 2349 2136 2392 Var.

1137 2503 1313 2544 NOTAE

304 2607 414 2647 Padi
433 2612 601 2659 aestuat,
628 2612 673 2648 et
689 2614 787 2660 post
804 2609 1023 2663 relinquit,
1043 2615 1087 2650 et
1107 2623 1185 2650 nu-

304 2669 381 2709 dat
412 2670 502 2722 ejus
537 2671 664 2723 ripas,
696 2684 789 2724 quae
821 2672 948 2712 modo
970 2678 1184 2712 tumentes

302 2731 453 2785 fluctu,
472 2734 691 2774 imitantur
712 2747 910 2776 accessus
926 2741 972 2775 et
989 2747 1184 2776 recessus

304 2796 474 2837 lunares
495 2798 638 2837 maris.

357 2864 436 2899 500
455 2861 562 2900 Fano
578 2861 772 2912 Fortuna]
786 2862 948 2901 Fanum
963 2862 1183 2913 Fortunae,

303 2922 510 2972 oppidum
530 2936 614 2962 non
629 2925 755 2975 longe
769 2925 821 2964 ab
838 2925 946 2965 urbe
962 2926 1182 2966 Ravenna.

303 2983 443 3035 Hujus
469 2985 581 3024 urbis
600 2987 794 3036 meminit
812 2986 1013 3028 Aurelius
1033 2988 1186 3028 Victor

303 3045 350 3085 in
369 3044 617 3098 Aureliano,
654 3049 727 3099 qui
759 3048 866 3088 vicit
892 3049 904 3070 ⁴
932 3050 1065 3100 juxta
1099 3063 1184 3093 am,-

302 3120 401 3149 nem
414 3109 673 3159 Metaurum,
689 3121 738 3149 ac
759 3112 921 3151 Fanum
942 3114 1144 3153 Fortunae
1157 3113 1187 3154 :'

302 3172 402 3212 hinc
422 3172 622 3212 Vitruvio
652 3173 810 3214 dicitur
838 3175 850 3197 ‘
873 3176 1051 3216 Colonia
1069 3178 1186 3219 Julia

304 3234 551 3275 Fanestris.'

357 3302 435 3339 501
477 3298 728 3350 Despicitur]
773 3300 839 3339 Ex
886 3300 1040 3342 altiore
1088 3304 1183 3343 loco

303 3365 545 3415 spectatur.

357 3427 567 3478 Proerupta
585 3427 701 3479 valle]
721 3414 847 3468 valle
863 3429 977 3469 saxis
991 3404 1182 3481 praerup-

1253 2611 1308 2651 tis
1330 2617 1376 2652 et
1392 2612 1630 2653 minacibus
1651 2616 1855 2653 scatente.

1306 2676 1532 2727 Metaurus]
1576 2675 1751 2717 Fluvius
1780 2674 1972 2715 Umbriae
2010 2687 2057 2715 se
2089 2675 2134 2715 in

1251 2738 1387 2778 sinum
1407 2738 1674 2783 Adriaticum
1694 2750 1948 2789 exonerans,
1974 2737 2133 2778 Asdru-

1252 2801 1359 2841 balis
1386 2802 1509 2843 clade
1543 2801 1712 2842 nobilis.
1782 2801 1898 2841 Hinc
1934 2800 2132 2844 Sidonius

1251 2863 1542 2915 Apollinaris:
1590 2864 1602 2886 ‘
1638 2864 1866 2916 Improbus
1901 2869 1949 2904 ut
1981 2863 2133 2903 rubeat

1251 2927 1467 2967 Barchina
1485 2928 1605 2968 caede
1624 2926 1881 2967 Metaurus!

1305 2994 1385 3030 502
1413 2990 1549 3041 Inous]
1568 2989 1758 3041 Apertus
1774 2993 1840 3028 est
1855 3000 1957 3027 arcu
1973 2987 2132 3039 partim

1250 3052 1413 3103 nativo,
1442 3052 1598 3103 partim
1615 3055 1708 3090 arte
1727 3050 1861 3101 facto,
1894 3050 2041 3102 sicque
2062 3063 2130 3091 ars

1253 3120 1297 3154 et
1315 3120 1466 3154 natura
1484 3113 1610 3153 simul
1629 3112 1871 3163 conjunctae
1893 3118 2005 3152 sunt.

1303 3180 1384 3217 506
1415 3176 1624 3227 Clitumni]
1651 3175 1736 3215 Hic
1748 3174 1903 3215 fluvius
1917 3176 2132 3217 Mevaniae

1251 3240 1295 3280 in
1325 3239 1518 3290 Umbria,
1557 3238 1678 3290 cujus
1717 3237 1835 3278 fluvii
1870 3251 1982 3290 aqua
2028 3246 2134 3291 pota

1252 3303 1455 3344 candidos
1493 3303 1625 3343 boves
1663 3303 1846 3342 reddere
1892 3302 2134 3354 dicebatur,

1250 3354 1348 3406 ideo
1367 3366 1528 3406 dilecta
1548 3364 1926 3417 triumphantibus,
1945 3365 2019 3418 qui
2039 3371 2132 3406 tau-

1251 3440 1319 3468 ros
1353 3433 1399 3468 et
1418 3440 1549 3481 equos
1569 3428 1688 3469 albos
1708 3420 1942 3480 eligebant,
1973 3429 2047 3469 hos
2073 3428 2129 3469 ad
