2300 3906
299 201 410 256 716
850 216 945 256 οι.
985 213 1338 254 annnrANt
1378 213 1564 254 xxvr.

304 333 366 386 Si
386 333 474 386 fas
500 340 606 399 est,
633 335 919 387 tremuisse
942 333 1141 396 ferunt,
1166 349 1293 385 cum
1315 334 1544 387 brachia
1569 339 1784 387 centum

304 417 590 471 Montibus
615 422 850 470 armaret
875 416 1122 480 totidem,
1150 418 1465 486 spiramque
1487 424 1810 488 retorquens

305 502 599 555 Lamberet
624 503 892 554 attonitas
917 502 1111 553 erectis
1138 502 1411 567 anguibus
1434 501 1653 555 Arctos,

306 585 462 651 Quid
485 588 697 650 mirum,
727 587 776 638 si
800 602 971 653 regna
994 586 1152 638 labor
1176 585 1438 637 mortalia
1459 587 1670 638 vexat?

303 669 446 723 Cum
472 672 665 737 gemini
693 671 908 734 fratreS,
936 672 1121 737 genuit
1145 687 1283 738 quos
1307 687 1472 739 asper
1497 668 1730 734 Aloeus,

305 754 542 807 Martem
565 755 904 808 subdiderint
930 755 1148 818 vinclis,
1177 761 1235 807 et
1258 756 1315 806 in
1342 761 1490 807 astra
1514 761 1746 823 negatas

304 838 593 892 Tentarint
614 840 823 891 munire
847 840 990 903 viaS,
1018 840 1340 908 steteritque
1364 841 1604 892 revulsis

2052 419 2130 472 65

2057 840 2131 893 70

301 1016 456 1066 muisse,
475 1017 640 1068 Typhoeo
658 1019 881 1065 lacessente,
899 1029 986 1056 cum
1005 1018 1179 1057 vibraret
1197 1023 1346 1058 montes
1363 1022 1529 1068 eentum,
1548 1019 1726 1068 manibus
1742 1020 1922 1069 totidem,
1941 1021 1980 1060 et
1997 1017 2132 1070 reflec-

302 1074 388 1108 tens
403 1074 553 1109 tractus
569 1074 789 1122 serpentum
808 1083 978 1110 suorum
996 1084 1087 1111 sese
1108 1073 1356 1123 erigentium,
1368 1076 1548 1123 tangeret
1566 1074 1688 1113 Ursas
1698 1073 1995 1125 obstupefactos.
2025 1073 2132 1118 Quia

302 1122 530 1162 admirabile
558 1129 640 1174 est,
668 1125 702 1162 si
721 1124 935 1163 adversitas
955 1125 1087 1164 turbat
1123 1125 1288 1177 imperia
1307 1125 1506 1167 humana?
1546 1139 1632 1166 cum
1659 1126 1815 1176 fratres
1843 1127 2013 1177 gemelli,
2041 1138 2134 1176 quos

305 1176 441 1216 Aloeus
447 1175 570 1225 ferox
585 1178 806 1228 generavit,
821 1179 1065 1217 oneraverint
1082 1180 1258 1219 Martem
1268 1180 1429 1228 catenis,
1450 1184 1488 1219 et
1506 1180 1637 1220 conati
1651 1180 1732 1219 sint
1748 1180 1830 1231 ipsi
1845 1180 2042 1220 obstruere
2055 1179 2134 1218 iter

305 1230 559 1270 interclusum
572 1232 623 1270 ad
637 1232 801 1280 coelum‚·
829 1236 868 1271 et
887 1233 1002 1285 moles
1021 1233 1175 1273 Mundi
1198 1232 1290 1282 fere
1323 1233 1542 1274 constiterit
1556 1246 1693 1286 pugna
1723 1235 1868 1275 coelesti
1884 1234 2136 1286 Gigantum,

1069 1364 1366 1381 eoaeaeeeeneaeo

307 1459 447 1498 misse
465 1460 573 1512 Reg.
592 1460 756 1501 Thuan.
776 1461 896 1501 Leid.
925 1473 989 1513 pr.
1013 1461 1158 1502 Oxou.
1187 1473 1254 1512 pr.
1288 1459 1441 1500 Ambr.
1478 1471 1565 1500 sec.
1584 1464 1672 1499 vet.
1692 1459 1799 1510 Gyr.
1821 1459 1929 1499 Exc.
1950 1459 2134 1501 Lucens.

308 1524 372 1563 pr.
399 1514 576 1553 timuisse
595 1521 778 1566 quatuor
796 1516 916 1555 Vatt.
940 1515 1031 1555 Pal.
1049 1516 1177 1554 Farn.
1200 1514 1318 1553 Prie.
1339 1514 1458 1553 Rott.
1476 1513 1719 1553 OiseL-—65
1749 1516 1898 1551 erraret
1917 1514 2014 1553 Pat.
2057 1513 2118 1565 spi

305 1577 445 1616 rusque
464 1567 548 1605 duo
563 1569 684 1607 Vatt.
700 1569 918 1619 spiramque
936 1569 1019 1607 duo
1034 1568 1184 1607 Leidd.
1202 1579 1299 1606 cnm
1321 1567 1472 1618 viginti
1493 1567 1605 1616 aliis,
1626 1567 1732 1605 Exc.
1753 1566 1931 1605 Gevart.
1955 1567 2137 1607 Lucens.

308 1630 375 1669 pr.
400 1620 496 1659 Ald.
520 1621 617 1660 Var.
638 1622 722 1660 LL.
742 1633 765 1659 e
786 1634 919 1671 marg.
940 1622 1084 1659 Parm.
1112 1625 1158 1660 et
1177 1619 1245 1659 ed.
1268 1619 1397 1658 Antv.
1416 1621 1635 1670 spiramque
1649 1620 1717 1658 vel
1735 1619 2000 1670 sphaeramque
2021 1619 2138 1661 Prie.

306 1675 414 1710 —66
432 1673 595 1712 Ambiat
611 1674 730 1713 Med.
744 1686 828 1713 sec.
847 1674 991 1724 ereptis
1005 1676 1102 1713 Put.
1112 1673 1299 1722 saucibus
1312 1673 1381 1712 vel
1398 1673 1591 1722 anguibus
1610 1672 1730 1712 Med.
1751 1675 1998 1724 quarte-68
2016 1671 2140 1713 Aleus

307 1723 413 1763 Lov.
434 1726 589 1765 Moret.
621 1739 706 1766 sec.
736 1728 838 1766 Var.
860 1728 942 1767 LL.
963 1727 1031 1766 ed.
1053 1725 1181 1766 Antv.
1200 1727 1322 1766 Alvus
1339 1727 1499 1766 Moret.
1522 1728 1694 1778 [ηπ-69
1722 1727 1897 1765 Matrem
1914 1725 2009 1766 Pal.
2029 1727 2139 1770 Exc,

310 1777 434 1817 Laeti.
463 1778 696 1819 subsiderint
714 1781 816 1820 Var.
837 1781 926 1820 LL.
954 1781 1021 1819 ed.
1040 1780 1177 1820 Antv.
1209 1779 1252 1819 in
1272 1783 1387 1819 antra
1407 1778 1549 1820 Oxon.
1570 1782 1746 1831 pr.-7o
1778 1779 1994 1820 Tentarunt
2011 1780 2139 1822 Fam.

307 1829 410 1870 Pnt.
443 1832 512 1872 ed.
547 1833 689 1874 Parm.
717 1839 763 1874 et
794 1834 938 1874 vicet..
971 1834 1156 1874 Tentavit
1175 1833 1338 1874 Mazar.
1370 1833 1579 1873 Tentarint
1598 1833 1704 1874 Exc.
1731 1833 1912 1873 Lucens.
1940 1845 2006 1885 pr.
2035 1835 2140 1875 Var-

308 1882 397 1925 LL.
427 1897 451 1925 e
470 1898 602 1938 marg.
624 1887 767 1928 Parm.
796 1892 946 1927 mutare
964 1888 991 1930 J
998 1900 1064 1928 un.
1087 1900 1154 1941 pr.
1182 1887 1286 1927 Vat.
1321 1891 1421 1928 tert.
1454 1900 1507 1927 m.
1528 1899 1590 1939 pr.
1618 1887 1769 1927 munire
1789 1887 1856 1927 vel
1873 1886 2003 1927 venire
2028 1887 2137 1928 Exc.

1135 2037 1309 2077 NOTAE

309 2148 406 2201 bus,
433 2150 503 2203 qui
523 2150 681 2192 bellum
701 2153 846 2194 intulit
861 2154 978 2206 Jovi,
1005 2155 1078 2208 qui
1094 2169 1188 2207 reg·
1250 2156 1391 2208 jorem
1411 2156 1580 2196 seilicet
1600 2161 1644 2195 et
1664 2155 1870 2195 minorem
1888 2155 2061 2206 Ursam,
2088 2152 2142 2194 de

308 2209 413 2262 nare
432 2227 516 2254 non
538 2217 680 2267 potuit
709 2218 789 2258 nisi
822 2219 904 2259 illis
939 2219 1189 2272 profligatis.

308 2277 531 2318 Lucanus:
563 2281 574 2301 ‘
596 2293 837 2333 magnoque
859 2289 1021 2323 aeterna
1039 2297 1191 2336 paran-

309 2344 382 2378 tur
402 2341 553 2391 Regna
571 2343 696 2392 Deis,
727 2346 975 2397 Coelumque
997 2359 1073 2386 suo
1104 2360 1192 2387 ser-

308 2401 400 2440 vire
419 2403 607 2442 Tonanti
626 2406 802 2446 Nonnisi
820 2420 1027 2447 servorum
1054 2410 1194 2461 potuit

308 2469 407 2516 post
425 2464 541 2504 bella
567 2467 818 2518 gigantum!

363 2530 415 2566 64
443 2527 570 2577 Sisas
585 2530 660 2580 est]
690 2531 733 2569 si
755 2532 816 2570 ita
836 2533 951 2585 loqui
980 2533 1122 2586 decet,
1142 2546 1195 2573 ne

309 2600 378 2629 res
402 2591 605 2632 humanas
626 2605 721 2633 eum
754 2595 907 2635 divinis
937 2608 1194 2649 componere

310 2652 548 2706 impietatis
568 2669 661 2696 esse
683 2658 893 2700 videatur.

372 2716 544 2756 Brachia
561 2719 731 2771 centum]
762 2721 846 2760 Hic
874 2734 1042 2775 quoque
1074 2723 1195 2776 fingi·

314 2782 386 2818 tur
406 2780 699 2833 Censtmanus,
717 2790 764 2822 ut
782 2784 1000 2835 Briareus,
1019 2792 1063 2826 et
1078 2788 1194 2839 apud

314 2842 591 2896 Horatinmff
614 2847 892 2888 Centimanus
912 2849 1086 2901 Gygas‚’
1125 2852 1195 2891 vel

313 2906 328 2928 ⁶
349 2905 522 2957 Gyges:

367 2971 419 3007 65
461 2969 711 3024 Spiramque]
763 2974 891 3025 Spira
924 2982 994 3016 ‘est
1036 2982 1196 3018 tractus

312 3027 396 3069 ille·
414 3042 490 3069 seu
510 3034 707 3074 volumen
736 3036 967 3089 sinuosum,
995 3052 1078 3091 quo
1110 3053 1197 3080 ser-

314 3103 424 3143 pens
456 3093 673 3144 graditur3
702 3097 914 3148 Gigantes
944 3110 1087 3141 antem
1112 3105 1198 3154 bpa-

315 3154 562 3207 ιοντόποδες,
585 3159 836 3210 anguipeaes,
873 3174 967 3202 esse
1001 3165 1197 3206 diceban-

318 3222 414 3269 tur3
435 3219 549 3272 quod
569 3221 751 3271 obliquis
777 3229 823 3261 et
842 3228 1042 3266 tortuosis
1061 3229 1196 3268 modis

317 3281 459 3323 omnia
496 3292 688 3334 agerent,
714 3295 1048 3342 serpentumque
1078 3292 1197 3332 mali-

314 3344 426 3385 -tiam
446 3351 576 3398 atque
590 3347 891 3389 crudelitatem
914 3353 1199 3396 imitarentur.

374 3410 430 3449 ⁶6
473 3408 635 3461 Arctos]
681 3409 812 3466 Signa
851 3415 1059 3466 coelestia,
1111 3428 1197 3457 ma·

1259 2221 1411 2274 quibus
1431 2233 1562 2272 supra
1580 2219 1715 2259 fusius
1735 2220 1909 2271 egimus.

1312 2289 1365 2324 68
1393 2283 1557 2334 Aloeus]
1588 2283 1710 2323 Aluit
1731 2283 1862 2323 Otum
1895 2288 1941 2323 et
1969 2282 2142 2334 Ephial-

1261 2351 1336 2387 ten
1379 2359 1432 2386 ex
1465 2346 1649 2398 conjuge
1687 2347 1945 2399 Iphimedia,
1983 2360 2080 2399 quae
2117 2359 2143 2386 a.

1263 2411 1471 2462 Neptuno
1508 2410 1667 2450 violata
1701 2412 1873 2462 peperit
1903 2412 1979 2450 hos
2016 2410 2144 2462 filios,

1262 2473 1334 2524 qui
1354 2485 1506 2512 novem
1538 2473 1682 2523 digitis
1715 2486 1968 2526 unoquoque-
2000 2485 2146 2514 mense

1262 2542 1525 2586 crescentes,
1554 2537 1621 2575 vel
1655 2548 1731 2587 per
1751 2548 1902 2575 novem
1924 2548 2054 2576 annos
2074 2548 2147 2578 no·

1263 2609 1358 2637 vem
1390 2598 1631 2638 cubitorum
1666 2606 1741 2638 aut
1766 2599 1961 2638 ulnarum
1979 2611 2146 2638 mensu-

1263 2674 1352 2700 ram
1375 2662 1621 2713 implentes,
1652 2668 1918 2713 portentosae.
1956 2663 2147 2713 proceri-

1264 2725 1364 2764 tatis
1380 2730 1529 2775 erant3
1549 2726 1646 2765 hinc
1666 2726 1719 2765 ab
1740 2725 1931 2765 Homero
1948 2726 2148 2766 dicuntur

1263 2788 1520 2839 ἐννεαπήχεες
1549 2795 1595 2830 et
1624 2788 1865 2843 ἐννεόργυιοι·
1905 2802 2000 2830 nam
2037 2788 2147 2831 ἐννέα

1262 2866 1415 2893 novem:
1444 2855 1573 2904 πῆχυς
1588 2855 1764 2895 cubitus.-
1790 2853 1927 2907 ὀργυιὰ
1943 2856 2047 2895 ulna.
2089 2855 2150 2895 Hi

1266 2924 1388 2957 tanto
1416 2918 1568 2957 robore
1589 2917 1755 2959 feroces
1787 2919 1945 2958 bellum
1971 2918 2067 2958 Diis
2085 2918 2149 2958 in-

1266 2982 1473 3031 tulerunt,
1501 2981 1690 3020 Martem
1705 2987 1939 3032 ceperunt3
1973 2981 2049 3021 sed
2062 2981 2148 3033 ipsi

1266 3056 1363 3083 mox
1399 3044 1634 3094 perierunt.
1680 3045 1811 3095 Asper
1827 3044 1971 3084 Aloeus
2003 3050 2146 3084 autem

1265 3106 1437 3156 dicitur,
1486 3107 1582 3158 quia
1620 3119 1672 3145 ex
1702 3108 1902 3155 Lucan03
1940 3107 1953 3129 ‘
1984 3106 2148 3160 Impius

1261 3169 1361 3208 hinc
1381 3169 1542 3220 prolem
1563 3169 1729 3220 superis
1749 3169 1922 3209 immisit
1936 3169 2124 3212 Aloeus:

1317 3237 1370 3273 ⁷0
1398 3232 1586 3283 Steterit]
1611 3233 1832 3282 ‘Machina
1869 3233 1991 3283 Coeli,
2020 3234 2151 3274 inter-

1267 3301 1394 3349 rupto
1414 3297 1487 3336 illo
1512 3301 1725 3349 perpetuo
1745 3302 1877 3346 motu,
1903 3296 2084 3337 vibratis
2105 3297 2148 3337 in

1268 3359 1431 3401 Coelnm
1452 3359 1590 3400 tribus
1607 3359 1821 3400 montibus
1842 3359 2019 3400 saxosis.
