2300 3906
327 204 444 258 900*
843 217 940 256 οι.
981 212 1334 254 cLAumAm
1375 211 1625 254 xxxin.

327 333 535 387 Crinali
557 334 756 387 florens
779 330 997 391 hedera,
1024 344 1187 396 quem
1211 329 1476 412 Parthica
1500 330 1650 382 velat

324 416 531 486 Tigris,
558 422 611 469 et
636 419 859 467 auratos
884 413 942 465 in
965 413 1175 464 nodum
1201 413 1417 480 colligit
1439 430 1679 481 ungues:

325 500 495 556 Ebria
521 499 800 551 Maeonius
825 495 1004 548 firmat
1024 497 1261 563 vestigia
1283 497 1525 565 thyrsus.

396 584 492 646 Di,
520 583 720 650 quibus
744 582 1090 633 innumerum
1115 581 1283 634 vacui
1310 581 1646 633 famulantur
1670 578 1880 633 Averni
2084 580 2157 633 20

326 730 593 785 progreditur,
621 730 741 781 cujus
759 728 888 769 crines
903 735 1160 771 coronantur
1186 731 1326 770 hedera
1335 730 1516 783 florenti,
1545 729 1618 782 qui
1650 729 1825 779 cingitur
1856 728 1967 780 pelle
1999 727 2162 778 tigridis

324 785 543 834 Parthica,
569 783 745 822 habentis
761 794 913 832 ungues
928 783 1142 834 inauratos,
1170 787 1210 823 et
1227 784 1404 823 collectos
1416 783 1459 823 in
1478 784 1642 829 nodum;
1672 783 1742 835 qui
1761 782 1946 834 denique
1962 781 2158 820 Bacchus

321 839 489 879 sustinet
520 837 635 876 hasta
667 836 842 875 Maeonia
868 837 988 887 pedes
1013 836 1244 886 titubantes,
1273 838 1373 889 quia
1406 842 1474 876 est
1508 836 1654 875 ebrius.
1711 835 1751 887 Ο
1775 836 1866 886 Dii,
1893 835 2031 886 quibus
2057 837 2160 873 certo

324 892 460 931 ordine
487 891 665 930 obediunt
698 889 844 928 umbrae
866 890 1088 939 Inferorum
1106 890 1298 942 inanium,
1329 901 1423 943 qum
1455 895 1555 929 sunt
1590 887 1796 928 multitudo
1826 889 1965 939 pigra,
2000 899 2161 938 quorum

1062 1003 1356 1020 OOOOOOOOOOO

322 1099 400 1139 pro
417 1086 586 1127 Jacchus
601 1087 725 1128 Voss.
747 1090 917 1139 piu-17
948 1088 1111 1130 Persica
1128 1088 1297 1129 Bonan.
1317 1091 1422 1130 velat
1443 1089 1579 1140 Tigris
1590 1089 1691 1130 Var.
1712 1087 1800 1129 LL.
1820 1099 1843 1128 e
1863 1099 1996 1138 marg.
2010 1086 2158 1127 Parm.

320 1140 443 1191 tigria
462 1140 575 1181 Velut
594 1139 746 1180 Ambr.
769 1146 871 1181 tert.
891 1141 1000 1182 Cod.
1021 1142 1262 1183 Bartholin.
1279 1142 1347 1184 ed.
1371 1143 1518 1182 Parm.
1545 1147 1592 1183 et
1617 1141 1758 1182 Vicet.
1778 1141 1906 1233 ‘⁹3³⁸
1927 1141 2039 1181 Velut
2057 1138 2159 1181 Jun.

322 1205 386 1243 pr.
406 1194 595 1234 chartac.
618 1194 881 1234 Heins.—-18
910 1195 952 1234 in
972 1195 1090 1234 nodos
1105 1195 1262 1237 Petav.
1277 1208 1363 1236 sec.
1385 1208 1535 1248 angues
1549 1207 1627 1248 pro
1655 1207 1804 1245 ungues
1863 1194 1917 1233 al.
1939 1192 2021 1232 duo
2037 1191 2160 1233 Med.

322 1245 473 1287 Heius.
496 1246 555 1286 Η.
578 1252 623 1287 et
640 1247 724 1287 inc.
754 1247 890 1298 ejusd.
910 1247 1064 1288 Petav.
1086 1252 1282 1289 sec.-19
1313 1250 1548 1289 Machaonis
1567 1249 1692 1290 Voss.
1714 1260 1801 1287 sec.
1833 1259 1888 1287 m.
1904 1259 1991 1286 sec.
2021 1245 2161 1285 Maho-

320 1299 411 1340 nius
429 1301 512 1339 duo
532 1300 686 1339 Petav.
707 1300 816 1340 Exc.
836 1300 992 1341 Petav.
1017 1307 1156 1353 quart.
1193 1303 1402 1342 Maeonius
1421 1303 1539 1342 Med.
1568 1315 1631 1352 pr.
1658 1301 1807 1341 Heius.
1824 1301 1882 1340 H.
1904 1298 2160 1339 Mathaonius

322 1352 442 1393 Med.
462 1359 603 1404 quart.
625 1353 882 1393 Machaonius
901 1354 1092 1394 Florent.
1125 1355 1362 1394 Machonius
1382 1356 1490 1406 Reg.
1521 1355 1767 1395 Machaoniis
1787 1354 1886 1392 Put.
1915 1353 2075 1392 Moret.
2093 1363 2158 1403 pr.

319 1405 474 1446 Petav.
493 1419 577 1446 sec.
599 1406 822 1446 Machoniis
834 1407 958 1446 Voss.
979 1419 1045 1459 pr.
1048 1407 1193 1460 firmat
1201 1408 1303 1447 Vat.
1319 1420 1382 1459 pr.
1396 1409 1588 1447 Florent.
1604 1408 1706 1448 Jun.
1721 1419 1786 1458 pr.
1804 1407 1903 1444 Vat.
1931 1405 2069 1444 Livin.
2077 1404 2158 1456 fir-

321 1460 538 1498 mansVat.
557 1459 833 1511 q11int.flgens
848 1465 933 1499 vet.
946 1459 1052 1510 Gyr.
1066 1460 1255 1500 chartac.
1271 1460 1419 1499 Heius.
1424 1460 1527 1512 figit
1541 1459 1758 1498 droatt.
1777 1459 1859 1497 duo
1872 1458 1988 1497 Med.
2005 1458 2156 1498 Heius.

318 1511 377 1552 H.
397 1511 498 1552 Put.
518 1513 625 1562 Reg.
641 1512 724 1552 duo
746 1513 898 1552 Petav.
918 1512 1001 1551 duo
1020 1510 1142 1551 voss.
1160 1513 1324 1551 Bonon.
1337 1513 1506 1553 Tholos.
1525 1511 1552 1551 J
1559 1524 1626 1551 un.
1646 1523 1732 1549 sec.
1746 1511 1906 1552 Mox-et.
1926 1522 1990 1560 pr.
2008 1510 2158 1558 Oxou.

319 1575 405 1604 sec.
425 1563 574 1603 Ambr.
593 1569 693 1604 tert.
709 1563 814 1603 Cod.
835 1564 1195 1603 BartholinAExc.
1215 1563 1366 1604 Petav.
1383 1570 1524 1615 quart.
1545 1562 1613 1604 ed.
1637 1564 1778 1602 Parm.
1799 1568 1844 1602 et
1877 1562 2020 1602 vicet.
2040 1560 2160 1612 sugit

319 1616 498 1668 velfigit
518 1617 614 1655 Pal.
634 1616 791 1668 thyrsus
806 1616 995 1656 Florent.
1011 1616 1095 1655 duo
1117 1615 1235 1655 Med.
1249 1617 1356 1667 Reg.
1376 1617 1529 1656 Petav.
1560 1629 1624 1668 pr.
1643 1616 1770 1655 Voss.
1803 1627 1891 1656 sec.
1921 1615 2076 1655 Heius.
2096 1615 2157 1658 H.

319 1673 364 1708 et
379 1669 460 1707 inc.
481 1669 615 1719 ejusd.
632 1670 738 1708 Exc,
768 1669 921 1709 Petav.
941 1674 1082 1720 quart.
1102 1669 1254 1720 thyrsis
1273 1669 1430 1709 Petav.
1448 1675 1550 1710 tert.
1572 1669 1756 1708 Moeoniis
1768 1669 1915 1720 thyrsis
1931 1673 2019 1707 tres
2031 1669 2155 1709 Vatt.

318 1721 424 1761 Cod.
449 1722 685 1760 Bartholin.
709 1721 905 1760 Moeonius
929 1723 1088 1774 thyrsus
1111 1721 1213 1761 Jun.
1234 1734 1299 1773 pr.
1321 1723 1487 1763 Bonon.
1513 1723 1597 1762 inc.
1619 1722 1884 1761 Heins.Vat.
1904 1720 2041 1761 Livin.
2063 1721 2156 1761 Μα-

317 1774 489 1813 chaoniis
506 1774 653 1826 thyrsis
671 1774 812 1813 oxon.
834 1786 896 1824 pr.
913 1775 998 1814 duo
1013 1775 1246 1814 Voss.-20
1279 1776 1524 1815 innumerum
1536 1775 1692 1815 Petav.
1711 1788 1800 1814 sec.
1821 1774 2015 1814 innumeri
2027 1774 2156 1814 Voss.

318 1839 382 1877 pr.
401 1827 444 1865 in
464 1839 664 1866 numerum
694 1828 797 1867 Exe.
826 1827 991 1867 Schott.
1013 1827 1099 1867 vid.
1120 1828 1368 1868 Brodaeum.
1392 1828 1616 1877 famulatur
1652 1828 1740 1867 duo
1768 1829 1885 1867 Vatt.
1916 1827 2016 1867 Put.
2045 1827 2155 1878 Reg.

318 1881 477 1919 Moret.
503 1892 566 1930 pr.
588 1880 672 1919 duo
691 1880 844 1920 Petav.
853 1880 1107 1928 famulantur
1121 1881 1205 1920 duo
1225 1882 1345 1922 Vatt.
1368 1882 1462 1922 Pal.
1477 1882 1666 1922 Florent.
1689 1881 1770 1920 duo
1789 1879 1910 1920 Med.
1926 1879 2078 1920 Heius.
2096 1880 2156 1921 H.

318 1939 363 1973 et
382 1933 464 1972 inc.
484 1933 620 1984 ejusd.
640 1933 743 1973 item
760 1934 871 1972 alter
890 1935 1024 1974 chart.
1044 1934 1198 1974 Petav.
1219 1947 1305 1975 sec.
1338 1936 1502 1975 Bonon.
1536 1935 1710 1974 Tholos.
1743 1934 1849 1975 Juu.
1884 1945 1971 1974 sec.
2003 1931 2154 1973 Ambr.

318 1989 420 2027 tert.
443 1986 548 2026 Cod.
570 1987 811 2027 Bartholin.
831 1988 937 2026 Exc.
958 1987 1109 2027 PetaV.
1131 1993 1269 2040 quart.
1290 1988 1359 2028 ed.
1392 1988 1536 2028 Vicet.
1556 1987 1785 2036 famulatur
1816 1987 1885 2027 vel
1905 1986 2155 2034 famulantur

1141 2109 1317 2149 NOTAE

373 2188 422 2224 17
455 2186 633 2236 Hedera]
661 2184 770 2224 Haec
790 2185 962 2224 Baccho
980 2198 1101 2225 sacra
1118 2196 1201 2238 est,

320 2247 433 2299 quod
454 2254 665 2298 perpetuo
697 2248 849 2298 vireat,
880 2249 1080 2301 quodque
1111 2263 1204 2289 cre-

318 2309 445 2348 datur
495 2309 729 2348 retundere
776 2309 958 2350 fumidos
1004 2312 1092 2350 vini
1129 2325 1200 2351 va-

318 2383 458 2424 pores.

334 2428 338 2432 ’
372 2433 564 2473 Parthica
578 2433 716 2485 tigris]
745 2435 799 2474 Id
820 2441 903 2487 est,
922 2437 1044 2487 pellis
1063 2437 1202 2488 Tigri-

319 2483 399 2548 iiis,
432 2503 586 2537 vocant
619 2497 871 2550 Nebridem,
902 2511 986 2551 qua
1014 2500 1202 2551 cingitur

317 2562 530 2611 Bacchus,
549 2561 620 2612 qui
636 2562 766 2600 etiam
782 2561 911 2602 habet
931 2563 972 2602 in
988 2575 1115 2603 curru
1129 2563 1199 2603 'ri-

317 2637 429 2676 gres,
472 2626 645 2665 Dicitur
670 2630 812 2664 autem
840 2626 974 2676 Tigris
994 2626 1200 2675 Parthica,

318 2687 417 2739 quia
452 2686 685 2726 ferociores
735 2689 797 2726 11ae
836 2693 934 2727 sunt
980 2701 1083 2742 quas
1122 2679 1200 2730 alit

318 2751 540 2802 Hyrcania
558 2751 729 2790 Parthis
748 2750 904 2790 vicina.

370 2816 422 2852 18
441 2812 615 2853 Auratos
627 2812 792 2864 ungues]
813 2812 860 2851 ld
876 2818 957 2864 est,
972 2813 1201 2864 inauratos,

316 2877 386 2916 vel
404 2875 556 2927 flavos,
575 2884 620 2917 et
642 2877 734 2917 auri
757 2877 946 2928 speciem
978 2877 1199 2917 habente-²2.

370 2943 423 2979 19
451 2940 577 2979 Ebria
584 2941 727 2992 firmat
741 2939 929 2991 vestigia]
949 2939 1036 2980 Alii
1049 2941 1199 2991 legunt

307 3000 450 3050 fulcit,
481 3002 522 3040 id
556 3009 636 3051 est,
669 3003 761 3054 ipse
806 3003 949 3042 ebrius
984 3001 1110 3042 fulcit
1147 3014 1199 3041 ae

314 3063 498 3104 sustinet
529 3064 675 3115 pedes,
704 3064 776 3116 qui
807 3066 917 3104 male
949 3065 1199 3116 imprimunt

317 3126 512 3178 vestigia.
1182 3162 1185 3165 ,

316 3239 320 3242 ,
373 3187 588 3238 Maeonius]
609 3186 660 3225 Id
671 3192 813 3235 est‚ex
828 3186 964 3238 Lydia
977 3199 1050 3227 seu
1065 3188 1197 3228 Maeo-

317 3251 402 3301 nia,
431 3251 475 3290 in
505 3263 587 3302 qua
612 3249 807 3289 Bacchus
835 3261 998 3289 summa
1017 3262 1111 3289 cum
1133 3261 1197 3290 re-

318 3314 476 3366 ligione
494 3305 730 3353 colebatur.

374 3375 568 3430 Thyrsus]
607 3375 790 3427 Thyrsus
826 3367 903 3414 'est
951 3374 1075 3414 hasta
1126 3372 1196 3414 vel

1268 2189 1480 2241 pampinis
1495 2189 1563 2229 vel
1576 2188 1745 2228 hederis
1760 2187 1968 2235 involuta,
1981 2185 2153 2236 qualem

1270 2252 1465 2290 Bacchus
1514 2251 1708 2302 gerebat,
1751 2249 1822 2300 qui
1872 2249 2003 2287 etiam
2050 2247 2151 2293 inde

1273 2312 1488 2363 Thyrsiger
1508 2313 1752 2362 appellatus
1771 2314 1853 2349 est.

1322 2378 1375 2415 20
1411 2374 1551 2425 Vacui]
1598 2372 1749 2413 Poetae
1786 2375 1942 2411 vocant
1989 2371 2151 2412 inferos

1269 2438 1416 2477 inanes
1436 2443 1482 2478 et
1511 2448 1691 2486 vacuos;
1721 2436 1820 2489 quia
1844 2435 1904 2474 ibi
1933 2440 2032 2474 sunt
2062 2442 2152 2475 tan·

1270 2508 1360 2540 tum
1392 2501 1568 2551 umbrae,
1599 2500 1722 2540 vacui
1755 2504 1853 2539 sunt
1885 2498 2151 2549 corporibus.

1268 2563 1383 2605 Quid
1415 2563 1524 2615 quod
1558 2560 1684 2601 inferi
1717 2574 1812 2601 cum
1833 2561 1976 2601 omnia
1997 2572 2150 2602 consu-

1266 2633 1399 2677 mant,
1426 2626 1529 2665 nihil
1557 2626 1600 2665 in
1626 2626 1677 2664 iis
1716 2629 1784 2664 est
1814 2624 1928 2677 quod
1960 2623 2151 2664 consumi

1267 2689 1430 2742 possit:
1460 2694 1506 2728 at
1525 2687 1704 2739 proinde
1723 2685 1865 2726 omnia
1885 2698 2039 2725 vacua.

1320 2750 1491 2800 Averni]
1536 2749 1749 2796 Avernus,
1805 2753 1850 2787 et
1897 2747 1939 2787 in
1989 2747 2147 2798 plurali

1269 2811 1460 2863 Averna,
1490 2812 1607 2852 lacus
1638 2817 1704 2849 est
1730 2808 1976 2860 Campaniae
2008 2819 2145 2860 prope

1267 2876 1410 2926 Baias,
1430 2875 1570 2915 dictus
1589 2872 1736 2925 ἄορνος,
1751 2873 1835 2912 sine
1857 2871 2004 2924 avibus,
2032 2869 2146 2923 quod

1268 2950 1367 2978 aves
1389 2950 1518 2990 supra
1543 2938 1732 2977 volantes
1752 2935 1962 2974 absumat.
2017 2930 2146 2971 Poni-

1267 2992 1336 3040 tur
1354 3014 1430 3052 pro
1450 2999 1621 3049 Inferis,
1647 3004 1720 3038 aut
1747 2996 1855 3036 ostio
1875 2993 2142 3046 Inferorum3

1266 3064 1501 3117 quodillir,
1523 3063 1612 3102 sive
1645 3061 1699 3100 ob
1728 3058 1940 3103 foetorem,
1972 3058 2061 3097 sive
2086 3056 2143 3096 ob

1264 3124 1471 3165 sulfureos
1513 3133 1705 3174 vapores,
1738 3121 1874 3159 omnia
1924 3130 2036 3158 mors
2078 3130 2143 3158 ra-

1266 3195 1400 3240 peret.
1430 3186 1492 3226 At
1511 3183 1760 3225 observabis
1777 3182 2032 3234 Augustum,
2045 3187 2144 3234 post

1262 3249 1404 3302 sylvas
1425 3247 1631 3287 dissectas
1651 3258 1706 3286 ex
1720 3244 1921 3297 Avernis,
1935 3244 2028 3284 loca
2047 3243 2142 3283 red-

1262 3309 1421 3356 didisse
1440 3308 1684 3350 amoeniora.
