2300 3906
11 1947 16 2130 ἱ

13 2166 19 2325 ἒ

15 2327 20 2453 3

18 2592 25 2783 ἱ

22 2849 27 2954 ε

24 2958 74 3125 {-

657 176 896 217 RAPTUS
937 178 1231 219 PROSERP.
1273 181 1393 221 [ΑΒ.
1432 182 1473 222 1.

154 291 193 342 J
199 292 391 343 unonis
415 292 687 344 thalamos
711 293 906 346 audaci
927 296 1151 363 prodere
1179 304 1339 351 cantu

155 372 316 426 Mens
342 380 602 441 congesta
621 375 795 442 jubet.
869 378 1110 433 Gressus
1133 387 1425 446 removete,
1445 382 1678 451 profani.

151 454 189 507 J
193 471 282 506 am
305 455 453 507 furor
476 458 739 509 humanos
766 460 834 511 de
861 467 1048 514 nostro
1074 471 1296 530 pectore
1320 482 1514 519 sensus
1931 468 1969 520 5

150 538 399 605 Expulit,
425 544 478 590 et
503 544 679 590 totum
708 544 919 608 spirant
943 547 1255 611 praecordia
1279 547 1572 603 Phoebum.

147 622 184 674 J
189 637 278 674 am
303 623 437 673 mihi
462 630 749 677 cernuntur
772 628 997 695 trepidis
1025 629 1251 682 delubra
1274 634 1479 684 moveri

143 772 282 833 lectam
310 770 543 833 nuptialem
568 773 734 835 Junouis
752 775 938 824 Infernae.
993 776 1174 816 Avertite
1203 779 1353 828 pedem,
1389 791 1414 819 ο
1442 779 1668 831 irreligiosi.
1720 783 1816 822 Jam

145 830 339 875 poeticus
365 825 515 875 pepulzt
546 839 597 864 ex
622 839 750 867 ammo
780 833 908 867 nostro
941 830 1196 880 cogitationes
1226 831 1424 871 hominum
1459 833 1711 884 mortalium,
1744 839 1784 874 et
1818 838 1969 876 meum'

139 881 275 929 pectus
293 881 418 917 totum
430 877 587 928 plenum
619 883 675 919 est
706 880 902 932 Apolline.
955 882 1051 922 Jam
1087 894 1158 933 ego
1193 885 1305 923 video
1341 886 1484 936 templa
1502 886 1671 938 concuti,
1687 886 1982 936 fwuiumentiu=

902 1014 1161 1030 OO‘OO‘OOOOO
1171 1016 1193 1030 Ι

138 1102 163 1142 3
196 1091 484 1153 prodere'Pal.
512 1103 596 1143 duo
622 1103 742 1166 Med.
767 1106 917 1146 Heius.
946 1107 1002 1147 H.
1032 1107 1184 1148 Petav.
1205 1122 1268 1160 pr.
1297 1110 1402 1150 Exc.
1420 1110 1575 1150 Petav.
1608 1115 1747 1163 quart.
1778 1123 1954 1161 promere

136 1167 281 1196 omnes
293 1155 413 1196 Vatt.
429 1156 619 1197 Florent.
638 1169 722 1197 mc.
739 1157 889 1199 Heius.
907 1159 1007 1200 Put.
1027 1161 1132 1212 Reg.
1151 1163 1312 1201 Bonon.
1327 1163 1451 1202 Voss.
1471 1175 1557 1203 sec.
1577 1164 1659 1202 duo
1676 1162 1824 1203 Petav.
1842 1164 1950 1205 Cod-

135 1228 374 1268 Bartholin.
393 1228 459 1269 ed.
476 1229 620 1270 Parm.
635 1234 680 1270 et
690 1231 833 1272 Vicet.
842 1223 1060 1306 pmzv'n‘i're
1076 1233 1200 1274 Voss.
1216 1246 1282 1285 pr.
1297 1234 1444 1275 Heius.
1464 1235 1663 1287 ascripsit
1672 1234 1808 1275 locum
1828 1235 1882 1276 de
1898 1236 1951 1276 B.

134 1312 238 1353 Get.
254 1326 316 1376 ys.
337 1317 438 1375 159..
456 1314 468 1336 ‘
488 1312 579 1354 fera
593 1316 740 1355 nuntia
758 1316 914 1356 Martis
929 1319 1019 1358 Ore
1040 1320 1117 1360 sub
1139 1319 1322 1371 Augusti
1343 1333 1533 1360 casurum
1550 1320 1739 1372 prodidit
1755 1320 1952 1361 hostem:

133 1366 336 1418 Cyprian.
359 1368 500 1418 Epist.
515 1379 671 1408 Lxxiv.
693 1381 732 1420 p.
750 1372 842 1409 155.
858 1369 925 1410 ed.
947 1371 1105 1422 Rigalt.
1141 1373 1379 1412 ‘sacrorum
1401 1373 1634 1412 coelestium
1654 1373 1772 1423 signa
1787 1374 1953 1422 prodan-

130 1419 227 1459 tur!
239 1431 323 1459 non
342 1422 548 1469 dedantur,
565 1426 612 1460 ut
632 1422 755 1462 estin
771 1422 862 1460 aliis
876 1423 982 1463 Mss.
1000 1425 1079 1463 etsi
1094 1425 1218 1476 paulo
1232 1426 1313 1466 alio
1333 1429 1550 1465 seusun—4
1571 1429 1749 1474 congesta
1762 1425 1950 1466 Florent-

131 1472 215 1534 duo
234 1473 354 1513 Med.
382 1473 484 1512 Put.
506 1474 588 1512 duo
607 1474 762 1513 Petav.
782 1475 948 1514 Bonon.
977 1477 1078 1517 Jun.
1110 1489 1197 1516 sec.
1230 1478 1378 1517 Ambr.
1400 1483 1499 1518 tert.
1532 1477 1682 1517 Heins.
1704 1477 1761 1516 H.
1791 1483 1835 1516 et
1866 1477 1948 1516 inc.

129 1525 340 1576 ejusdem,
369 1525 435 1564 ed.
455 1526 595 1587 Parin.
617 1532 662 1565 et
679 1526 822 1566 Vicet.
839 1528 1009 1575 comesta
1029 1528 1171 1569 Oxon.
1188 1541 1255 1579 pr.
1277 1530 1382 1581 Reg.
1403 1543 1499 1569 cum
1520 1531 1659 1581 glossa
1678 1530 1706 1570 i.
1725 1543 1757 1568 e.
1778 1531 1945 1568 collecta.

127 1582 309 1639 congesta
329 1579 395 1617 vel
414 1582 584 1627 camec-ta
615 1579 717 1618 Vat.
755 1591 841 1618 sec.
869 1581 992 1620 Voss.
1027 1593 1113 1621 sec.
1142 1594 1320 1622 concussa
1340 1582 1446 1633 legit
1473 1583 1675 1634 Scaliger.
1706 1586 1871 1630 augusta
1901 1581 1946 1620 in

127 1642 317 1692 margine
337 1631 405 1670 ed.
427 1632 561 1682 Lugd.
582 1635 700 1672 1551.
727 1632 782 1671 ab
807 1632 986 1672 Heinsio
1001 1635 1234 1686 ascriptum
1250 1640 1358 1685 erat,
1390 1647 1443 1674 ex
1476 1639 1560 1674 vet.
1582 1634 1687 1676 Cod.
1707 1646 1758 1673 an
1777 1633 1945 1684 conjec-

129 1689 226 1722 tura
244 1689 548 1724 incertum-5
578 1685 625 1723 de
643 1689 773 1723 nostro
794 1686 890 1725 Vat.
910 1698 995 1726 sec.
1013 1687 1138 1726 Voss.
1159 1699 1241 1726 sec.
1274 1687 1423 1726 Heius.
1447 1687 1699 1738 ascripserat
1721 1687 1876 1725 Lucan.
1898 1696 1942 1726 v-

127 1739 221 1776 168.
249 1737 261 1759 ‘
282 1744 554 1790 mentemque
580 1738 763 1789 priorem
784 1738 976 1790 Expulit,
1008 1745 1134 1791 atque
1159 1740 1369 1780 hominem
1393 1746 1485 1780 toto
1517 1740 1597 1780 sibi
1626 1740 1780 1779 cedere
1812 1738 1942 1790 jussit

947 1857 1125 1899 NOTAE

1065 1949 1192 2002 dixit,
1219 1953 1231 1974 ‘
1251 1950 1496 1990 foecundum
1512 1952 1692 1989 concute
1707 1947 1884 2000 pectus!

176 1953 199 1990 3
232 1950 453 2002 Thalamos]
479 1950 703 1991 Thalamus
724 1949 900 2001 proprie
933 1954 1000 1990 est

1119 2012 1304 2064 Profani]
1346 2012 1418 2052 Illi
1451 2013 1513 2052 sic
1548 2012 1834 2063 appellantur,
1869 2009 1940 2063 qui

122 2023 344 2055 commune
365 2014 606 2054 cubiculum
626 2012 796 2064 utrique
813 2012 1000 2063 conjugi,

121 2074 197 2114 sed
217 2085 333 2125 saepe
352 2074 527 2126 ponitur
542 2086 619 2126 pro
633 2073 793 2125 nuptiis
810 2079 884 2114 aut
900 2085 999 2112 con-

114 2136 265 2188 jugio:
296 2142 345 2176 ut
374 2142 420 2176 et
454 2137 568 2188 apud
586 2135 836 2187 Virgilium:
865 2135 878 2158 ‘
898 2135 999 2175 Non

115 2197 238 2238 licuit
256 2198 431 2239 thalami
451 2203 677 2250 expertem
702 2198 793 2237 sine
822 2197 999 2237 crimine

119 2261 248 2302 vitam
261 2262 433 2301 Ducere
445 2261 473 2301 ?'
501 2262 546 2301 id
558 2262 776 2312 est,vitam
787 2261 996 2312 coelibem,

117 2330 162 2367 et
181 2325 271 2365 sine
292 2326 507 2378 conjugio.

129 2421 134 2426 .
169 2391 196 2428 4
224 2390 341 2429 Mens
360 2387 559 2439 congesta]
595 2387 803 2427 Desumta
826 2389 994 2426 senten-

116 2449 178 2489 tia
196 2462 251 2490 ex
280 2450 501 2489 Phaedone
533 2448 740 2499 Platonis,
770 2450 990 2498 συνηθροισ-

111 2510 209 2562 μένη
227 2511 334 2562 ψυχὴ
354 2510 450 2557 αὐτὴ
482 2510 535 2549 εἷς
571 2509 705 2560 αὐτὴν,
740 2513 919 2559 congesta
953 2513 992 2548 et

113 2578 352 2625 congregata
369 2575 497 2612 anima
515 2573 558 2612 in
572 2585 612 2612 se
626 2573 735 2623 ipsa.-
765 2583 861 2611 cum
880 2571 990 2610 scili-

115 2643 187 2678 eet
240 2643 338 2690 post
388 2635 709 2687 dissipationem
752 2633 992 2685 spirituum,

112 2701 125 2723 ‘
141 2701 327 2740 animum
348 2701 402 2740 ad
422 2700 606 2751 seipsum
627 2698 898 2747 advocamus,
929 2708 990 2736 se-

113 2775 208 2803 cum
220 2776 311 2803 esse
323 2762 536 2814 cogimus?
561 2762 726 2801 Cicero.
753 2759 878 2800 Quod
891 2771 988 2798 eum

110 2832 193 2867 non
209 2825 499 2878 infrequenter
517 2823 692 2874 accidit,
704 2827 793 2862 tum
808 2821 987 2860 maxime

109 2888 212 2932 inre
225 2890 421 2940 metica,
433 2889 533 2928 dum
547 2889 707 2927 animus
721 2886 856 2937 primo
871 2885 990 2925 velut

111 2957 339 3004 congestus
369 2965 419 2991 ac
440 2951 604 2991 defixus
633 2951 676 2990 in
705 2961 836 3000 opere
858 2948 988 2987 medi-

111 3018 218 3065 tato,
230 3027 327 3054 mox
343 3014 444 3054 totis
460 3013 621 3052 viribus
636 3012 835 3052 incitatus
849 3022 986 3049 erum-

111 3076 177 3127 pit
204 3077 260 3116 ad
290 3076 507 3117 fundenda
537 3075 750 3123 carmina3
781 3086 874 3125 quae
895 3073 984 3124 qui-

111 3138 207 3180 dem
243 3153 310 3180 res
349 3146 484 3180 totum
532 3138 711 3192 requirit
758 3137 984 3187 hominem,

26 3220 30 3261 3
109 3211 295 3255 eumque·
310 3204 437 3243 animi
457 3203 653 3254 congesti
672 3214 722 3241 ac
748 3199 981 3240 recollecti.

26 3271 31 3308 ἰ
106 3266 299 3319 Scaliger
318 3273 442 3319 pater
460 3267 584 3318 legit,
602 3278 708 3305 mens
727 3276 919 3310 concussa,
938 3262 980 3302 id
1045 3265 1084 3300 et
1102 3262 1254 3300 edentes
1271 3258 1442 3309 oracula,
1461 3256 1594 3297 dicunt
1618 3254 1739 3294 multa
1762 3251 1918 3303 quidem

29 3335 32 3380 ἶ
107 3335 190 3383 ut,
210 3331 409 3382 perculsa
428 3317 580 3370 'affiatu
598 3328 756 3369 divino.
775 3327 981 3379 Virgilius
1044 3328 1083 3364 et
1100 3323 1301 3375 praeclara.

214 3409 363 3463 Detph.
376 3413 414 3450 et
439 3406 535 3451 Var.
555 3409 660 3450 Clas.

955 3405 1095 3445 Claud.

1065 2087 1148 2114 non
1169 2081 1269 2115 sunt
1287 2075 1446 2115 initiati
1465 2087 1539 2114 seu
1555 2074 1704 2113 imbuti
1729 2073 1875 2121 sacris,
1895 2078 1940 2112 et

1066 2137 1122 2177 ab
1145 2137 1210 2176 his
1242 2137 1339 2176 ideo
1367 2140 1664 2175 removentur:
1696 2146 1790 2185 quae
1821 2139 1941 2173 tanta

1066 2198 1149 2239 suit
1162 2199 1262 2239 olim
1278 2199 1444 2250 religio,
1461 2204 1505 2237 et
1522 2197 1736 2249 praecipue
1753 2196 1794 2234 in
1809 2195 1939 2235 sacris

1065 2262 1250 2312 Cereris,
1287 2267 1335 2300 ut
1372 2273 1512 2312 praeco
1551 2260 1701 2298 abesse
1739 2256 1938 2308 profanos

1056 2323 1246 2375 juberet.
1312 2323 1438 2362 Unde
1474 2323 1626 2367 Varro,
1671 2321 1683 2342 ‘
1722 2319 1774 2358 In
1806 2319 1937 2358 sacris

1061 2385 1272 2425 Eleusinis
1292 2384 1410 2436 impii
1428 2389 1473 2423 et
1491 2382 1658 2434 profani
1670 2380 1934 2432 jubebantur

1059 2446 1298 2487 facessere:
1344 2447 1401 2485 Et
1437 2444 1587 2484 Poetae
1625 2454 1803 2495 quoque,
1834 2442 1932 2480 dum

1058 2509 1248 2560 Apollini
1266 2514 1311 2547 et
1329 2507 1466 2547 Musis
1501 2516 1623 2545 sacra
1654 2503 1831 2553 faciunt,
1866 2515 1932 2543 re-

1056 2571 1229 2611 movent
1264 2569 1481 2622 profanos,
1508 2569 1587 2607 hoc
1625 2571 1715 2616 est,
1732 2565 1857 2604 rudes
1885 2570 1932 2604 et

1056 2634 1288 2684 imperitos.
1326 2632 1556 2672 Horatius:
1574 2631 1585 2652 ‘
1603 2629 1690 2670 Odi
1708 2626 1930 2681 profanum

1055 2698 1206 2749 vulgus
1223 2702 1268 2736 et
1286 2694 1442 2735 arceo!

1108 2765 1132 2798 5
1164 2758 1309 2808 Furor]
1338 2757 1543 2797 Poeticus
1561 2754 1726 2794 scilicet
1756 2765 1805 2792 ac
1826 2753 1930 2793 divi·

1055 2833 1149 2871 nus,
1176 2818 1447 2868 ἐνθουσιασμὸν
1478 2817 1624 2858 Graeci
1645 2821 1809 2861 vocant,
1841 2826 1927 2866 quo

1055 2885 1186 2923 semel
1216 2882 1358 2923 afflata
1396 2893 1498 2932 gens
1534 2879 1784 2927 Poetarum,
1820 2876 1927 2917 mira

1054 2947 1185 2986 canit.
1214 2946 1359 2994 Plato,
1388 2941 1543 2989 ποιηταὶ
1562 2939 1674 2991 φύσει
1691 2938 1766 2979 τινὶ
1784 2938 1848 2978 καὶ
1866 2938 1926 2977 ἑν-

1052 3006 1333 3059 θυυσιάζοντες,
1353 3006 1480 3057 ὥσπερ
1505 3005 1540 3043 οἱ
1567 3002 1784 3053 θεομάντεις
1802 3001 1865 3041 καὶ
1889 3000 1927 3041 οἴ

1049 3070 1283 3124 χρησμῳδοὶ,
1298 3067 1460 3119 λέγουσι
1477 3067 1548 3116 μὲν
1563 3066 1697 3106 πολλὰ
1713 3065 1776 3105 καὶ
1795 3062 1898 3122 καλάι
1911 3076 1925 3105 2

1053 3136 1186 3175 Poetae
1203 3135 1242 3174 vi
1255 3135 1419 3186 quadam
1436 3136 1603 3183 natum,
1632 3130 1760 3170 divino
1781 3128 1924 3179 ‚liuore

1046 3200 1140 3245 acti,
1161 3196 1270 3249 quasi
1287 3195 1432 3236 eoelesti
1449 3195 1636 3235 instinctu
1653 3191 1920 3239 vaticinantes,

1728 3390 1810 3431 aL
