2300 3906
728 214 808 252 nn
852 214 932 255 v1.
973 214 1145 254 cons.
1183 215 1415 254 HoNoR.
1871 206 1979 261 ’7⁷9

984 367 1164 409 NOTAE

170 463 380 507 Proceres
400 465 513 516 Diis,
530 465 731 505 Senatum
750 467 864 507 Coelo
880 468 1040 520 magni·
1107 482 1172 508 am
1191 470 1235 510 in
1256 471 1388 510 Sacra
1406 470 1631 522 Scriptura
1647 470 1762 510 Deos
1791 471 1978 522 appella·

168 526 249 567 flce
275 533 511 579 comparat.
567 529 688 569 Quod
719 530 772 569 ad
804 531 1040 583 Imperato-
1107 531 1156 572 ri.
1210 533 1222 554 ‘
1243 533 1427 583 Magnus
1448 533 1656 573 Dominus
1686 544 1816 584 super
1833 545 1978 572 omnes

171 599 261 627 rem
282 590 453 639 attinet,
483 595 649 630 certum
681 598 745 630 est
765 605 850 644 eos,
889 594 1040 646 quibus
1108 594 1258 640 neos:
1304 595 1451 634 aiebat
1492 593 1662 635 Jethro.
1717 595 1730 618 ⁴
1748 595 1840 647 Ego
1877 595 1980 646 dixi,

167 650 348 701 contigit
367 662 518 702 regere
538 653 776 693 mortalium
795 667 942 706 genus,
961 655 1041 696 eti·
1107 655 1184 695 Dii
1204 655 1337 695 estis?
1396 655 1447 695 In
1466 656 1659 696 Psalmis.

903 1072 1233 1134 XXVIII.

166 1258 302 1320 CL.
358 1259 854 1322 CLAUDIANI
914 1262 1042 1322 DE
1097 1261 1396 1323 SEXTO
1454 1261 1978 1323 CONSULATU

363 1373 762 1435 HONORII
809 1374 1195 1436 AUGUSTI
1242 1374 1780 1435 PANEGYRIS.

806 1532 1342 1575 ARGUMENTUM.

215 1622 447 1662 FORTUNAE
483 1624 647 1663 Reduci
683 1626 890 1676 templum
923 1627 1161 1666 vovendum
1200 1632 1267 1666 est
1300 1627 1356 1667 ob
1394 1627 1669 1678 Majestatem
1708 1624 1981 1664 Consularem

165 1688 572 1749 Romaerestitutam
591 1690 645 1728 ab
665 1691 871 1742 Honorio,
892 1692 964 1743 qni
984 1698 1106 1742 reget
1126 1691 1328 1742 feliciter,
1354 1693 1473 1744 cujus
1494 1692 1720 1743 praesentia
1741 1689 1983 1730 laetificabit

163 1753 360 1806 Romam,
393 1757 520 1795 solam
542 1756 771 1796 Consulum
791 1763 836 1797 et
869 1758 1182 1808 Imperatorum
1212 1758 1372 1809 sedem,
1406 1759 1449 1796 in
1470 1770 1552 1809 qua
1577 1756 1837 1796 Theodosius
1858 1755 1982 1806 vixit,

163 1820 296 1871 elegit
316 1827 555 1860 consortem
581 1822 833 1874 Honorium,
861 1835 984 1874 quam
1006 1830 1119 1862 amat
1139 1823 1404 1876 praefertque
1426 1824 1596 1863 Orienti
1625 1817 1716 1874 ipse
1750 1821 1983 1870 Honorius,

163 1898 187 1925 a
204 1885 440 1926 Stilichone
470 1892 515 1926 et
541 1888 703 1927 Serena
731 1889 792 1928 ibi
811 1895 1033 1941 exceptus.
1089 1891 1209 1929 Felix
1229 1890 1513 1939 Theodosius,
1546 1889 1618 1941 qui
1647 1888 1816 1926 videbat
1835 1888 1981 1926 hostes

161 1951 299 1992 victos
320 1957 365 1992 et
385 1954 496 1992 ultos
515 1954 569 1992 ab
599 1954 809 2004 Honorio,
831 1968 912 2007 quo
932 1956 1102 2007 auspice
1123 1955 1294 2006 fugatus
1316 1954 1527 2003 Alaricus,
1547 1955 1614 1992 cui
1639 1953 1814 1991 insultat
1834 1952 1983 1991 Erida-

161 2030 256 2067 nus,
286 2018 457 2058 Verona
489 2019 648 2070 gaudet
683 2026 825 2071 strage
856 2020 1035 2060 rnilitum
1067 2020 1243 2060 Alarici.
1297 2020 1473 2059 Stilicho
1493 2020 1709 2069 sapienter
1727 2018 1780 2057 ab
1807 2018 1873 2056 his
1893 2018 1983 2057 vin-

163 2084 322 2124 dictam
343 2085 468 2136 petit.
516 2084 715 2126 Alaricus
733 2099 828 2126 suos
845 2086 1031 2126 retinere
1052 2099 1135 2126 non
1156 2091 1318 2138 potest,
1338 2086 1554 2137 desperat,
1574 2085 1689 2123 dolet
1709 2085 1762 2123 de
1781 2083 1984 2134 praesenti

162 2149 437 2202 infelicitate,
472 2151 599 2210 variis
632 2153 817 2192 motibus
857 2154 1057 2204 agitatur.
1130 2153 1320 2204 optatur
1353 2152 1560 2192 adventus
1592 2151 1789 2190 Honorii.
1846 2149 1985 2188 Roma

161 2218 304 2258 mixtis
325 2214 526 2271 quere'lis,
545 2218 709 2270 dolore,
729 2219 907 2270 aliisque
930 2218 1169 2270 affectibus,
1187 2224 1312 2271 rogat
1341 2231 1437 2258 eum
1467 2223 1515 2257 ut
1542 2217 1700 2256 veniat.
1766 2215 1983 2255 Honorius

161 2285 222 2324 ait
241 2296 286 2324 se
303 2284 435 2324 visum
456 2297 550 2324 esse
571 2285 615 2324 in
644 2285 879 2326 Stilichone
900 2287 1100 2336 Consule,
1118 2298 1243 2338 quem
1263 2285 1412 2325 laudat
1429 2297 1451 2323 a
1470 2283 1599 2323 variis
1620 2282 1820 2322 victoriis.
1875 2281 1983 2321 Inde

161 2351 367 2391 Ravenna
386 2364 584 2403 egressus
605 2352 759 2392 transit
791 2365 869 2403 per
891 2353 1026 2391 varios
1046 2352 1187 2391 Italiae
1209 2357 1390 2400 tractus,
1422 2351 1598 2388 Romam
1619 2347 1777 2397 invisit,
1809 2346 1982 2388 favente

163 2419 298 2469 Coelo,
319 2419 622 2470 plaudentibus
641 2418 898 2468 hominibm,
929 2423 975 2457 et
993 2417 1245 2456 mirantibus
1265 2421 1533 2467 apparatum,
1562 2412 1796 2451 famulante
1817 2412 1984 2452 Euche-

163 2483 244 2534 rio,
277 2484 493 2535 gaudente
525 2485 778 2534 Stilichone,
803 2483 1035 2523 comitante
1054 2483 1266 2532 Victoria,
1285 2481 1452 2521 cun‘ctis
1473 2479 1725 2520 colentibus.
1779 2478 1890 2518 Ludi
1909 2490 1981 2518 ex-

160 2549 379 2601 hibentur,
398 2549 548 2590 Annus
570 2551 758 2590 omnium
779 2548 1051 2589 felicissimus
1072 2549 1278 2599 aperitur.

163 2726 420 2801 AUREA
449 2748 704 2800 Fortunae
732 2746 948 2798 Reduci
976 2745 1026 2796 si
1050 2744 1258 2811 templa
1280 2744 1488 2811 priores

165 2832 254 2901 Ob
279 2833 507 2885 reditum
531 2848 734 2884 vovere
760 2831 984 2893 ducum,
1009 2846 1139 2880 num
1165 2828 1380 2895 dignius
1403 2845 1649 2896 unquam

183 2959 186 2962 ’
218 2961 267 3002 Si
285 2967 429 3003 veteres
446 2964 719 3002 dedicaverunt
738 2964 882 3013 templa
892 2966 1034 3000 aurata
1050 2961 1238 3000 Fortunae'
1250 2958 1398 2998 Reduci
1416 2958 1461 2997 ob
1480 2957 1732 2998 reversionem
1751 2956 1969 2996 Duc-torum

928 3064 1188 3079 ‘‘‘‘‘‘‘‘‘‘‘
1192 3063 1218 3077 Ἰ

216 3140 242 3176 v1
270 3136 327 3176 eie
344 3136 495 3177 Petav.
515 3148 599 3176 sec.
626 3135 793 3174 minores
805 3133 1059 3173 Tholos.-2
1087 3131 1133 3170 ob
1159 3131 1309 3171 reditus
1323 3130 1495 3169 Tholos.
1531 3141 1604 3180 pro
1621 3127 1752 3167 reditu
1768 3127 1869 3167 Vat.
1897 3138 1981 3166 sec.

988 3238 1167 3279 NOTAE

223 3325 246 3361 1
276 3321 427 3373 Aurea]
467 3325 616 3363 Romae
648 3322 811 3373 templa
846 3319 1041 3373 quaedam
1062 3344 1080 3349 .,
1112 3317 1209 3357 inde
1239 3317 1377 3356 Roma
1404 3327 1534 3354 aurea
1563 3326 1645 3354 non
1678 3325 1771 3352 raro
1806 3311 1978 3352 dieitur.

171 3396 273 3424 auro
335 3388 452 3425 tecta
507 3389 745 3436 agnoscunt
806 3388 1042 3432 auctores;
1109 3379 1590 3420 Martialisz‘Fortunae
1611 3375 1798 3416 Reducis
1816 3373 1980 3426 fulgen·
