2300 3906
312 184 418 238 694
843 195 935 233 cn.
976 189 1325 232 cLAumAm
1371 187 1557 228 xxiv.

310 312 692 382 Nympharum
719 310 1003 371 incedunt,¹
1023 307 1173 361 acies
1197 307 1438 360 formosa
1465 308 1688 369 Dianae,

309 395 540 449 Centum
566 394 817 463 Taygeti,
859 397 1079 445 centum
1103 392 1173 444 de
1200 392 1409 444 vertice
1435 390 1658 460 Cynthi,

310 480 387 532 Et
413 480 643 532 totidem
668 483 827 530 casto
854 478 1038 544 genuit
1057 492 1197 544 quas
1223 476 1445 527 flumine
1471 474 1688 527 Ladon.
2030 473 2140 529 260

310 563 437 615 Has
460 564 559 616 ubi
584 563 858 615 collectas
885 562 1040 624 vidit,
1079 562 1159 613 sic
1187 560 1353 612 Delia
1378 559 1581 626 coepit:

381 646 431 698 Ο
459 649 650 710 sociae,
689 662 909 698 mecum
936 645 1164 697 thalami
1191 660 1315 712 quae
1337 643 1465 711 jura
1487 657 1698 709 perosae

306 730 570 797 Virgineo
598 730 811 797 gelidos
835 729 1154 798 percurritis
1181 729 1396 794 agmine
1421 732 1655 789 monteS,

309 813 566 876 CernitiS,
605 819 664 865 ut
688 814 854 865 Latio
881 813 1081 879 Superi
1106 811 1489 864 communibus
1516 813 1709 860 ornent
1812 883 1813 886 Ἴ

308 896 367 948 H
374 913 478 947 unc
507 912 710 947 annum
735 895 978 946 studiis?
1018 898 1255 960 quantos
1282 893 1581 958 Neptunus
1605 906 1867 957 equorum
2033 890 2142 942 265

314 980 496 1030 Donet
521 979 605 1028 ab*
619 978 750 1029 orbe
775 992 965 1043 greges
986 977 1010 1026 'l
1050 975 1203 1027 laudi
1229 990 1396 1042 quam
1420 973 1574 1025 nulla
1600 974 1861 1025 canendae

307 1062 518 1113 Fratris
546 1061 754 1128 plectra
778 1061 1011 1112 vacent'?
1089 1058 1355 1110 Nostram
1379 1074 1602 1126 quoque
1628 1058 1836 1110 sentiat
1859 1057 2028 1121 idem,

307 1145 491 1209 Quam
517 1145 724 1196 meritis
751 1144 1037 1207 debemuS,
1077 1159 1259 1211 opem.
1337 1141 1467 1197 Non
1492 1142 1707 1210 spicula
1731 1142 1917 1208 poscit

305 1310 414 1345 ternu
461 1307 718 1358 nympharum
769 1305 1087 1356 progrediuntur,
1134 1306 1268 1344 cohors
1305 1305 1468 1356 pulchra
1514 1304 1673 1354 Dianae,
1723 1302 1936 1354 Nymphae
1981 1307 2138 1343 centum

305 1362 354 1398 de
371 1361 538 1398 culmine
558 1360 739 1410 Taygeti,
762 1363 916 1398 centum
939 1361 986 1398 de
1016 1359 1199 1398 culmine
1228 1357 1392 1410 Cynthi,
1419 1361 1456 1396 et
1478 1357 1640 1396 totidem
1670 1370 1764 1408 quas
1786 1357 1924 1396 Ladon
1948 1357 2136 1407 produxit

304 1413 416 1463 aquis
440 1413 605 1463 pudici-s.
660 1413 795 1451 Diana
811 1417 1014 1462 postquam
1041 1412 1194 1462 aspexit
1213 1412 1284 1450 hus
1313 1415 1583 1460 congregatas,
1611 1411 1670 1448 ita
1688 1410 1832 1461 incepit
1849 1411 1979 1460 loqui.-
2019 1412 2055 1448 0
2075 1422 2137 1448 co·

304 1467 430 1513 mites,
445 1478 529 1516 quce
546 1478 672 1505 exosae
692 1478 837 1504 mecum
843 1466 940 1512 jura
960 1465 1201 1504 matrimonii
1217 1464 1439 1515 peragratis
1456 1468 1603 1502 montes
1609 1462 1787 1512 frigidos
1802 1475 1897 1501 cum
1916 1462 2138 1508 cohortibus

303 1519 422 1558 castis
433 1533 450 1566 ,·
477 1519 669 1568 aspicitis,
685 1522 730 1556 ut
749 1520 790 1556 in
805 1518 926 1556 Italia
947 1518 1022 1557 Dii
1036 1518 1234 1556 illustrent
1262 1518 1362 1556 hunc
1377 1528 1519 1555 annum
1535 1528 1663 1555 umore
1681 1513 1903 1555 communi?
1931 1515 2137 1565 aspicitis,

302 1575 448 1621 quanta
467 1573 674 1622 Neptunus
698 1573 765 1609 det
793 1571 840 1609 ab
864 1571 968 1608 omni
995 1576 1120 1620 parte
1154 1570 1273 1608 Orbis
1302 1573 1480 1608 armenta
1511 1565 1720 1619 equorum?
1764 1580 1881 1649 ‘32qu
1911 1569 2016 1607 nulla
2050 1569 2139 1620 lyra

294 1623 446 1671 fratris
462 1624 544 1662 mei
564 1623 776 1674 Apollinis
795 1624 966 1673 quiescat
998 1623 1041 1661 in
1074 1623 1251 1661 laudibus
1280 1621 1529 1661 Stilichonis
1558 1620 1784 1661 cantandis.
1829 1621 1939 1660 Idem
1957 1620 2137 1661 Stilicho

302 1676 469 1728 recipiat
498 1678 617 1716 etiam
645 1681 820 1716 nostrum
843 1675 1038 1728 sai-orem,
1061 1688 1173 1727 quem
1201 1675 1379 1715 debemus
1396 1675 1538 1714 virtuti
1555 1674 1595 1726 ej
1604 1686 1665 1716 us.
1719 1673 1803 1714 Hic
1818 1674 1926 1714 labo-r
1942 1687 2018 1714 non
2033 1674 2138 1726 petit

1073 1795 1367 1811 OOOOOOOOOOOO

302 1877 384 1916 lata
416 1876 516 1916 Pat.
567 1877 696 1915 delata
739 1875 858 1915 Med.
897 1879 1173 1928 quart.-258
1210 1875 1353 1915 incedit
1392 1876 1513 1917 Med.
1554 1880 1657 1916 tert.
1694 1875 1854 1925 famosa
1886 1874 2008 1915 Leid.
2048 1886 2136 1915 sec.

301 1931 424 1970 Voss.
456 1930 555 1968 Vat.
591 1941 676 1968 sec.
711 1929 791 1968 inc.
830 1929 983 1971 Heius.
1017 1930 1180 1969 Bonon.
1215 1930 1385 1969 Tholos.
1418 1930 1502 1969 duo
1535 1928 1685 1970 Ambr.
1714 1929 1799 1969 duo
1836 1929 1991 1969 Petam
2029 1929 2135 1968 Lov.

304 1983 411 2021 Exc.
453 1981 620 2020 Schott.
666 1987 712 2020 et
758 1982 938 2022 Gevart.
976 1982 1134 2031 fumosa
1169 1983 1236 2022 vel
1264 1983 1444 2033 formosa
1488 1983 1645 2023 Moret.
1686 1995 1771 2022 sec.
1811 1981 1954 2022 Oxou.
1993 1993 2135 2021 sec.—

301 2038 383 2074 259
411 2035 582 2086 Taygete
620 2034 741 2074 Leid.
786 2047 873 2074 sec.
912 2040 958 2074 et
1001 2035 1225 2075 duodecim
1274 2037 1442 2088 scripti,
1473 2037 1582 2076 Exc.
1630 2037 1810 2076 Lucens.
1841 2048 1906 2087 pr.
1948 2035 2137 2087 Taygetoe

302 2088 384 2128 inc.
401 2088 550 2127 Heius.
570 2087 675 2128 Jun.
695 2099 760 2139 pr.
782 2088 926 2128 Oxon.
957 2100 1041 2128 sec.
1070 2089 1171 2128 Var.
1201 2089 1286 2129 LL.
1319 2090 1388 2128 ed.
1426 2088 1558 2128 Antv.
1600 2090 1773 2141 Taygete
1799 2097 1844 2128 et
1861 2089 2134 2129 emendatum

307 2141 495 2193 Taygetis
514 2139 636 2179 Leid.
658 2144 856 2191 pix—260
883 2145 988 2180 caste
1007 2142 1106 2180 Vat.
1130 2147 1232 2181 tert.
1261 2141 1405 2181 tertiae
1435 2143 1674 2181 Lov.—26l
1709 2143 1816 2186 Quas
1835 2154 1981 2182 onmes
2014 2142 2135 2182 Vatt.

301 2193 398 2233 Pal.
420 2195 547 2233 Farn.
567 2193 686 2232 Prie.
707 2194 828 2234 Rott.
851 2194 1122 2234 Oisel.——262
1150 2195 1317 2234 thalami
1341 2207 1485 2234 mecum
1507 2194 1626 2234 Rott.
1655 2194 1776 2234 Med.
1798 2207 1887 2234 sec.
1914 2195 2008 2244 jure
2027 2195 2133 2235 Lov.

300 2249 433 2286 -263
459 2258 691 2297 percurrens
711 2247 831 2286 Rott.
860 2248 995 2287 ordine
1016 2249 1315 2288 Mamm—264
1344 2252 1389 2287 ut
1407 2247 1498 2286 laevi
1516 2246 1642 2287 Far'n.
1685 2247 1788 2286 lastis
1803 2247 1897 2288 Pal.
1926 2247 2046 2287 Med.
2063 2260 2131 2298 pr.

300 2300 383 2339 laeti
403 2299 522 2338 Leid.
545 2310 632 2338 sec.
653 2301 754 2338 Vat.
777 2306 878 2339 tert.
907 2300 1026 2341 Prie.
1050 2301 1171 2341 Rott.
1205 2301 1342 2342 Oisel.
1373 2302 1563 2340 Florent.
1596 2301 1678 2339 duo
1697 2300 1817 2339 Med.
1839 2301 1946 2351 Reg.
1967 2301 2130 2340 Mazar.

299 2354 424 2392 voss.
445 2351 587 2392 Oxon.
609 2364 674 2403 pr.
694 2354 796 2392 Vat.
824 2353 963 2393 Livin.
991 2355 1099 2394 Exc.
1118 2354 1299 2394 Gevart.
1319 2360 1365 2394 et
1393 2354 1501 2394 cod.
1527 2354 1673 2392 Rliem.
1701 2354 1786 2392 loeti
1808 2355 1873 2393 vel
1893 2354 2011 2394 Latio
2028 2354 2130 2393 Vat.

300 2418 368 2456 pr.
395 2405 514 2445 Latio
541 2406 611 2444 vel
646 2407 720 2445 lati
749 2406 870 2445 Med.
906 2412 1010 2447 tert.
1040 2409 1144 2447 Vat.
1174 2410 1452 2459 quart.-265
1481 2411 1623 2458 quanto
1641 2407 1969 2447 Florent.-266
1997 2407 2134 2447 Donat

298 2459 418 2498 Med.
440 2470 502 2510 pr.
525 2459 630 2498 Lov.
657 2460 705 2498 ab
723 2472 789 2498 ore
810 2459 927 2499 Med.
963 2466 1104 2512 quart.
1130 2460 1232 2500 Var.
1266 2461 1354 2501 LL.
1374 2474 1395 2499 e
1418 2471 1551 2511 marg.
1568 2461 1714 2499 Parm.
1743 2459 1831 2499 orbe
1850 2461 1953 2500 Lov.
1972 2460 2131 2501 Moret-

298 2524 384 2551 sec.
403 2513 527 2552 Voss.
543 2510 643 2551 Ald.
664 2513 772 2552 Exc.
793 2513 969 2553 Gevart.
990 2518 1037 2553 et
1064 2514 1246 2553 Lucens.
1274 2526 1339 2565 pr.
1383 2512 1477 2552 urbe
1493 2514 1593 2553 Vat.
1616 2518 1715 2552 tert.
1738 2512 1832 2552 Pal.
1854 2513 1973 2553 Rott.
1996 2512 2132 2555 oisel.

299 2566 382 2604 «luo
404 2565 524 2605 Med.
546 2565 653 2616 Reg.
675 2566 815 2604 Oxon.
836 2579 898 2617 pr.
924 2568 1076 2606 Petav.
1098 2572 1200 2606 tert.
1220 2567 1290 2606 ed.
1310 2566 1456 2607 Parm.
1476 2572 1520 2605 et
1539 2566 1683 2606 Vicet.
1721 2566 1815 2605 urbe
1835 2568 1900 2605 vel
1922 2566 2011 2606 orbe
2027 2568 2127 2607 Vat.

298 2630 361 2669 pr.
380 2619 570 2658 Floreut.
599 2619 778 2670 laudique
799 2620 905 2671 Reg.
926 2619 1079 2661 Ambr.
1100 2626 1202 2660 tert.
1224 2619 1336 2660 unde
1357 2620 1563 2659 Heinsius
1596 2620 1774 2670 laudique
1791 2620 1857 2659 vel
1875 2621 2056 2671 laudique
2084 2625 2130 2660 ut

300 2681 573 2733 conjiciebat.
620 2695 694 2734 quo
724 2683 890 2722 Bonon.
921 2683 1091 2724 Tholos.
1119 2684 1274 2723 PetaV.
1309 2695 1394 2723 sec.
1426 2681 1568 2740 anl.
1595 2693 1742 2733 quoque
1772 2682 1871 2720 Put.
1912 2683 2013 2732 quod
2045 2682 2131 2722 duo

296 2744 449 2784 Leidd.
475 2745 575 2784 Lov.
597 2746 755 2785 Moret.
773 2758 858 2786 sec.
876 2746 974 2787 Pat.
995 2746 1147 2788 Ambr.
1167 2759 1231 2798 pr.
1251 2746 1365 2786 Prie.
1387 2747 1508 2786 Rott.
1525 2746 1686 2786 Mazar.
1707 2746 1859 2785 Petav.
1878 2757 1946 2797 pr.
1966 2746 2130 2789 Thuan.

298 2809 443 2838 omnes
462 2799 583 2838 Vatt.
603 2797 703 2838 Ald.
733 2800 840 2839 Exc.
874 2801 1053 2841 Gevart.
1085 2808 1131 2842 et
1165 2802 1345 2840 Lucens.
1370 2803 1591 2840 sem—267
1622 2799 1760 2839 Fratri
1789 2799 1951 2838 Thuan.
1992 2803 2133 2838 vacant

296 2850 397 2890 Vnt.
419 2863 504 2892 sec.
523 2852 683 2892 Moret.
703 2864 769 2904 pr.
809 2854 949 2894 sentiet
972 2855 1229 2896 Rott.—268
1261 2853 1350 2899 Qua
1380 2853 1547 2894 Bonon.
1565 2853 1736 2893 Tholos.
1778 2852 1911 2894 meriti
1930 2852 2042 2893 Pal.x
2061 2863 2130 2893 nec

1125 2977 1164 3018 N
1171 2975 1300 3017 01·AE

308 3051 310 3054 ’
352 3057 433 3094 259
461 3056 844 3112 Taygeti...Cynthi]
869 3061 1089 3114 Taygetus
1108 3070 1176 3103 est
1243 3061 1460 3101 accolunt.

296 3130 416 3157 mons
437 3119 636 3159 Laconiae
671 3120 714 3159 in
735 3122 932 3163 Graecia:
981 3126 1175 3177 Cynthus
1295 3126 1375 3163 265
1406 3123 1613 3173 Neptunus
1653 3120 1702 3160 ab
1739 3121 1848 3172 orbe]
1894 3121 2126 3172 Neptunus

294 3186 363 3222 est
381 3193 498 3221 mons
518 3183 620 3222 Deli
638 3184 781 3223 insulae
797 3186 838 3224 in
859 3188 965 3227 mari
986 3189 1147 3242 AEgaeo.
1242 3185 1403 3226 dicutur
1423 3190 1572 3224 auctor
1601 3194 1808 3236 equorum
1826 3197 1836 3222 ε
1868 3183 1917 3223 ab
1949 3183 2053 3236 orbe,
2073 3184 2129 3224 ab

346 3248 427 3285 260
454 3245 608 3298 Ladon]
654 3247 826 3289 Flavius
854 3250 1076 3303 Laconiae,
1104 3265 1174 3293 cu·
1241 3248 1355 3290 omni
1373 3253 1498 3300 parte
1524 3245 1653 3286 orbis.
1708 3245 1796 3286 Alii
1831 3247 1995 3299 legunt,
2012 3248 2127 3288 donet

289 3308 363 3359 Jus
392 3321 514 3362 aquae
541 3315 673 3350 castae
701 3311 904 3352 dicuntur
935 3315 990 3355 ob
1010 3315 1175 3367 pudici·
1241 3311 1398 3352 habere.-
1417 3309 1582 3363 phrasis
1601 3309 1772 3351 Graeca.

297 3371 398 3413 tiam
444 3373 737 3426 Lacoenarum,
769 3388 861 3428 quae
898 3376 1020 3427 hujus
1057 3372 1181 3428 ripas'
