2300 3906
360 220 485 275 948.

361 354 488 407 Tali
511 352 759 407 luxuriat
782 349 934 401 cultu
956 364 968 398 :
1009 346 1335 398 comitantur
1359 350 1581 397 euntem

364 438 601 498 NaideS‚
627 441 679 486 et
704 433 860 486 socia
885 431 1095 497 stipant
1117 430 1390 497 utrimque
1416 446 1641 492 corona,

365 521 508 586 Quae
534 520 729 578 fonteS,
758 514 991 576 Crinise,
1019 519 1164 577 tuOS,
1186 519 1244 565 et
1269 529 1411 565 saxa
1434 518 1702 566 rotantem

363 603 711 668 Pantagiam,
733 613 1039 666 nomenque
1064 596 1246 649 Gelan
1265 597 1362 663 qui
1387 597 1629 663 praebuit
1651 596 1796 659 urbi,

364 687 790 739 concelebrant:
831 699 973 750 quas
996 683 1154 749 pigra
1178 681 1326 733 vado
1356 680 1651 733 Camerina
1674 680 1929 747 palustri,

366 770 525 835 Quas
548 768 866 821 Arethusaei
889 767 1104 830 laticeS‚
1132 782 1271 834 quas
1295 766 1505 817 advena
1527 764 1688 816 nutrit

902 233 996 271 GL.
1041 225 1395 267 CLAUDIAM
1439 226 1651 266 XXXV.

2122 346 2197 399 55

2124 764 2200 816 60

364 926 461 966 tali.-
494 925 644 964 Naides
661 923 899 963 comitantur
918 934 1010 961 eam
1040 922 1293 973 incedentem,
1313 927 1351 963 et
1370 923 1532 973 cingunt
1549 922 1744 973 utrimque
1761 926 1861 962 coetu
1887 922 2009 961 socio.-
2038 919 2201 961 Naides

365 992 449 1030 quae
472 978 727 1028 frequentant
748 976 884 1024 fontes
916 979 1016 1025 tuos,
1048 988 1073 1014 o
1106 976 1276 1026 Crinise,
1296 982 1335 1015 et
1355 976 1597 1024 Pantagiam
1625 976 1837 1015 volventem
1865 987 1980 1024 saxa,
1998 979 2035 1014 et
2059 974 2202 1022 Gelan,

366 1032 433 1083 qui
459 1032 569 1071 dedit
586 1042 722 1070 nomen
741 1029 852 1069 urbi.-
883 1029 1064 1080 Naides,
1083 1041 1178 1080 quas
1209 1031 1420 1069 Camerina
1437 1031 1542 1069 lenta
1566 1029 1679 1080 aquis
1706 1028 1959 1080 palustribus,
1990 1039 2085 1080 qaas
2103 1025 2202 1075 sons

1072 1132 1075 1135 “
1132 1132 1427 1147 ’,0401010000

366 1201 463 1241 Pal.
485 1200 591 1240 Cod.
611 1200 849 1240 Bartholin.
866 1201 968 1240 Vat.
996 1199 1037 1239 d.
1068 1211 1122 1238 m.
1153 1201 1347 1238 sem—55
1378 1201 1512 1236 euntes
1531 1197 1637 1237 Cod.
1659 1197 1900 1238 Bartholin.
1926 1195 2076 1237 Ambr.
2096 1201 2200 1237 tert.

367 1254 436 1294 ed.
458 1255 599 1294 Parm.
621 1260 664 1292 et
680 1254 930 1293 Vicet.—56
959 1253 1108 1292 Naides
1122 1253 1285 1291 Bonon.
1329 1251 1507 1290 Naiades
1527 1257 1614 1290 tres
1634 1252 1753 1291 Vatt.
1774 1256 1820 1290 et
1838 1252 1880 1291 d.
1901 1251 1992 1291 Pal.
2019 1251 2203 1290 Bartho-

365 1308 442 1348 lin.
469 1307 669 1359 stipantur
687 1308 787 1346 Vat.
810 1307 947 1358 quint.
972 1307 1115 1346 Oxon.
1138 1317 1204 1356 pr.
1219 1305 1407 1343 chartac.
1426 1305 1575 1344 Heius.
1603 1308 1806 1355 utramque
1825 1305 1946 1344 Voss.
1967 1316 2030 1355 pr.
2062 1315 2206 1342 corona

368 1360 452 1400 duo
471 1362 594 1400 Vatt.
616 1362 699 1399 inc.
720 1361 865 1398 Heius.
885 1359 991 1398 Cod.
1015 1358 1249 1397 Bai-tholin.
1269 1359 1375 1396 Exc.
1397 1357 1551 1397 Petav.
1573 1362 1710 1408 quart.
1737 1361 1896 1396 caterva
1913 1357 1997 1396 duo
2017 1357 2137 1396 vait.
2156 1361 2204 1395 et

367 1414 411 1452 d.
431 1414 526 1452 Pal.
551 1413 739 1452 Florent.
762 1412 846 1451 duo
873 1412 989 1450 Med.
1009 1411 1156 1449 Heius.
1182 1411 1236 1448 Η.
1266 1409 1369 1447 Put.
1400 1410 1505 1460 Reg.
1543 1410 1707 1449 Bonon.
1735 1410 1905 1449 Thalos.
1938 1411 2022 1448 duo
2044 1409 2201 1449 Petav-

367 1467 452 1506 duo
469 1468 595 1505 Voss.
618 1465 794 1504 totidem
815 1466 842 1506 J
850 1477 918 1503 nn.
940 1471 984 1503 et
1001 1465 1123 1502 Voss.
1143 1463 1241 1500 Vat.
1262 1461 1399 1500 Livin.
1415 1462 1519 1500 Var.
1539 1463 1626 1500 LL.
1647 1475 1671 1499 e
1691 1473 1824 1511 marg.
1844 1462 2096 1501 Parm.-—-57
2111 1462 2204 1501 De-

369 1524 464 1558 erat
484 1519 552 1556 hic
571 1530 717 1556 versus
735 1519 834 1555 Vat.
853 1529 940 1555 sec.
961 1524 1001 1553 et
1024 1517 1130 1553 Exc.
1146 1514 1302 1551 Petav.
1319 1518 1459 1562 quart.
1491 1513 1646 1551 Crinise
1665 1513 1766 1553 Jun.
1788 1525 1856 1564 pr.
1874 1514 1999 1553 Voss.
2017 1525 2104 1553 sec.
2118 1514 2205 1555 inc.

370 1572 525 1610 Heius.
546 1570 650 1608 Put.
672 1570 827 1606 Petav.
858 1580 921 1618 pr.
952 1567 1119 1606 Tholos.
1150 1566 1254 1603 Var.
1289 1564 1376 1603 LL.
1411 1577 1433 1603 e
1463 1577 1599 1616 marg.
1621 1566 1764 1605 Parm.
1814 1566 1991 1606 Crinisse
2011 1567 2204 1608 Florent-

369 1623 491 1661 voss.
509 1635 572 1672 pr.
607 1621 763 1660 Crisine
778 1621 878 1659 Vat.
899 1632 962 1670 pr.
982 1619 1090 1669 Reg.
1111 1618 1195 1657 duo
1216 1617 1369 1657 Petav.
1386 1617 1469 1657 duo
1487 1618 1629 1658 Oxon.
1662 1619 1832 1659 Crimise
1850 1619 2036 1660 chartac.
2050 1620 2203 1660 Heius.

370 1674 558 1714 Crimisce
581 1674 679 1712 Vat.
703 1679 803 1713 tert.
824 1679 869 1712 et
886 1673 928 1711 d.
975 1672 1144 1711 Crimise
1161 1671 1266 1709 Exc.
1290 1670 1415 1709 Laeti.
1449 1672 1606 1711 Ocri-sse
1627 1672 1726 1711 Vat.
1747 1673 1884 1724 quint.
1911 1672 2091 1713 Armisce
2109 1672 2204 1714 Pal.

367 1728 526 1768 Armise
545 1728 629 1766 duo
646 1726 764 1767 Med.
790 1726 939 1765 Heins.
960 1725 1019 1764 H.
1072 1725 1229 1763 En'sine
1250 1723 1357 1762 Cod.
1378 1725 1616 1764 Bartholin.
1637 1723 1785 1766 Ambr.
1802 1731 1903 1766 tert.
1950 1727 2117 1765 Erasine
2135 1725 2204 1767 ed.

370 1781 515 1820 Vicet.
538 1787 581 1818 et
602 1781 745 1819 Parm.
788 1792 872 1829 quoe
890 1791 988 1817 saxa
1009 1777 1109 1817 Vat.
1129 1780 1304 1828 pr.—-58
1338 1778 1587 1827 Pantaguam
1616 1779 1717 1817 Vat.
1747 1791 1814 1829 pr.
1862 1779 2091 1829 Pantagian
2109 1779 2206 1818 Flo·

368 1838 479 1873 rent.
500 1834 655 1872 Petav.
679 1845 742 1883 pr.
761 1833 843 1871 inc.
866 1832 1019 1870 Heius.
1053 1832 1182 1870 Gelan
1202 1831 1392 1869 Florent.
1413 1831 1568 1871 Petav.
1589 1843 1656 1883 pr.
1688 1832 1827 1871 Getam
1845 1837 1934 1871 tres
1945 1833 2067 1872 Vatt.
2083 1831 2204 1873 Med.

367 1899 433 1938 pr.
452 1887 553 1926 Put.
574 1888 680 1936 Reg.
703 1886 861 1924 Moret.
901 1897 967 1935 pr.
997 1884 1081 1932 duo
1119 1884 1270 1923 Petav.
1299 1883 1408 1923 Cod.
1436 1885 1675 1931 Bartholin.
1699 1886 1804 1925 Exc.
1826 1885 1979 1924 Petav.
2000 1891 2138 1936 quart.
2160 1885 2205 1924 in

370 1941 514 1980 Oxon.
541 1952 602 1989 pr.
624 1951 712 1990 seq.
744 1939 900 1978 Giossa
919 1943 1037 1976 erat:
1072 1936 1174 1976 Gela
1190 1949 1398 1988 pronomen
1405 1936 1542 1988 fluvii,
1568 1951 1593 1977 a
1613 1951 1688 1990 qao
1707 1940 1799 1976 urbs
1813 1938 1856 1977 in
1872 1937 1994 1977 Italia
2010 1939 2117 1977 dieta
2129 1942 2204 1978 est.

368 1994 470 2033 unde
495 1992 693 2042 Virgilius
710 1992 752 2030 in
759 1992 847 2044 fine
867 2002 938 2030 ιιι.
958 1991 1118 2030 AEneid.
1139 1992 1150 2011 ‘
1173 1990 1373 2041 Apparet
1400 1991 1628 2031 Camerina
1647 1995 1792 2043 procui
1814 1992 2041 2043 campique
2061 1991 2206 2042 Geloi,

368 2046 660 2097 Immanisque
683 2046 794 2084 Gela
812 2043 989 2083 fluvium
1009 2055 1271 2094 cognoscere
1291 2043 1437 2082 dicta.’

374 2205 460 2243 duo
491 2204 616 2242 Voss.
650 2202 784 2241 chart.
822 2201 973 2240 Heins.
1006 2200 1113 2240 Cod.
1144 2201 1384 2239 Bartholin.
1413 2202 1512 2240 vat.
1546 2202 1684 2242 Livin.
1704 2203 1807 2242 Exc.
1838 2203 1992 2242 Petav.
2011 2207 2210 2254 quart.—

374 2261 427 2297 60
446 2255 583 2306 fontes
611 2267 690 2306 pro
719 2255 856 2294 latices
876 2255 977 2294 Vat.
998 2254 1243 2306 quina-61
1272 2254 1434 2292 Alaeus.
1473 2254 1530 2293 At
1565 2255 1699 2305 Cyane
1730 2255 1833 2295 Jun.
1864 2266 1952 2296 sec.
2000 2256 2208 2307 Cyaneque

1199 2363 1382 2404 NOTAE

1481 2057 1567 2095 quae
1592 2044 1765 2095 praebuit
1796 2044 1892 2084 Pal.
1929 2044 2050 2084 Med.
2084 2056 2208 2096 pr.—·
2279 2052 2288 2057 “

372 2103 426 2138 59
449 2100 579 2148 prima
599 2110 675 2148 pro
693 2099 810 2148 pigra
828 2098 930 2136 Vat.
951 2109 1015 2147 pr.
1063 2097 1180 2145 nigra
1197 2097 1365 2136 Tholos.
1414 2097 1608 2137 Carmena
1627 2098 1816 2137 Florent.
1864 2097 2076 2136 Camarina
2095 2097 2205 2137 Exc.
2222 2119 2225 2122 ⁴

372 2152 497 2192 Laeti.
541 2150 748 2189 Camerina
767 2162 912 2188 omnes
934 2150 1054 2188 Vatt.
1074 2150 1168 2187 Pal.
1190 2149 1290 2187 Put.
1311 2150 1418 2199 Reg.
1437 2149 1520 2188 duo
1543 2151 1694 2190 Petav.
1723 2150 1866 2189 Oxon.
1895 2162 1961 2201 pr.
1986 2149 2070 2189 duo
2102 2149 2207 2190 Jun.
2270 2170 2272 2174 ·

369 2446 415 2482 et
433 2453 582 2483 revera
601 2455 677 2484 suo
706 2455 839 2483 cornu
865 2442 1093 2495 distinguit
1111 2448 1258 2495 partes

371 2506 590 2547 mensium.

425 2573 475 2607 55
506 2569 725 2621 Luxuriat]
765 2569 818 2609 Id
846 2573 927 2622 est,
954 2573 1131 2609 ornatur
1161 2581 1258 2609 cum

373 2631 475 2670 luxu
496 2637 540 2671 et
560 2644 730 2683 pompa.

429 2697 484 2735 56
517 2695 682 2748 Naides]
710 2696 833 2746 Nais,
854 2694 1034 2746 Naidos,
1053 2701 1098 2736 et
1110 2696 1260 2746 Naias,

373 2756 586 2807 Naiados‚
606 2764 673 2797 est
698 2759 901 2810 Nympha
937 2771 1159 2812 aquarum,
1182 2758 1259 2798 ἀπὸ

371 2820 442 2859 τοῦ
459 2819 593 2870 ναίειν,
613 2824 724 2873 quod
747 2828 814 2862 est
818 2822 964 2873 fluere.

427 2886 479 2922 67
512 2884 689 2924 Crini-se.
775 2884 1037 2935 Pantagiam]
1067 2884 1258 2925 Crinisus

374 2945 443 2983 vel
460 2945 694 2985 Crimnisus
711 2945 863 2986 fluvius
880 2953 944 2986 est
962 2947 1118 2987 Siciliae
1135 2954 1259 2999 pater

373 3004 547 3045 Acestis
565 3007 715 3058 Sicuti,
732 3008 843 3047 sicut
863 3015 910 3047 et
930 3008 1163 3060 Pantagias
1183 3007 1259 3048 flu-

373 3065 485 3117 vius,
503 3068 573 3118 qni
593 3068 752 3107 dicitur
771 3068 848 3107 ἀπὸ
878 3071 950 3108 τοῦ
972 3069 1101 3110 πάντα
1134 3071 1259 3123 ἄγειν,

374 3129 505 3169 omnia
536 3142 669 3180 agere,
695 3143 849 3182 rapere,
880 3133 992 3184 quod
1026 3136 1167 3174 omnia
1195 3148 1259 3175 ra-

376 3191 482 3245 piat.

430 3258 483 3294 58
513 3255 659 3306 Gelan]
689 3256 819 3296 Gelas
851 3255 1001 3297 fluvius
1031 3259 1158 3299 etiam
1188 3265 1258 3301 est

374 3319 560 3367 Siciliae;
590 3319 702 3360 unde
722 3321 820 3359 urbs
839 3321 951 3360 Gela
971 3322 1088 3361 dicta
1105 3329 1186 3364 est.

428 3384 483 3422 69
504 3381 731 3434 Camerina]
754 3382 837 3423 Vel
854 3383 1080 3437 Camarina,
1097 3391 1166 3426 est
1184 3397 1258 3438 pa-

1325 2445 1390 2484 lus
1423 2444 1597 2493 Siciliae,
1640 2458 1767 2499 quam
1803 2449 1956 2486 contra
1991 2444 2207 2485 oraculum

1323 2507 1455 2547 Siculi
1483 2514 1711 2549 moverunt
1744 2513 1872 2561 atque
1904 2508 2209 2560 exhauserunt,

1325 2577 1372 2612 et
1403 2573 1602 2623 ingressis
1632 2573 1711 2613 hac
1738 2574 1946 2622 hostibus,
1968 2584 2114 2625 poenas
2133 2572 2209 2612 de-

1325 2633 1496 2674 derunt.
1549 2635 1782 2687 Virgilius:
1812 2636 1825 2658 ‘
1856 2636 1966 2675 Fato
1993 2646 2208 2688 nunquam

1326 2708 1531 2736 concessa
1563 2697 1743 2748 moveri,
1771 2696 1967 2748 Apparet
1984 2696 2210 2737 Camerina.

1326 2758 1506 2810 procul!
1564 2759 1790 2807 Camerina
1822 2759 1953 2798 etiam
1983 2758 2125 2798 odoris
2144 2761 2210 2798 est

1326 2820 1555 2871 teterrimi,
1593 2834 1687 2873 quae
1721 2826 1837 2861 mota
1883 2827 1958 2860 aut
2004 2831 2210 2860 concussa

1329 2896 1526 2923 nauseam
1555 2884 1680 2935 parit.
1737 2884 1795 2923 Et
1821 2883 1922 2922 inde
1942 2882 2056 2923 forte
2075 2881 2207 2923 etiam
2272 2890 2275 2894 '

1325 2951 1472 2985 natum
1506 2947 1802 2998 proverbium:
1847 2946 1912 2985 Ne
1942 2956 2092 2984 moveas
2131 2946 2209 2984 Ca-

1325 3009 1542 3049 marinam.-
1570 3011 1687 3052 κινεῖν
1705 3007 1941 3060 Καμαρίνην,
1962 3019 2110 3047 movere
2129 3008 2207 3048 Ca-

1325 3073 1541 3111 marinam:
1572 3068 1844 3120 Erasmus,'in
1859 3083 1943 3121 eos,
1956 3071 2028 3122 qui
2048 3071 2207 3111 malum

1325 3133 1406 3172 sibi
1437 3139 1677 3182 accersunt,
1697 3133 1796 3184 quia
1830 3133 2054 3172 Camerina
2081 3133 2205 3184 palus

1322 3196 1335 3217 ‘
1356 3195 1516 3234 siccata
1535 3195 1820 3244 pestilentiam
1837 3194 2033 3235 creavit.'

1376 3261 1430 3296 60
1447 3257 1687 3310 Arethusaei]
1708 3257 1921 3297 Arethusa
1936 3257 2029 3298 fons
2048 3263 2114 3298 est
2133 3264 2219 3300 no-'
2299 3266 2300 3304 j

1323 3319 1549 3360 bilissimus
1595 3319 1903 3372 Syracusarum
1950 3321 1995 3360 in
2031 3321 2208 3372 Sicilia3

1323 3382 1449 3434 huJus
1481 3395 1614 3435 aquas
1641 3382 1713 3436 qui
1738 3387 1893 3435 potant
1911 3382 2219 3427 commendam,
2298 3373 2300 3423 Ϊ

2297 3471 2300 3507 Ι
