2300 3906
330 148 442 201 944

333 265 588 318 Candida
613 263 895 316 Parrhasii
922 259 1214 326 posthanc
1242 261 1428 326 regina
1455 259 1670 330 Lycaei,

330 352 404 404 Et
427 349 768 402 Pandionias
795 361 920 410 quae
948 341 1180 409 cuspide
1208 346 1444 411 protegit
1469 361 1645 407 arceS,

331 434 581 501 Utraque
606 433 776 495 virgo,
801 432 990 478 ruunt:
1029 426 1149 477 haec
1175 427 1424 479 tristibus
1451 446 1650 497 aspera
1677 427 1838 481 bellis
1861 446 1876 495 ;
2085 431 2158 485 20

333 519 482 571 Haec
502 513 791 568 metuenda
816 511 973 562 feris:
1015 509 1266 562 Tritonia
1291 511 1510 563 casside
1538 515 1691 579 fulva

334 601 611 654 Coelatum
635 597 911 665 Typhona
932 595 1089 662 gerit,
1118 595 1233 662 qui,
1262 611 1474 647 summa
1501 602 1791 663 peremtuS,

331 686 454 738 Ima
480 689 638 751 parte
663 681 827 747 viget,
849 681 1088 732 moriens
1113 687 1165 731 et
1188 686 1348 747 parte
1376 685 1656 748 superstes
1672 699 1698 748 3·

332 769 627 836 Hastaque
653 765 886 818 terribili
911 781 1139 832 surgens
1161 782 1259 833 per
1282 767 1469 818 nubila
1494 783 1627 836 gyro

873 159 968 197 GL.
1007 154 1362 194 CLAUDIANI
1404 154 1616 196 XXXV·
1652 194 1656 197 ,

330 973 418 1009 cata
439 981 463 1007 a
481 966 643 1017 conjuge
660 966 855 1006 Vulcano
875 965 1078 1016 suspendit
1093 970 1239 1006 vestem
1265 979 1513 1019 pnrpuream.
1570 968 1669 1007 Post
1687 969 1786 1009 hanc
1802 969 2017 1009 Venerem
2050 972 2157 1009 eunt

325 1024 490 1074 pulchra
514 1023 646 1060 Diana
669 1021 820 1069 Regina
841 1019 974 1070 Lyecei
997 1020 1195 1070 Arcadici,
1213 1025 1251 1060 et
1274 1022 1421 1071 Ραὶίαε,
1435 1035 1521 1072 quoe
1538 1022 1711 1070 defendit
1725 1028 1874 1073 sceptro
1894 1022 2026 1061 urbem
2040 1022 2163 1061 Athe-

327 1078 512 1115 niensem.
569 1073 706 1113 Ambae
725 1073 900 1122 virgines
913 1074 1080 1112 celerant
1096 1088 1108 1113 .·
1136 1075 1217 1113 hoec
1236 1074 1379 1113 Pallas
1391 1075 1549 1124 furiosa
1568 1075 1675 1115 bellis
1688 1076 1903 1115 crudelibus
1920 1089 1935 1121 ,·
1961 1076 2042 1114 haec
2056 1075 2158 1114 Dia-

329 1141 384 1168 na
405 1129 574 1167 timenda
582 1127 710 1175 seris.-
739 1128 874 1166 Pallas
890 1126 980 1173 sert
1003 1127 1223 1178 Typhonem
1254 1130 1446 1178 sculptum
1480 1129 1521 1167 in
1539 1130 1654 1178 galea
1681 1134 1823 1169 aurata
1838 1142 1851 1174 ;
1877 1131 1943 1180 qui
1976 1129 2154 1179 Typhon

331 1183 476 1222 occisus
495 1181 634 1233 quoad
653 1181 852 1231 superiora
884 1179 1090 1230 membra,
1133 1182 1233 1221 vivit
1267 1183 1310 1221 in
1338 1186 1455 1233 parte
1473 1182 1702 1231 'inferiorem
1729 1184 1894 1222 moriens
1927 1182 2085 1233 partim
2123 1185 2164 1221 et

322 1237 472 1288 partim
490 1236 622 1275 vivens
634 1248 651 1284 ;
678 1238 713 1274 et
734 1234 848 1273 hasta
867 1233 959 1285 ejus
980 1234 1188 1286 Palladis,
1205 1247 1417 1286 exsurgens
1428 1248 1501 1288 per
1520 1236 1646 1277 aerem
1665 1236 1812 1276 ambitu
1831 1236 2021 1275 horrendo
2049 1234 2164 1274 habet

1100 1360 1395 1376 OOOOOOOOOOOO

330 1450 470 1498 quart.
488 1445 555 1486 ed.
575 1446 718 1484 Parm.
739 1447 786 1484 et
803 1444 945 1484 Vicet.
966 1443 1053 1483 vid.
1076 1444 1246 1482 Claver.
1283 1445 1496 1483 Coronide
1527 1456 1623 1494 cap.
1644 1445 1822 1482 19.——18
1847 1446 1934 1492 post
1965 1442 2047 1481 hoec
2079 1442 2163 1482 Pe-

329 1506 416 1538 tav.
435 1503 607 1549 pr.—20
634 1500 715 1536 ruit
735 1499 834 1535 Vat.
854 1497 895 1535 d.
922 1497 1078 1535 Petav.
1101 1499 1271 1545 [ηπ-21
1302 1497 1448 1535 casside
1471 1496 1584 1546 flava
1608 1496 1761 1535 Petav.
1781 1497 1977 1534 sea—22
2011 1495 2164 1546 Typho-

327 1565 379 1591 na
393 1553 490 1591 vat.
512 1557 609 1589 tert.
631 1551 728 1588 Var.
749 1550 836 1587 LL.
865 1561 889 1586 e
910 1561 1041 1598 marg.
1056 1549 1202 1587 Parm.
1234 1548 1416 1599 Pythona
1435 1550 1621 1588 chartac.
1643 1549 1794 1587 Heins.
1820 1547 1982 1587 Tritona
1996 1548 2160 1590 Moret-

330 1617 393 1655 pr.
427 1603 597 1642 Pithona
616 1607 703 1640 tres
723 1602 843 1640 Vatt.
864 1606 908 1639 et
941 1601 982 1639 d.
1005 1600 1112 1639 Cod.
1134 1601 1371 1641 Bartholin.
1401 1602 1546 1642 Fitona
1566 1603 1730 1642 Bonon.
1759 1597 1907 1641 Ambr.
1940 1606 2042 1641 tert.
2062 1601 2162 1640 Phi-

328 1662 418 1696 tona
438 1657 628 1695 Florent.
652 1656 756 1704 Reg.
773 1666 825 1694 m.
846 1666 911 1703 pr.
930 1654 1012 1693 duo
1034 1655 1186 1693 Petav.
1204 1654 1382 1694 totidem
1398 1655 1499 1696 Jun.
1516 1662 1561 1696 et
1579 1657 1703 1695 Voss.
1723 1656 1831 1695 Exc.
1849 1655 2002 1703 Petav,
2018 1660 2161 1707 quart.

328 1710 395 1750 ed.
416 1705 557 1748 Pa'rm.
579 1715 623 1747 et
642 1709 784 1747 Vicet.
809 1708 993 1758 Typhona
1009 1708 1076 1746 vel
1102 1708 1272 1747 Phitona
1293 1708 1435 1750 Oxon.
1451 1721 1513 1760 pr.
1536 1709 1619 1750 inc.
1639 1709 1789 1748 Heins.
1807 1708 1874 1759 qui
1887 1720 2036 1747 summa
2055 1709 2160 1748 Exc.

328 1762 454 1802 Laeti.
482 1762 547 1813 qui
570 1766 685 1812 parte
718 1762 816 1801 Vat.
852 1762 988 1812 quint.
1017 1773 1240 1812 summaque
1268 1766 1467 1813 peremtus
1500 1763 1601 1803 Vat.
1636 1763 1676 1803 d.
1711 1762 1862 1803 Petav.
1893 1764 2089 1802 sem—23
2118 1762 2162 1802 in

323 1820 438 1868 parte
453 1816 576 1855 Voss.
596 1827 660 1866 pr.
677 1816 843 1854 Bonon.
872 1815 1016 1854 Oxou.
1040 1827 1105 1866 pr.
1123 1815 1223 1854 Vat.
1242 1815 1488 1867 qamt—24
1518 1818 1559 1856 in
1587 1816 1718 1856 nubila
1738 1817 1858 1855 Voss.
1880 1828 1945 1867 pr.
1974 1815 2163 1867 gyroed.

326 1872 472 1911 Parni.
494 1875 538 1909 et
566 1870 707 1909 vicet.
726 1868 840 1917 ferro
861 1868 964 1909 Cod.
984 1868 1224 1909 Bartholin.
1252 1875 1298 1909 et
1331 1870 1402 1909 alii
1437 1881 1591 1922 magno
1621 1881 1812 1910 numero.
1837 1881 1938 1921 gyro
1959 1870 2025 1908 vel
2047 1867 2164 1918 ferro

1150 1994 1327 2037 NOTAE

326 2106 397 2133 acu
425 2093 568 2146 itaque
594 2097 659 2132 est
679 2104 757 2132 acu
776 2092 1029 2133 Gratiarum
1057 2091 1212 2132 Idalia·
1279 2096 1372 2132 tata
1391 2096 1473 2134 est.
1528 2091 1617 2132 Alii
1638 2093 1721 2132 alia
1741 2092 1947 2143 sentiunt,
1973 2103 2053 2132 nec
2084 2091 2162 2133 mi-

328 2152 434 2195 rum.
1279 2167 1371 2194 rum
1393 2155 1519 2196 estin
1540 2168 1585 2195 re
1605 2155 1818 2196 fabulosa.

382 2216 555 2266 Sudata]
584 2217 636 2256 Id
658 2221 741 2267 est,
765 2228 921 2268 magno
952 2217 1123 2268 sudore,
1153 2217 1211 2257 la·
1332 2221 1385 2257 22
1436 2219 1645 2269 Typhona]
1716 2219 1901 2269 'syphon
1967 2230 2041 2258 seu
2080 2214 2163 2271 Ty-

329 2281 449 2330 bore,
470 2285 564 2318 arte
579 2278 805 2319 fabricata.
1279 2280 1442 2332 phoeus,
1473 2281 1613 2319 Titani
1643 2285 1688 2320 et
1715 2282 1864 2320 Terrae
1894 2279 2017 2330 filius,
2039 2281 2162 2334 gigas

384 2346 434 2381 18
481 2341 714 2393 Parrhasii]
772 2341 824 2381 Id
860 2346 942 2389 est,
977 2340 1210 2382 Arcadici:
1281 2355 1407 2395 quem
1424 2342 1569 2382 Pallas
1589 2341 1839 2393 interfecit3
1869 2349 1915 2383 et
1948 2343 2045 2384 ideo
2077 2343 2164 2386 fert

326 2417 422 2445 nam
444 2403 632 2444 Arcadia
648 2404 831 2444 Graeciae
852 2405 972 2455 regio
993 2405 1215 2456 appellata
1281 2406 1370 2458 ejus
1399 2405 1581 2458 effigiem
1610 2406 1842 2458 depictam,
1871 2407 1989 2452 velut
2018 2407 2061 2446 in
2082 2407 2164 2460 sig-

328 2474 396 2509 est
416 2469 648 2508 Parrhasia
679 2481 703 2507 a
725 2468 971 2520 Parrhasio,
1002 2470 1069 2507 vel
1099 2469 1213 2508 Mar-

327 2532 381 2571 tis
402 2531 469 2571 vel
490 2531 699 2583 Lycaonis
716 2530 817 2572 filio.

345 2645 350 2652 ι
379 2595 535 2648 Lyca-i]
579 2596 704 2634 Mons
736 2600 804 2635 est
832 2593 1053 2645 Arcadiae,
1085 2601 1210 2647 aptus

325 2651 563 2708 venationi,
584 2659 740 2698 Dianae
759 2671 897 2711 sacer,
913 2665 959 2700 et
978 2659 1210 2712 cujusideo

326 2720 487 2761 dicitur
508 2722 685 2773 Regina.
1062 2719 1069 2726 ¹

381 2788 434 2824 19
461 2786 722 2837 Pandionias]
779 2786 833 2825 Id
863 2790 946 2838 est,
973 2784 1208 2826 Athenien-

327 2859 395 2888 ses
412 2861 422 2887 :
453 2861 477 2887 a
494 2849 617 2900 Rege
637 2849 875 2890 Pandione.

382 2911 568 2964 Cuspide]
596 2912 806 2964 Sceptr03
837 2926 935 2952 nam
955 2913 1090 2953 hastae
1109 2913 1208 2953 olim

325 2984 405 3033 pro
425 2975 608 3024 sceptris
630 2980 769 3025 erant,
789 2981 837 3015 nt
861 2988 993 3028 supra
1012 2976 1207 3016 vidimus.

377 3041 429 3078 21
464 3038 661 3089 Tritonia]
719 3041 878 3088 Pallas,
921 3054 1016 3093 quae
1046 3041 1206 3081 dicitur

323 3100 515 3141 Tritonia
533 3113 558 3139 a
575 3101 766 3152 Tritone,
788 3103 855 3141 vel
887 3101 1018 3142 fluvio
1045 3104 1114 3143 vel
1134 3116 1204 3155 pa·

324 3162 440 3214 lude,
468 3176 545 3203 seu
565 3163 726 3215 Libyae,
756 3177 830 3204 seu
861 3166 1106 3218 Thessaliae,
1133 3179 1208 3207 seu

325 3226 523 3283 Boeotiae,
553 3227 622 3266 ubi
644 3229 787 3268 Pallas
816 3241 840 3267 a
869 3231 1082 3269 nonnullis
1112 3237 1207 3272 orta

323 3289 498 3341 dicitur,
533 3295 580 3329 et
607 3297 772 3343 patrem
805 3292 1003 3332 habuisse
1035 3294 1205 3345 Neptu-

323 3349 440 3404 n'um3
459 3365 556 3407 quae
573 3353 720 3395 Pallas
740 3359 890 3407 postea
907 3367 933 3396 a
946 3355 1056 3397 Jove
1072 3357 1202 3409 adop·

1280 2481 1380 2508 num
1405 2469 1593 2509 victoria*
1617 2475 1864 2521 reportatae.

1330 2531 1491 2571 Summa
1507 2532 1732 2584 speremus]
1785 2533 1980 2585 Typhon,
2011 2538 2060 2574 ut
2092 2546 2164 2575 ce·

1277 2596 1362 2634 teri
1390 2595 1599 2647 gigantes,
1631 2596 1818 2637 habebat
1850 2609 1978 2638 crura
2007 2598 2160 2649 pedes-

1278 2671 1360 2711 que
1379 2660 1628 2711 anguineos,
1648 2660 1724 2699 sed
1747 2660 1910 2700 occisus
1930 2666 1996 2701 est
2014 2673 2038 2701 a
2059 2661 2160 2702 Pal·

1276 2722 1391 2772 lade,
1406 2723 1519 2774 quod
1540 2728 1710 2774 spectat
1729 2723 1783 2763 ad
1799 2723 2045 2775 superiores
2065 2736 2160 2764 cor-

1275 2785 1392 2837 poris
1411 2785 1584 2825 humani
1612 2792 1779 2838 partes3
1809 2792 1953 2838 partes
1985 2785 2160 2827 inferio-

1276 2860 1343 2888 res
1373 2850 1593 2901 anguineae
1614 2847 1825 2889 difficilius
1854 2855 2022 2889 necatae-
2042 2854 2158 2899 sum,

1278 2919 1327 2952 ut
1347 2913 1507 2952 accidit
1525 2913 1579 2952 de
1597 2914 1883 2965 serpentibus.
1922 2913 2033 2952 Nam
2052 2924 2157 2951 sum-

1277 2989 1354 3027 ma,
1387 2975 1430 3016 id
1452 2981 1534 3027 est,
1554 2977 1694 3029 quoad
1713 2988 1891 3026 summa,
1907 2974 1974 3014 vel
2007 2986 2156 3014 secun-

1274 3039 1375 3079 dum
1419 3051 1641 3092 supremas
1678 3038 1871 3091 corporis
1907 3042 2076 3089 partes:
2107 3037 2155 3077 fi-

1274 3115 1383 3153 gura
1397 3102 1562 3143 Graecis
1577 3101 1751 3141 usitata.
1791 3099 1998 3140 Horatius
2027 3099 2157 3152 dixit,

1274 3168 1286 3187 ‘
1304 3166 1460 3206 Cetera
1479 3162 1650 3204 fulvus.’

1325 3231 1379 3268 24
1409 3226 1591 3267 Terribili
1614 3225 1734 3278 gyro]
1775 3224 1953 3267 Ambitu
1972 3230 2155 3279 quatuor

1272 3291 1529 3332 cubitorum.
1602 3288 1689 3330 Alii
1726 3291 1876 3343 legunt
1899 3291 2032 3344 ferro,
2073 3303 2155 3332 neo

1270 3355 1393 3396 male.
