2300 3906
278 176 389 234 ⁷60
845 191 940 229 cr..
981 185 1336 229 cLAumAm
1377 187 1562 226 xxvi.

281 309 530 362 Fortuna
556 309 849 361 famulante
872 305 1087 373 premit.
1163 302 1293 356 Scis
1313 305 1457 372 ipse,
1480 307 1692 373 perosis

281 391 544 446 Arcadiae
571 408 734 460 quam
755 390 925 440 densa
940 388 1090 456 jugis
1117 387 1478 442 cumulaverit
1503 407 1665 457 ossa3

279 480 559 545 Sanguine
582 491 744 543 quam
769 474 920 539 largo
950 471 1151 525 Graios
1177 472 1487 526 calefecerit
1511 491 1718 527 amnes.
2009 475 2115 527 515

283 563 687 628 Extinctusque
712 558 877 620 fores,
896 557 952 609 ni
975 562 1029 608 te
1054 557 1163 607 sub
1186 556 1406 607 nomine
1430 557 1613 625 legum

282 646 534 710 Proditio
556 645 815 711 regnique
840 643 1003 696 favor
1027 642 1265 694 texisset
1290 639 1417 693 Eoi.

352 731 516 782 Talia
537 730 891 797 grandaevum
914 727 1195 780 flammata
1217 726 1395 778 fronte
1414 727 1735 794 loquentem

228 865 230 871 ‚
282 814 650 883 Obliquisque
675 820 838 865 tuens
865 813 1064 876 oculiS,
1090 829 1198 864 non
1219 812 1444 881 pertulit
1468 812 1614 865 ultra
1640 829 1656 878 ;

283 899 399 951 Sed
422 901 570 967 rupit
594 899 816 951 rabidas
842 913 1077 950 accensa
1100 897 1364 964 superbia
1386 912 1578 949 voces.
2010 896 2118 949 520

356 985 417 1036 Si
438 1001 549 1036 non
574 986 771 1036 mentis
793 983 956 1050 inops
979 981 1341 1050 fraudataque
1367 982 1624 1034 sensibus
1651 987 1793 1035 aetas

284 1067 563 1122 Praeberet
586 1069 822 1132 veniam,
843 1083 1125 1136 nunquam
1158 1068 1280 1120 haec
1307 1068 1607 1136 opprobria
1630 1068 1834 1135 linguae

274 1219 418 1269 justos,
428 1219 595 1268 fortuna
606 1218 792 1267 favente,
785 1232 795 1241 ·
820 1219 904 1271 ipse
923 1220 1042 1267 nosti,
1059 1232 1176 1270 quam
1197 1220 1320 1272 spissa
1339 1221 1575 1271 congesserit
1594 1233 1679 1260 ossa
1698 1221 1741 1259 in
1767 1220 1960 1260 montibus
1977 1219 2120 1259 odiosis

283 1273 495 1321 Arcadioe;
535 1286 651 1323 quam
678 1272 828 1324 copioso
856 1285 990 1312 cruore
1016 1273 1243 1324 tepefecerit
1262 1275 1411 1326 fluvios
1436 1275 1609 1314 Graecos.
1679 1275 1735 1313 Et
1770 1279 1818 1313 tu
1851 1274 1945 1324 ipse
1975 1273 2122 1312 occisus

273 1326 399 1376 fores,
416 1326 494 1365 nisi
506 1326 673 1379 perfidia
692 1330 731 1366 et
753 1325 873 1374 favor
893 1326 1055 1376 Imperii
1078 1327 1259 1366 Orientis
1275 1327 1510 1377 defendisset
1530 1331 1570 1367 te
1592 1327 1663 1366 sub
1687 1327 1814 1379 specie
1842 1328 1987 1377 legum.
2045 1325 2119 1365 Su-

277 1380 418 1432 per-bia
444 1379 611 1420 Alarici
641 1380 832 1431 aspiciens
861 1379 985 1418 torvis
1012 1380 1132 1419 oculis
1158 1393 1232 1419 non
1257 1393 1371 1431 passa
1398 1385 1455 1420 est
1482 1381 1647 1420 ulterius
1672 1393 1799 1420 senem
1817 1381 1898 1419 hoec
1926 1380 2120 1419 dicentem

283 1433 421 1472 vultu
406 1446 575 1484 incenso,
592 1434 657 1473 sed
676 1446 730 1472 ea
747 1433 991 1485 inflammata
1022 1434 1173 1473 laxavit
1190 1434 1265 1473 has
1284 1446 1393 1473 voces
1413 1433 1602 1482 furiosas.
1660 1433 1699 1473 Ο
1722 1446 1870 1480 senex,
1899 1433 1934 1471 si
1967 1445 2042 1472 non
2059 1445 2119 1471 se·

281 1491 417 1527 nectus
455 1500 588 1528 carens
615 1487 744 1526 animo
771 1490 810 1527 et
839 1487 1028 1527 destituta
1054 1499 1167 1526 sensu
1196 1488 1308 1526 daret
1337 1487 1418 1527 tibi
1448 1487 1748 1538 excusationem,
1785 1499 1983 1537 nunquam
2018 1485 2123 1525 Ister

1060 1605 1082 1619 0
1086 1603 1229 1619 “5¹6“
1233 1604 1253 1618 e
1257 1605 1305 1619 ‘O
1309 1604 1357 1618 ‘O

283 1690 426 1731 temnis
445 1691 572 1729 Farn.
595 1690 716 1731 Rott.
737 1690 874 1730 Oisel.
895 1691 1056 1731 Moret.
1089 1703 1154 1742 pr.
1185 1695 1336 1742 tempus
1353 1690 1474 1731 Med.
1496 1694 1721 1730 sem—513
1752 1691 1958 1731 simulante
1979 1689 2122 1730 Oxou.

283 1755 370 1784 sec.
390 1744 614 1783 stimulante
633 1743 717 1782 duo
734 1745 857 1784 Vatt.
892 1745 987 1784 Pal.
1016 1745 1138 1784 Med.
1169 1757 1233 1796 pr.
1266 1746 1366 1784 Pnt.
1401 1745 1565 1784 Mazar.
1599 1745 1684 1784 duo
1703 1744 1861 1784 Petav.
1881 1745 1990 1783 Bon.
2021 1743 2123 1783 Pat.

281 1797 435 1837 Ambr.
455 1809 520 1848 pr.
542 1799 647 1837 Var.
669 1798 761 1838 LL.
783 1797 851 1837 ed.
872 1796 1006 1839 Antv.
1036 1798 1189 1850 perosis
1206 1799 1309 1838 Exc.
1334 1800 1515 1838 Lucens.
1530 1810 1618 1838 sec.
1636 1804 1680 1837 et
1700 1799 1762 1838 ita
1778 1799 1861 1849 leg.
1878 1797 2030 1837 Heius.
2050 1796 2124 1848 qni

283 1851 415 1890 etiarn
431 1852 756 1902 perustis...rogis
775 1852 1038 1903 conjecerat.
1066 1852 1216 1903 peresis
1237 1852 1419 1903 Raphel.
1448 1864 1609 1904 perosus
1639 1851 1724 1892 duo
1759 1851 1913 1892 Leidd.
1942 1850 2124 1891 totidem

286 1905 427 1945 Oxon.
461 1911 646 1956 quatuor
663 1906 786 1945 Vatt.
817 1906 910 1945 Pal.
942 1907 1067 1946 Farn.
1098 1906 1215 1946 Prie.
1246 1907 1365 1946 Rott.
1402 1905 1539 1946 Oisel.
1566 1906 1669 1947 Jun.
1705 1919 1770 1958 pr.
1801 1907 1908 1945 Exc.
1944 1903 2124 1944 Laeti.-

285 1962 363 1997 514
381 1959 498 2008 jugis
517 1959 618 1998 Vat.
639 1971 705 2009 pr.
727 1960 856 1998 Fam.
876 1958 998 1999 Leid.
1017 1972 1101 1999 sec.
1122 1972 1178 2000 m.
1198 1971 1262 2010 pr.
1281 1960 1391 2009 rogis
1410 1960 1600 1999 Florent.
1622 1965 1710 1999 tres
1728 1960 1849 1999 Med.
1869 1959 1952 1998 inc.
1972 1957 2124 1997 Heius.

284 2011 389 2051 Put.
410 2012 518 2062 Reg.
539 2013 699 2051 Thnan.
718 2013 883 2052 Mazar.
904 2020 991 2051 tres
1012 2014 1166 2052 Petav.
1186 2019 1276 2052 tres
1297 2013 1448 2054 Ambr.
1468 2015 1577 2053 Bon.
1599 2013 1698 2054 Pat.
1717 2014 1888 2053 Tholos.
1905 2018 1995 2051 vet.
2017 2010 2126 2062 Gyr.

283 2065 410 2109 Voss.
431 2066 537 2104 Lov.
559 2066 720 2105 Moret.
741 2078 827 2105 sec.
861 2067 966 2106 Exc.
988 2067 1168 2106 Gevart.
1204 2067 1388 2111 Lucens.
1419 2080 1507 2107 sec.
1542 2067 1695 2107 Sched.
1726 2067 1841 2107 Gud.
1861 2067 1965 2105 Var.
1995 2065 2081 2104 LL.
2102 2077 2126 2103 e

282 2130 415 2168 marg.
431 2119 576 2158 Parm.
586 2119 701 2169 jugis
720 2120 788 2158 vel
805 2119 911 2169 rogis
930 2121 1037 2159 Exc.
1060 2120 1184 2159 Laeti.
1202 2121 1456 2160 cumulaverit
1470 2121 1631 2160 Mon-et.
1652 2133 1717 2171 pr.
1736 2119 1991 2160 cumulaveris
2006 2117 2127 2159 Med.

284 2177 428 2223 quart.
446 2174 710 2212 cumulaverat
730 2174 838 2223 Reg.
872 2173 1012 2212 Oxon.
1034 2186 1098 2225 pr.
1119 2175 1223 2213 Lov.
1245 2174 1406 2213 Moret.
1437 2185 1524 2213 sec
1526 2177 1659 2212 —515
1690 2174 1827 2223 largus
1859 2174 2024 2212 Bonon.
2046 2174 2127 2210 lato

285 2226 413 2266 Voss.
444 2239 500 2265 m.
536 2238 602 2277 pr.
640 2226 780 2275 Graioe
814 2227 957 2266 Oxon.
992 2239 1054 2279 pr.
1091 2226 1216 2276 Graio
1235 2227 1379 2267 Oxon.
1413 2239 1497 2266 sec.
1519 2227 1673 2266 Graves
1692 2227 1808 2266 Prie.
1832 2227 1994 2265 Graecos
2013 2226 2123 2264 Exc.

284 2278 415 2328 Laeti,
435 2279 505 2318 ed.
528 2281 669 2319 Parm.
692 2280 854 2319 Groecos
873 2279 1131 2329 tremefecerit
1154 2281 1225 2320 ed.
1245 2281 1388 2320 Vicet.
1414 2281 1556 2329 Grajos
1575 2279 1794 2329 calefecerit
1815 2281 1920 2318 Exc.
1940 2279 2125 2318 Lucens.

285 2345 353 2383 pr.
374 2334 476 2372 Var.
496 2333 581 2372 LL.
604 2345 628 2372 e
648 2345 781 2384 marg.
810 2334 957 2373 Par-,m
980 2334 1126 2383 Grajos
1144 2335 1254 2383 largo
1284 2333 1513 2395 calefecerat
1534 2335 1639 2373 LoV.
1659 2333 1866 2381 confecerit
1888 2333 2006 2371 Prie.
2026 2332 2127 2371 cale-

275 2386 425 2433 fecerit
447 2388 553 2425 Exc.
573 2387 833 2426 Laeti.-517
853 2387 1076 2438 fratrisque
1096 2399 1175 2438 pro
1194 2389 1380 2438 regnique
1398 2388 1641 2426 Low—518
1674 2387 1896 2426 Gradivum
1913 2386 2018 2424 Var.
2039 2386 2124 2424 LL.

287 2439 355 2479 ed.
376 2439 507 2479 Antv.
515 2440 724 2491 flammato
743 2442 858 2479 corde
878 2442 979 2480 Vat.
996 2441 1271 2492 quint.——-520
1298 2441 1476 2492 placidas
1495 2441 1653 2480 Moret.
1676 2453 1739 2491 pr.
1758 2441 1917 2491 rapidas
1935 2440 2038 2478 Vat.
2059 2450 2123 2489 pr.

288 2498 334 2532 et
354 2498 455 2533 tert.
484 2492 601 2532 Prie.
632 2494 753 2533 Rott.
775 2493 912 2534 Oisel.
943 2494 1103 2534 rabidas
1122 2495 1208 2534 duo
1226 2495 1348 2534 Vatt.
1381 2494 1500 2533 Med.
1537 2506 1621 2533 sec.
1641 2494 1741 2535 Jun.
1777 2506 1842 2544 pr.
1874 2493 2016 2532 Oxou.
2038 2504 2126 2532 sec.

285 2546 387 2586 Vat.
405 2547 550 2587 Livin.
568 2547 722 2586 Petav.
742 2559 807 2599 pr.
828 2546 979 2587 Ambr.
1000 2553 1102 2588 tert.
1122 2547 1222 2587 Ald.
1240 2547 1307 2587 ed.
1328 2547 1473 2586 Parm.
1492 2553 1536 2587 et
1546 2548 1689 2587 Vicet.
1709 2547 1867 2587 rabidas
1883 2546 1950 2585 vel
1969 2545 2129 2597 rapidas

260 2611 270 2618 ·
286 2599 397 2640 Exc.
417 2601 677 2640 Laeti.—-52l
707 2600 880 2640 sensibus
900 2602 1006 2642 Lov.
1029 2601 1152 2641 Voss.
1185 2603 1292 2641 Exc.
1314 2601 1494 2642 Gevart.
1516 2601 1666 2642 Sched.
1689 2601 1806 2641 Gud.
1825 2599 2018 2640 mensibus
2035 2599 2125 2638 Ms.

287 2653 432 2694 Pulm.
452 2654 550 2695 edd.
570 2654 725 2708 Isingr.
759 2655 895 2695 Colin.
928 2655 1095 2708 Gryph.
1130 2659 1247 2695 aestas
1276 2656 1538 2695 Farn.-525
1567 2656 1729 2695 sudante
1747 2656 1849 2695 Vat.
1871 2653 2007 2706 quint.
2038 2665 2127 2692 sua-

1118 2777 1303 2819 NOTAE

341 2862 420 2899 513
452 2857 627 2910 Perosis]
656 2858 709 2898 Id
728 2863 808 2911 est,
832 2859 989 2900 odiosis
1008 2859 1174 2900 invisis·
1242 2863 1457 2911 pugnatus
1476 2857 1596 2909 fecit,
1625 2863 1674 2898 ut
1702 2858 2012 2898 rescriberetur
2029 2855 2128 2894 hos-

291 2933 375 2973 que
409 2922 626 2962 montibus
660 2922 865 2963 Arcadiae
900 2923 943 2963 in
973 2923 1172 2974 Graecia3
1241 2927 1329 2962 tem
1351 2921 1680 2961 dimittendum:
1710 2921 1753 2960 id
1772 2919 1885 2972 quod
1905 2924 2006 2958 tunc
2027 2916 2124 2956 Ala-

289 2985 334 3025 in
367 2985 519 3037 quibus
549 2986 678 3026 Getae
709 2986 843 3026 deleti
877 2993 977 3027 sunt
1005 3000 1031 3027 a
1058 2987 1176 3027 Stili-
1242 2986 1332 3026 rico
1353 2987 1534 3026 salutem
1555 2984 1743 3037 peperit.

291 3047 443 3088 chone.
517 3049 681 3088 Perosus
715 3055 858 3089 autem
895 3050 964 3090 hic
994 3051 1175 3090 sumitur
1295 3053 1376 3089 520
1404 3047 1616 3100 Superbia]
1646 3044 1837 3085 Alaricus
1858 3055 2055 3083 successu
2077 3049 2123 3084 et

292 3110 474 3163 passive,
508 3116 556 3150 ut
597 3111 712 3161 apud
753 3111 966 3152 Alcimum
998 3112 1174 3154 Avitum
1232 3111 1465 3163 juventute
1485 3107 1660 3156 efferus,
1687 3106 1879 3158 adeoque
1902 3106 2124 3158 superbus,

291 3174 304 3196 ‘
320 3186 513 3227 perosam
527 3185 744 3226 expavere
758 3174 897 3227 diem,’
911 3175 953 3215 id
966 3181 1046 3228 est,
1061 3177 1175 3218 odio·
1241 3179 1288 3215 ut
1305 3174 1399 3225 ipsa
1419 3171 1620 3223 superbia
1638 3182 1731 3211 esse
1751 3170 1983 3209 videretur.

291 3250 398 3290 sam,
417 3238 609 3278 invisam.
1294 3240 1373 3278 522
1403 3235 1622 3287 Praeberet]
1650 3235 1693 3275 Si
1712 3248 1795 3275 non
1816 3240 1919 3274 aetas
1949 3240 2023 3273 tua
2052 3234 2125 3274 de·

348 3305 427 3342 517
457 3301 657 3354 Proditio]
685 3299 863 3341 Rufinus
887 3305 976 3342 tum
996 3301 1175 3344 Arcadii
1239 3300 1370 3341 litans
1390 3299 1572 3351 faceret,
1603 3304 1652 3339 ut
1685 3297 1764 3339 tibi
1785 3298 1951 3339 veniam
1973 3309 2123 3338 conce-

293 3364 338 3404 in
359 3364 543 3406 Oriente
562 3364 812 3417 imperantis
833 3369 966 3418 tutor,
985 3379 1088 3407 auro
1106 3378 1178 3406 ex·
1241 3364 1403 3405 der-em.
