2300 3906
293 183 402 239 860
848 195 940 234 οι.
980 191 1331 233 cLAumAm
1373 190 1567 231 xxix.

296 320 671 381 Gramineum,
699 327 1042 379 vernansque
1067 310 1175 363 tori
1198 310 1394 377 regalis
1418 311 1619 378 imago·

297 403 500 456 Omina
523 420 626 455 non
654 400 816 453 audet
841 397 1075 464 genitrix
1102 402 1214 448 tam
1235 412 1430 463 magna
1453 396 1630 460 fateri,

297 488 711 552 Successusque
736 499 869 549 suos
894 482 1081 534 arcani
1106 483 1332 535 conscia
1355 481 1474 534 voti
2050 482 2123 534 96

297 572 411 639 Spe
436 570 742 637 trepidante
770 569 924 635 tegit.
1000 567 1277 620 Gestabat
1305 565 1588 619 Honorius
1615 571 1766 620 arcto

295 657 377 708 Te
401 660 554 723 pater
575 654 851 721 amplexu,
929 652 1162 716 Quoties
1189 651 1260 703 ad
1289 652 1479 703 limina
1503 651 1763 720 princeps

294 739 664 802 TheudosiuS,
690 739 943 806 privatus
970 738 1169 799 adhuc,
1203 735 1441 788 fraterna
1464 737 1692 798 veniret,

297 824 509 877 Oscula
531 825 757 886 libabat,
786 834 951 890 teque
979 823 1049 874 ad
1074 838 1175 874 sua
1200 826 1347 873 tecta
1370 820 1583 872 ferebat
2095 875 2103 883 ,

295 905 520 960 Laetior.
597 907 666 959 In
690 912 917 959 matrem
944 908 1142 959 teneris
1170 921 1437 958 conversa
1462 903 1714 972 querelis,
2011 901 2122 954 100

295 989 450 1054 Quid
475 1009 562 1043 me
589 992 658 1042 de
682 991 922 1059 propriis
948 991 1157 1043 auferre
1181 991 1510 1052 PenatibuS,
1538 988 1746 1057 inquiS,

293 1075 538 1141 Imperat
562 1075 653 1127 hio
681 1077 938 1144 semper?
1016 1076 1307 1143 Praesagia
1329 1076 1531 1127 luserat
1554 1089 1722 1136 error,

293 1158 366 1211 Et
389 1159 538 1212 dedit
561 1162 849 1227 augurium
874 1161 1055 1227 regnis
1079 1160 1310 1212 infantia
1329 1159 1554 1226 linguae.

291 1319 456 1358 thalami
476 1318 726 1369 Imperator-ii
744 1319 944 1358 vernabat.
1003 1319 1139 1358 Mater
1167 1322 1242 1357 tua
1270 1330 1345 1356 uon
1364 1318 1480 1356 audet
1506 1315 1682 1366 confiteri
1700 1318 1813 1353 tanta
1839 1312 2056 1364 proesagia,
2084 1316 2127 1352 et

292 1385 518 1422 cognoscens
535 1373 767 1411 desiderium
787 1385 908 1411 suum
927 1375 1131 1420 secretum,
1147 1372 1313 1410 occultat
1333 1370 1401 1409 sub
1420 1382 1485 1421 spe
1496 1369 1638 1409 timida
1639 1367 1878 1417 felicitatem
1887 1379 2009 1405 suam.
2043 1366 2125 1405 Pa-

291 1430 353 1464 ter
376 1426 577 1464 Honorius
585 1425 743 1474 ferebat
759 1429 798 1464 te
817 1427 1018 1476 complexu
1032 1426 1193 1464 stricto.-
1212 1423 1521 1475 quotiescumque
1544 1422 1777 1461 Theodosius
1794 1421 2020 1470 imperator,
2039 1423 2127 1459 tum

291 1491 435 1531 quoque
444 1480 634 1530 privatus,
652 1480 850 1518 accederet
864 1481 914 1518 ad
928 1481 1081 1517 domum
1091 1476 1330 1525 fraternam,
1347 1476 1466 1515 dabat
1485 1477 1626 1520 oscula,
1647 1477 1686 1512 et
1700 1473 1866 1511 hilarior
1881 1473 2062 1523 portabat
2084 1475 2126 1512 te

290 1534 342 1571 ad
361 1534 516 1571 domum
533 1544 653 1570 suam.
683 1533 750 1570 Tu
771 1543 872 1570 vero
892 1543 1003 1569 versa
1019 1531 1059 1568 in
1074 1534 1239 1568 matrem
1256 1535 1373 1567 tuam
1393 1528 1590 1578 questibus
1612 1525 1779 1573 tenellis,
1802 1525 1949 1575 Quare,
1966 1525 2043 1574 ais,
2061 1525 2125 1565 hic

289 1584 549 1624 Theodosius
562 1584 729 1634 imperat
742 1596 892 1634 semper
902 1584 1037 1621 tollere
1051 1595 1111 1621 me
1123 1595 1173 1621 ex
1183 1583 1293 1620 domo
1307 1578 1468 1620 nostra?
1489 1582 1612 1630 Culpa
1629 1585 1702 1618 tua
1715 1578 1835 1617 velut
1850 1578 2011 1617 ludendo
2021 1589 2126 1629 proe-

288 1637 467 1687 sagiebat
479 1636 640 1687 futura,
652 1641 691 1677 et
701 1637 837 1687 lingua
851 1635 1019 1684 infantis
1032 1635 1202 1687 praebuit
1219 1634 1432 1686 auspicium
1444 1633 1548 1673 felix
1559 1631 1731 1684 Imperio
1732 1631 1889 1681 futuro.
1920 1632 2044 1671 Patre
2060 1635 2127 1671 tuo

1067 1742 1339 1758 “050“0‘6O

279 1813 335 1862 f?
353 1816 445 1851 tura
458 1812 559 1852 Vat,
588 1817 691 1851 tert.
712 1810 899 1860 fractura
919 1811 1112 1852 Gronov.
1134 1811 1188 1850 ad
1219 1811 1332 1852 Stat.
1353 1823 1394 1862 p.
1415 1813 1480 1850 91.
1500 1814 1546 1850 et
1562 1807 1736 1849 Additis
1754 1817 1798 1860 μ’
1819 1810 1913 1848 404.
1935 1811 1980 1846 et
1999 1808 2126 1848 Eleu·

287 1866 366 1905 cho
387 1864 622 1905 Antidiatr.
640 1869 733 1906 207.
753 1873 798 1905 at
819 1867 1010 1906 Cruceus
1025 1866 1069 1904 in
1101 1864 1388 1904 Frondatione
1407 1877 1449 1915 p.
1470 1867 1564 1903 132.
1593 1862 1760 1911 sartura
1780 1861 2007 1911 legit.——93
2036 1874 2123 1901 ver-

288 1923 429 1969 natque
449 1924 536 1958 tres
556 1920 678 1958 Vatt.
696 1918 792 1959 Pal.
814 1920 933 1960 Rott.
955 1920 1089 1959 Oisel.
1110 1919 1250 1958 Oxou.
1268 1931 1355 1958 sec.
1377 1930 1610 1968 vernansque
1630 1916 1801 1967 legebat
1816 1915 1967 1955 Heins.
1996 1919 2125 1955 torum

287 1971 435 2012 Ambr.
456 1985 519 2023 pr.
542 1972 647 2011 Cod.
669 1972 816 2024 Epigr.
832 1972 982 2012 Ambr.
1012 1974 1180 2011 vernalis
1200 1985 1278 2023 pro
1298 1972 1444 2022 regalis
1460 1973 1563 2010 Vat.
1583 1975 1684 2010 tert.
1703 1970 2005 2008 Florent.—94
2028 1969 2123 2008 Om-

287 2025 356 2065 nia
375 2031 454 2077 pro'
476 2026 618 2065 Omina
639 2025 722 2064 duo
740 2026 859 2065 Med.
878 2027 1030 2065 Petav.
1054 2039 1138 2065 sec.
1160 2026 1302 2065 Oxon.
1322 2038 1405 2065 sec.
1427 2025 1496 2064 ed.
1518 2026 1770 2064 Parm.—96
1795 2022 1903 2073 gerit
1923 2034 2002 2073 pro
2019 2021 2123 2072 tegit

289 2080 375 2118 inc.
393 2079 552 2122 Heius.
599 2079 706 2118 dedit
727 2080 820 2118 Pal.
867 2080 947 2118 alto
979 2092 1054 2129 pro
1074 2083 1182 2117 arcto
1216 2080 1296 2118 inc.
1320 2079 1470 2118 Heius.
1490 2079 1598 2117 Exc.
1621 2078 1719 2116 Pat.
1741 2088 1828 2115 rec.
1859 2088 1912 2113 m.
1946 2077 2122 2126 pr.-—97

276 2130 451 2182 flumina
468 2133 562 2171 Pal.
596 2131 730 2172 Oisel.
759 2133 842 2171 duo
878 2132 998 2171 Med.
1046 2133 1194 2170 lumina
1213 2132 1297 2170 duo
1318 2131 1468 2178 Ambr.
1505 2131 1647 2169 Oxou.
1670 2132 1863 2168 sec.—-98
1893 2128 2124 2167 Theodosius

288 2186 484 2224 Florent.
505 2185 588 2224 duo
609 2184 729 2223 Med.
760 2185 844 2225 inc.
864 2185 1015 2225 Heius.
1048 2185 1148 2224 Pur.
1177 2185 1345 2224 Thuan.
1378 2184 1462 2223 duo
1484 2184 1639 2222 Petav.
1671 2184 1837 2221 Bonon.
1868 2181 1952 2220 duo
1972 2180 2125 2222 Ambr.

289 2237 430 2278 Oxou.
451 2251 535 2277 sec.
569 2238 674 2278 Cod.
704 2239 853 2289 Epigr.
890 2238 1036 2278 Ambr.
1072 2239 1175 2277 Exc.
1211 2239 1396 2277 Lucens.
1419 2240 1592 2287 pr.-—99
1629 2240 1746 2286 atque
1777 2238 1829 2273 ad
1864 2235 2022 2274 Moret.
2055 2246 2120 2287 pr.

288 2292 388 2331 Put.
415 2292 580 2330 Buslid.
601 2292 700 2331 Vat.
729 2292 868 2331 Livin.
889 2293 992 2330 Var.
1013 2292 1098 2330 LL.
1117 2291 1185 2330 ed.
1205 2290 1338 2329 Antv.
1380 2295 1493 2339 teque
1512 2291 1564 2328 ad
1589 2289 1750 2327 Thuan.
1772 2288 1855 2326 duo
1878 2288 2029 2327 Petav.
2070 2289 2122 2328 ad

287 2357 357 2384 sua
385 2345 574 2384 Florent.
598 2350 685 2383 tres
706 2345 826 2385 Med.
859 2345 939 2383 inc.
960 2345 1109 2384 Heius.
1130 2344 1294 2383 Bonon.
1313 2343 1397 2384 duo
1417 2342 1569 2382 Ambr.
1590 2341 1693 2381 Cod.
1716 2341 1866 2392 Epigr.
1889 2336 2049 2385 Ambr.(
2078 2341 2125 2381 in

283 2410 355 2437 sua
372 2398 559 2438 al.—100
587 2397 746 2448 confusa
767 2399 866 2438 vat.
890 2404 990 2438 tert.
1013 2399 1132 2437 Rott.
1153 2398 1342 2437 Floreut.
1363 2395 1527 2435 Buslid.
1558 2394 1714 2448 figuris
1733 2407 1809 2446 pro
1839 2394 2005 2445 querelis
2026 2394 2122 2435 Mo-

286 2456 370 2491 ret.
388 2455 605 2491 see—101
641 2452 739 2496 Quis
756 2452 858 2493 vat.
879 2457 979 2491 tert.
1009 2452 1129 2491 Rott.
1164 2451 1247 2489 duo
1265 2450 1383 2490 Med.
1406 2450 1509 2489 Exc.
1530 2449 1720 2494 Lucens.>
1735 2461 1801 2500 pr.
1834 2448 1979 2487 Parm.
1999 2448 2120 2490 Junt.

285 2511 331 2545 et
352 2506 405 2544 al.
436 2505 541 2550 Quid
557 2506 660 2544 Vat.
679 2517 742 2555 pr.
766 2507 858 2544 Pal.
906 2506 986 2550 Qui
1002 2504 1153 2544 Barth.
1191 2504 1338 2555 patriis
1357 2516 1434 2555 pro
1464 2504 1637 2555 propriis
1672 2501 1935 2554 conjiciebat
1965 2501 2120 2542 Heius.

284 2558 440 2608 auferre
476 2558 677 2598 conatibus
711 2559 874 2598 Buslid.
929 2559 1057 2609 inquit
1093 2565 1180 2597 tres
1210 2559 1333 2598 Vatt.
1369 2557 1464 2597 Pal.
1507 2558 1622 2596 Rott.
1674 2557 1806 2607 inquis
1841 2556 1941 2595 Vat.
1976 2555 2119 2595 Livin.

285 2613 395 2653 Exc.
435 2613 612 2652 Lucens.
650 2617 851 2663 pr.—-102
881 2612 1071 2664 Imperat.
1107 2612 1171 2651 hic
1197 2625 1344 2662 semper
1367 2612 1462 2651 Vat.
1482 2616 1582 2650 tert.
1599 2610 1695 2649 Pal.
1739 2610 1821 2649 haec
1840 2608 2007 2649 Buslid.
2054 2608 2120 2650 hic

284 2664 467 2717 semper?
514 2667 622 2705 Exn.
654 2667 837 2706 Lucens.
873 2678 936 2717 pr.
996 2667 1154 2705 luxerat
1189 2678 1265 2714 pro
1297 2666 1442 2704 luserat
1482 2664 1599 2704 Med.
1642 2675 1729 2703 sec.
1763 2664 1930 2703 Thuan.
1962 2662 2121 2705 Petav-

286 2731 372 2760 sec.
407 2720 515 2760 Cod‚
546 2720 696 2772 Epigr.
729 2718 879 2760 Ambr.
913 2720 1016 2760 Var.
1035 2720 1122 2760 LL.
1154 2719 1221 2760 ed.
1251 2718 1383 2760 AntV.
1428 2719 1521 2758 ordo
1555 2730 1632 2770 pro
1664 2729 1775 2757 error
1806 2717 1948 2758 Oxou.
1978 2728 2121 2758 sec.—

1118 2854 1294 2895 NOTAE

339 2949 416 2985 101
448 2947 630 2997 Propriis
644 2946 832 2997 imperat]
850 2948 902 2987 In
920 2949 982 2988 his
1000 2948 1167 2988 duobus
1236 2945 1459 2987 transferri
1478 2958 1531 2985 ex
1551 2946 1676 2985 domo
1708 2944 1853 2984 Patris
1873 2942 1916 2982 in
1943 2941 2116 2982 domum

287 3008 442 3049 Verbis
464 3008 604 3047 Omen
625 3021 698 3048 seu
718 3008 958 3062 Augurium
974 3012 1167 3051 contine·
1235 3006 1389 3053 Patr'lii
1420 3009 1662 3068 Theodosii,
1694 3008 1794 3060 quia
1828 3007 1907 3046 hoc
1938 3011 2117 3047 eventu-

288 3079 374 3114 mr.
395 3072 556 3123 Proprii
571 3076 730 3122 penates
748 3079 847 3112 sunt
867 3074 1015 3113 domus
1029 3075 1167 3124 priva·
1235 3087 1327 3114 rum
1356 3079 1468 3123 erat,
1496 3079 1543 3111 et
1572 3070 1757 3110 errando
1791 3075 1932 3109 tamen
1959 3069 2118 3111 ludebas

285 3142 359 3176 ta:
390 3135 580 3186 Imperat,
601 3134 787 3174 refertur
804 3136 856 3174 ad
877 3136 1164 3176 Theodosium
1230 3137 1443 3190 praesagia,
1474 3137 1554 3174 hoc
1577 3139 1659 3182 est,
1697 3133 1818 3184 quasi
1850 3132 2038 3171 ludendo
2067 3137 2116 3176 et

284 3211 411 3252 quem
432 3198 568 3238 infans
594 3198 755 3238 Serena
779 3199 992 3238 ominatur
1023 3199 1164 3252 Impe-
1234 3199 1546 3254 pronuntiando
1564 3199 1603 3249 .(
1606 3196 1808 3248 Imperat)
1830 3195 2116 3247 praesagiebat

284 3267 472 3304 ratorem
493 3261 599 3301 fore·
1233 3264 1516 3304 Theodosium
1538 3260 1726 3301 futurum
1750 3261 2075 3311 Imperatorem.

340 3328 421 3364 102
455 3324 662 3374 Praesagia
679 3324 825 3363 luserat
847 3324 972 3376 error]
1021 3325 1060 3365 Ο
1091 3326 1163 3365 Se·
1288 3330 1366 3367 103
1388 3326 1511 3365 Dedit
1530 3325 1741 3375 augurium
1759 3323 1949 3376 infantia]
1980 3324 2116 3365 Pueri

286 3399 394 3428 rena
438 3385 564 3430 valde
602 3387 796 3441 errabas,
844 3386 944 3428 dum
990 3388 1163 3430 nolebas
1231 3389 1480 3444 Prophetiae
1495 3387 1823 3430 celebranturin
1837 3399 1959 3429 sacra
1969 3387 2113 3441 Scrip-
