2300 3906
263 200 371 255 746
819 213 911 255 cn.
952 183 1302 253 oLAumANr
1345 208 1529 250 xxvr.

262 333 325 385 Si
348 333 609 385 reducem
635 330 916 383 dominum
944 328 1086 380 Fors
1112 328 1414 396 improvisa
1435 329 1672 391 revexit,
1976 331 2083 384 370

261 416 499 468 Haerent
524 416 759 476 attoniti,
786 414 1208 480 libertatemque
1241 428 1476 480 perosus

261 499 503 553 Conscia
530 498 748 550 servilis
774 496 1085 565 praecordia
1112 496 1355 548 concutit
1376 497 1583 551 horror.

260 584 355 636 Sic
379 583 535 635 ducis
563 585 792 651 aspectu
819 583 1008 634 cuncti
1033 586 1286 649 stupuere
1311 580 1559 644 rebelleS‚

261 668 436 736 Inque
463 683 568 719 uno
596 666 886 734 PrincepS,
915 667 1265 733 Latiumque,
1295 670 1347 716 et
1371 668 1489 716 tota
1514 664 1730 718 refulsit

261 751 448 803 Roma
462 752 601 804 viro.
678 750 858 803 Frons
884 752 1017 804 laeta
1039 766 1255 819 parum,
1282 766 1390 801 non
1417 749 1622 801 tristior
1645 766 1828 818 aequ0,
1973 749 2084 803 375

261 834 392 886 Non
418 836 638 904 dejecta
662 835 847 898 maliS,
870 837 1045 888 mixta
1073 835 1171 887 sed
1195 834 1397 886 nobilis
1423 833 1534 885 ira:

260 916 457 980 Qualis
481 921 538 971 in
564 919 869 981 Herculeo,
894 920 1106 985 quoties
1129 918 1351 970 infanda
1366 917 1602 986 jubebat

259 1001 613 1070 EurystheuS,
642 1002 745 1052 fuit
770 1017 862 1053 ore
886 1002 1043 1053 dolor
1069 1019 1081 1053 ε
1121 1002 1208 1053 vel
1234 1001 1412 1070 qualis
1438 1001 1493 1052 in
1518 1005 1689 1055 atram

259 1083 523 1137 Solicitus
548 1085 755 1135 nubem
782 1089 982 1136 moesto
1006 1083 1155 1138 Jove
1184 1086 1400 1153 cogitur
1425 1084 1614 1146 aether.

257 1234 292 1271 si
309 1233 476 1281 fortuna
515 1235 673 1285 inopina
710 1234 849 1272 retulit
879 1234 1073 1274 dominum
1099 1239 1374 1298 revertentem,
1413 1234 1553 1296 defixi
1570 1233 1855 1285 obstupescunt,
1901 1237 1940 1272 et
1971 1232 2089 1272 timor

257 1287 408 1325 servilis
441 1299 577 1325 exosus
605 1287 839 1334 libertatem,
874 1289 1050 1337 percellit
1084 1290 1232 1327 animos
1248 1288 1417 1327 conscios
1435 1287 1638 1326 criminis.
1696 1287 1763 1326 Ita
1783 1287 1939 1326 rebelles
1962 1281 2090 1325 omnes

254 1339 464 1390 stupefacti
494 1344 585 1379 sunt
611 1344 810 1390 conspectu
842 1341 1029 1389 ductoris,
1062 1347 1106 1380 et
1143 1342 1371 1392 Imperator,
1392 1344 1430 1379 et
1451 1340 1588 1388 Italia,
1612 1343 1651 1379 et
1680 1343 1762 1378 tota
1783 1340 1910 1378 Roma
1937 1338 2089 1391 effulsit

256 1392 299 1430 in
318 1405 394 1431 uno
411 1394 507 1431 viro.
564 1392 677 1432 Huic
688 1392 803 1440 frons
820 1398 887 1432 est
904 1406 1041 1444 parum
1060 1395 1217 1443 hilari&
1242 1407 1318 1432 non
1338 1393 1507 1432 moestior
1524 1405 1646 1443 (equo,
1674 1404 1748 1431 non
1766 1394 1932 1432 demissa
1951 1394 2088 1431 adver-

254 1445 327 1494 sis,
355 1447 423 1484 sed
448 1458 649 1495 generosa,
683 1446 883 1484 iracundia
899 1447 1064 1495 juncta.-
1097 1447 1223 1498 qualis
1253 1447 1472 1497 indignatio
1500 1446 1682 1496 apparuit
1702 1445 1745 1484 in
1763 1447 1870 1485 vultu
1891 1445 2090 1494 Herculis,

255 1498 558 1559 quotiescumque
598 1499 842 1549 Eurystheus
873 1499 1088 1560 imperabat
1125 1500 1339 1539 horrenda.-
1366 1503 1435 1538 aut
1461 1500 1574 1549 quale
1610 1499 1758 1537 Coelum
1790 1499 1992 1537 turbatum
2009 1498 2089 1537 coit

256 1551 298 1589 in
316 1552 451 1591 nubem
472 1551 641 1602 nigram,
667 1553 766 1590 Jove
799 1552 920 1590 tristi.
977 1554 1043 1590 An
1069 1556 1197 1603 tanta,
1214 1552 1287 1602 ait,
1315 1551 1548 1603 confidentia
1583 1550 1672 1589 belli
1693 1550 1830 1590 Getici
1857 1563 1924 1589 vos
1950 1548 2089 1591 tollit?

1026 1667 1145 1681 “O“
1147 1667 1319 1682 “NOO‘

253 1748 495 1787 Low—370
511 1747 579 1787 Sic
595 1760 672 1799 pro
685 1747 734 1787 Si
750 1749 854 1787 Lov.
866 1748 958 1796 fors
972 1748 1080 1798 Reg.
1101 1747 1261 1786 Thuan.
1272 1759 1356 1786 sors
1372 1752 1556 1799 quatuor
1569 1747 1691 1786 Vatt.
1706 1746 1800 1789 Pal.
1815 1745 1932 1786 Prie.
1948 1746 2090 1786 redux·

258 1800 292 1838 it
313 1800 430 1839 Pric.
450 1813 504 1840 m.
534 1814 600 1852 pr.
622 1802 758 1841 revisit
774 1801 893 1841 Med.
915 1806 1054 1852 quart.
1093 1800 1246 1839 revexit
1266 1800 1455 1840 Florent.
1475 1800 1558 1839 duo
1579 1800 1698 1839 Med.
1717 1799 1800 1839 inc.
1819 1799 1964 1839 Heius.
1984 1799 2086 1841 Put.

251 1853 361 1904 Reg.
379 1855 537 1893 Tliuan.
558 1855 720 1894 Mazar.
742 1855 901 1894 Bonon.
920 1855 1017 1893 Pat.
1035 1853 1202 1892 Tholos.
1225 1858 1311 1892 tres
1329 1853 1483 1893 Petav.
1504 1859 1592 1893 tres
1612 1852 1759 1892 Ambr.
1779 1854 1882 1893 Exc.
1904 1853 2085 1893 Lucens.

253 1918 317 1956 pr.
353 1907 421 1946 ed.
460 1907 602 1947 Parm.
636 1914 679 1947 et
714 1908 857 1947 Vicet.
902 1907 1074 1946 revinxit
1108 1905 1210 1945 Ald.
1244 1907 1399 1958 Isingr.
1435 1906 1732 1968 Cinyphe—373
1760 1910 1956 1958 aspectura
1986 1907 2086 1945 certi

255 1959 398 1999 Oxon.
438 1972 500 2010 pr.
503 1963 637 1999 —374
666 1962 796 2022 Atque
826 1973 901 1999 uno
930 1961 1045 1999 Pric.
1081 1958 1228 1998 Ambr.
1262 1973 1327 2011 pr.
1359 1959 1490 2011 Atque
1521 1960 1638 1999 immo
1670 1960 1833 1999 Bonon.
1851 1960 1982 2012 Atque
2017 1959 2086 1998 vel

253 2012 376 2062 Inque
396 2012 548 2053 Petav
570 2018 670 2053 tert.
705 2014 790 2052 viro
824 2026 902 2064 pro
940 2026 1013 2053 uno
1050 2013 1133 2052 inc.
1156 2013 1301 2053 Heius.
1323 2018 1390 2052 tuo
1408 2014 1508 2053 Vat.
1529 2013 1666 2075 quint
1668 2016 1799 2052 -375
1829 2025 1898 2052 nec
1930 2012 2086 2052 tristior

251 2071 341 2104 tres
362 2066 484 2105 Vatt.
513 2066 606 2106 Pal.
640 2068 766 2106 Farn.
789 2066 908 2106 Med.
946 2079 1009 2117 ρι.
1039 2066 1193 2104 Petav.
1231 2078 1296 2116 pr.
1336 2067 1435 2106 Pat.
1468 2066 1646 2105 strictior
1673 2067 1972 2106 Mamm—376
2002 2067 2086 2105 Nec

252 2117 337 2157 duo
375 2118 529 2158 Leidd.
569 2124 613 2158 et
649 2120 818 2170 plurimi
852 2080 972 2167 alii,p
980 2119 1084 2158 Exc.
1124 2119 1302 2158 Gevart.
1341 2120 1522 2158 Lucens.
1552 2131 1616 2170 pr.
1653 2121 1810 2159 devecta
1844 2120 1961 2160 Med.
1986 2130 2084 2159 sec.

251 2171 414 2219 disjecta
454 2171 600 2212 Ambr.
641 2185 704 2222 pr.
741 2174 807 2211 sed
845 2174 961 2212 mista
982 2172 1080 2211 Vat.
1110 2176 1212 2210 tert.
1235 2172 1355 2211 Rott.
1385 2172 1469 2211 duo
1489 2172 1607 2211 Med.
1644 2172 1797 2211 mobilis
1827 2173 1925 2213 Jun.
1961 2184 2086 2223 pr.—

253 2227 332 2263 37⁷
362 2225 513 2263 volebat
548 2226 649 2265 Put.
682 2226 839 2265 videbat
876 2226 993 2264 Rott.
1027 2237 1111 2264 sec.
1148 2225 1336 2264 Florent.
1369 2237 1423 2263 m.
1464 2238 1528 2277 ρι·.
1561 2224 1670 2275 Reg.
1690 2224 1776 2264 duo
1795 2225 2084 2264 Petam—3⁷8

253 2277 463 2317 Eristheus
498 2279 659 2318 Moret.
681 2291 742 2329 pr.
771 2278 881 2326 furit
914 2279 997 2317 inc.
1032 2278 1178 2317 Heins.
1210 2279 1315 2317 calor
1345 2278 1446 2318 Jun.
1480 2290 1544 2329 pr.
1579 2279 1682 2317 color
1715 2278 1798 2317 duo
1829 2279 1960 2319 Vatt..
1989 2278 2084 2318 Pal.

253 2330 380 2370 Farn.
418 2331 537 2370 Med.
576 2339 716 2382 quart.
754 2332 904 2371 Petav.
944 2345 1006 2382 pr.
1041 2332 1201 2370 Moret.
1240 2343 1306 2382 pr.
1337 2332 1441 2371 Lov,
1475 2344 1529 2370 m.
1563 2342 1647 2371 sec.
1681 2332 1785 2371 Exc.
1807 2331 1913 2371 Cod.
1934 2332 2083 2371 Rhem.

250 2384 374 2421 colore
409 2384 527 2423 Leid.
562 2397 625 2434 pr.
665 2397 718 2423 m.
753 2396 837 2424 sec.
869 2386 978 2423 dolor
998 2384 1098 2423 Put.
1134 2385 1240 2435 Reg.
1275 2385 1435 2424 Mazar.
1455 2385 1608 2424 PetaV.
1642 2396 1725 2424 sec.
1756 2386 1864 2424 dolor
1883 2385 1952 2424 vel
1980 2386 2083 2424 color

251 2435 368 2475 Med.
390 2448 452 2486 pr.
486 2437 659 2487 iniquam
694 2450 771 2487 pro
804 2438 845 2476 in
881 2442 1010 2476 atram
1036 2438 1137 2478 Jun‚
1167 2440 1367 2488 ρι·.-379
1393 2438 1540 2489 nyoben
1571 2449 1648 2488 pro
1674 2437 1813 2477 nubem
1833 2439 1991 2477 Moret.
2021 2448 2083 2488 pr.

249 2489 403 2539 cogitur
422 2491 527 2530 Exc.
550 2490 675 2540 Laeti,
700 2491 882 2530 Lucens.
917 2503 980 2542 pr.
998 2491 1099 2530 Var.
1138 2492 1226 2530 LL.
1259 2503 1281 2530 e
1314 2503 1445 2542 marg.
1473 2491 1616 2531 Parm.
1647 2491 1824 2543 cingitur
1855 2496 1944 2531 tres
1962 2490 2083 2531 Vatt.

1076 2594 1250 2635 NOTAE

249 2689 401 2740 minus,
416 2688 490 2740 qui
509 2700 602 2728 eam
622 2687 789 2739 replere
806 2686 950 2726 debet.

214 2787 224 2797 ,
301 2754 379 2790 371
409 2750 739 2803 [libertatemque]
790 2750 933 2790 Timor
970 2748 1132 2790 servilis

249 2825 322 2852 eos
343 2813 537 2853 concutit
571 2812 651 2852 sibi
676 2813 789 2851 male
808 2812 1019 2862 conscios,
1038 2811 1132 2852 dat-

252 2887 333 2926 que
367 2875 467 2926 ipsis
505 2866 773 2915 occasionem
806 2876 905 2935 odip
923 2875 1131 2915 habendae

250 2937 342 2989 ejus
388 2938 613 2987 libertatis,
651 2951 774 2990 quam
813 2938 908 2988 sibi,
956 2938 1133 2979 absente

251 2999 437 3049 domino,
464 3001 725 3051 tribuebant,
761 3006 807 3040 et
844 3013 926 3052 qua
959 3001 1000 3040 in
1035 3014 1132 3041 eum

247 3062 361 3102 male
381 3062 624 3101 utebantur.
680 3063 821 3102 Poeta
848 3064 990 3115 arguit
1011 3077 1134 3116 quos-

250 3125 346 3165 dam
377 3125 626 3164 Stilichonis
653 3126 842 3175 aemulos,
872 3127 943 3177 qui
977 3127 1031 3166 de
1062 3128 1133 3167 ab·

247 3193 370 3229 sente
396 3188 632 3227 Stilichone
663 3189 797 3227 multa
826 3189 996 3229 sinistra
1016 3203 1132 3242 spar-

247 3255 408 3302 serant,
430 3252 504 3290 sed
526 3252 599 3303 qui
629 3258 771 3291 tamen
804 3252 936 3303 ipsius
970 3255 1132 3294 reversi

246 3314 478 3366 praesentia
525 3315 649 3354 taciti
681 3320 727 3354 et
762 3315 877 3354 velut
918 3317 1132 3357 exanimes

251 3376 410 3419 redditi
440 3382 554 3419 sunt.
610 3377 766 3418 Potest
782 3378 913 3419 etiam
941 3379 985 3419 id
1006 3380 1132 3420 intel·

1199 2686 1277 2738 ligi
1297 2686 1350 2726 de
1386 2686 1594 2737 hostibus,
1630 2686 1702 2740 qui
1736 2686 1983 2728 Stilichonis
2018 2700 2083 2727 as-

1199 2756 1331 2801 pectu
1355 2754 1623 2802 stupuerunt.

1253 2817 1332 2853 374
1361 2814 1480 2865 Inque
1497 2814 1591 2865 uno]
1618 2813 1779 2864 Magna
1810 2819 1931 2854 certe
1959 2814 2077 2867 laus:

1198 2889 1306 2916 unus
1326 2877 1502 2916 Stilicho
1534 2876 1736 2929 perfecit,
1769 2881 1818 2916 ut
1837 2877 2079 2928 Imperator

1199 2939 1434 2991 Honorius,
1447 2940 1591 2990 ltalia,
1605 2941 1740 2980 Roma
1754 2938 1921 2978 solitum
1937 2938 2078 2988 splen-

1198 3001 1342 3040 dorem
1364 3002 1630 3050 retinerent3
1659 3001 1804 3052 sicque
1834 2999 1877 3038 in
1906 3011 1957 3038 eo
1984 2999 2077 3040 haec

1200 3065 1343 3104 omnia
1361 3063 1619 3104 effulserunt

1271 3130 1348 3166 3⁷6
1393 3125 1540 3176 AEquo]
1595 3125 1694 3165 Non
1742 3124 1908 3164 tristior
1953 3137 2076 3177 quam

1200 3189 1341 3228 decet.

1253 3254 1333 3290 378
1362 3250 1623 3302 Eurystheus]
1667 3250 1764 3291 Rex
1800 3249 2075 3303 Argivorum,

1199 3313 1375 3356 cui‘fata
1396 3314 1575 3355 Herculi
1594 3315 1806 3367 imperare
1823 3314 2050 3356 dederant.

2232 3370 2292 3474 ᾗ

2246 3473 2274 3490 ,mi
2283 3471 2291 3482 s
