2300 3906
2 1307 10 1310 ,
83 1272 296 1311 certamina
332 1284 488 1321 magna,
527 1276 565 1311 et
598 1272 709 1311 miles
740 1271 918 1324 pugnet?
946 1275 1044 1324 quod
1072 1274 1213 1312 tertius
1244 1274 1418 1313 conditor
1435 1273 1556 1313 urbis.

623 226 687 265 iu
734 227 1098 267 EUTROPIUM
1142 229 1258 267 ms.
1300 229 1366 266 11.
1796 217 1904 272 525

86 344 364 398 Incestare
390 344 530 397 vias,
608 342 870 398 Maneant
892 346 1134 410 immota,
1157 361 1463 414 precamur,

87 428 363 495 Certaque
390 428 643 495 perpetui
671 428 780 480 sint
806 435 1122 496 argumenta
1142 431 1393 498 pudoris.

85 512 283 564 Subter
309 511 596 563 adulantes
623 511 788 574 tituli,
815 513 1107 580 nimiaeque
1130 515 1383 580 leguntur

86 594 193 648 Vel
217 596 461 646 maribus
488 595 682 646 laudes
706 613 718 647 z
748 596 899 648 claro
925 598 1072 664 quod
1092 598 1294 649 nobilis
1318 601 1437 649 ortu

80 677 251 749 (Cum
280 680 467 731 vivant
491 676 742 747 domini),
771 680 920 746 quod
944 681 1190 731 maxima
1214 681 1412 746 praelia
1437 679 1588 731 solus

85 763 343 830 Impleat,
371 763 445 829 (et
470 764 676 830 patitur
700 763 859 815 miles
877 762 931 831 Τ)
968 764 1114 832 quod
1139 765 1327 816 tertius
1353 764 1505 815 urbis

85 845 381 899 Conditor:
419 846 549 916 (hoc
578 847 783 916 ByzaS,
811 847 1309 915 Constantinusque
1331 847 1593 899 videbunt
1610 844 1664 915 Q)

84 929 234 983 Inter
260 949 385 998 quae
413 932 653 984 tumidus
679 933 800 984 leno
827 932 1128 999 producere
1155 947 1343 984 coenas

1836 597 1906 649 80

86 1062 232 1098 nantur
260 1058 429 1110 polluere
455 1059 540 1098 vias
571 1072 699 1099 omnes
723 1060 796 1099 hac
817 1060 945 1108 facie.
1017 1062 1183 1100 Oramus
1210 1066 1259 1101 ut
1297 1061 1524 1101 simulacra
1564 1062 1647 1101 ista
1687 1068 1908 1103 remaneant

83 1111 322 1161 inconcussa,
357 1116 394 1151 et
427 1116 563 1151 extent
595 1114 709 1162 signa
737 1113 961 1152 indubitata
979 1113 1154 1162 infamia:
1173 1114 1429 1164 sempiternoe.
1485 1115 1909 1167 Sumen-inscriptiones

84 1165 337 1216 blandientes,
364 1169 403 1204 et
439 1167 570 1204 laudes
602 1167 819 1205 immodicoe
837 1167 957 1206 etiam
978 1179 1053 1218 pro
1072 1167 1184 1215 viris,
1203 1172 1387 1206 notantur
1397 1180 1411 1213 ;
1432 1173 1535 1217 puta
1553 1170 1653 1218 quod
1670 1170 1834 1209 illustris
1851 1172 1908 1210 sit

85 1216 320 1269 Eutropius
349 1219 500 1269 origine
526 1224 714 1270 spectata,
741 1232 826 1259 cum
844 1221 1008 1260 ,Domini
1028 1220 1115 1271 ejus
1132 1221 1265 1259 vivant
1285 1220 1450 1268 a‘dhuc3
1480 1224 1578 1271 quod
1605 1233 1703 1312 Ἥκω
1720 1222 1908 1315 gerficiag

1659 1287 1701 1313 oc
1787 1288 1852 1313 zas

87 1324 369 1365 Constantinus
387 1323 609 1377 aspicient?
663 1326 775 1366 Inter
810 1339 894 1378 quoe
935 1328 1018 1366 leno
1049 1327 1233 1378 superbus
1248 1328 1357 1367 solet
1373 1327 1526 1366 trahere
1539 1327 1712 1367 convivia
1729 1288 1907 1380 inydienez,

856 1433 1149 1449 OOOOOOOOOOOO

84 1499 167 1539 haec
184 1512 253 1540 ora
266 1500 332 1541 ed.
351 1501 493 1542 Vicet.
534 1502 604 1542 hoc
621 1514 698 1542 oere
715 1501 798 1541 duo
817 1502 939 1542 Vatt.
959 1502 1149 1543 Florent.
1171 1507 1256 1542 tres
1272 1502 1390 1542 Med.
1412 1503 1563 1542 Petav.
1578 1513 1642 1553 pr.
1656 1501 1737 1541 inc.
1753 1501 1906 1541 Heins-

86 1553 190 1594 Exc.
212 1555 391 1594 Lucens.
414 1568 476 1606 pr.
523 1556 592 1595 hoc
628 1569 692 1596 ore
723 1556 806 1595 duo
842 1555 989 1595 Leidd.
1020 1560 1064 1595 et
1094 1556 1245 1607 viginti
1266 1557 1353 1606 alii,
1382 1558 1486 1595 Exc.
1510 1556 1634 1604 Laeti,
1656 1556 1755 1594 Var.
1778 1555 1862 1594 LL.
1882 1567 1907 1594 e

83 1617 217 1658 marg.
250 1608 394 1648 Parni.
424 1614 468 1648 et
500 1609 568 1648 ed.
599 1609 836 1649 Antia—77
867 1609 1094 1648 Instaurare
1114 1610 1247 1649 Oisel.
1275 1610 1437 1649 Mazar.
1473 1610 1579 1649 Exc.
1608 1609 1715 1648 Cod.
1756 1609 1906 1648 Rhem.

86 1658 297 1700 Incestare‘
330 1662 398 1700 vel
434 1663 663 1702 Instaurare
690 1664 789 1702 Vat.
827 1675 894 1713 pr.
941 1674 1015 1700 non
1043 1666 1145 1701 mota
1182 1663 1285 1701 Put.
1338 1667 1546 1713 precantur
1590 1663 1690 1701 Vat.
1719 1662 1910 1713 quint-

84 1714 138 1751 78
170 1714 326 1752 Coetera
350 1715 528 1766 perpetui
562 1716 657 1754 Pat.
704 1720 794 1754 sunt
825 1715 916 1754 Pal.
952 1715 1070 1754 Med.
1104 1727 1166 1767 pr.
1189 1716 1340 1754 PetaV.
1361 1728 1446 1754 sec.
1467 1716 1548 1755 inc.
1571 1715 1721 1754 Heius.
1753 1713 1910 1761 furoris

85 1765 206 1806 Rott.
250 1768 396 1806 doloris
421 1768 491 1806 vel
521 1769 685 1818 pudoris
713 1769 901 1807 Florent.
937 1767 1092 1815 furoris
1119 1769 1184 1806 vel
1215 1770 1376 1819 pudoris
1401 1769 1519 1807 Med.
1539 1771 1733 1807 see-79
1763 1767 1910 1806 Subtus

84 1818 184 1857 Vat.
219 1831 302 1858 sec.
322 1820 482 1859 Moret.
503 1832 566 1871 pr.
586 1820 736 1859 Ambr.
759 1833 842 1861 sec.
862 1821 962 1860 Var.
981 1821 1066 1860 LL.
1087 1833 1110 1860 e
1130 1833 1262 1871 marg.
1290 1824 1427 1860 Parm.
1470 1821 1668 1860 adulantis
1694 1822 1801 1859 Exc.
1822 1820 1908 1859 Ge-

84 1875 195 1910 vart.
238 1873 446 1910 adorantes
460 1873 556 1912 Pat.
598 1874 834 1923 nimiumque
852 1873 951 1912 Jun.
973 1878 1143 1922 pr.——80
1178 1875 1250 1912 Vel
1268 1874 1439 1912 maribus
1458 1875 1524 1912 vel
1548 1875 1600 1911 Ut
1622 1873 1789 1911 maribus
1805 1874 1908 1922 Reg.

84 1923 178 1974 quid
195 1923 334 1963 nobilis
352 1926 458 1964 Exc.
479 1926 710 1964 Laeti.—81
745 1926 957 1974 Conjurant
976 1926 1134 1965 Thuan.
1154 1927 1256 1965 Var.
1279 1927 1364 1965 LL.
1386 1926 1453 1966 ed.
1479 1926 1606 1964 Antv.
1621 1937 1676 1963 m.
1698 1937 1762 1975 pr.
1810 1927 1912 1963 Con·

84 1977 218 2016 vivant
241 1978 340 2017 Put.
361 1979 514 2018 Petav.
534 1991 620 2028 sec,
642 1978 791 2017 Ambr.
812 1990 878 2029 pr.
899 1979 966 2018 ed.
987 1979 1132 2018 Parm.
1152 1984 1197 2017 et
1224 1979 1365 2017 vicet.
1384 1979 1487 2018 Var.
1508 1979 1593 2017 LL.
1614 1978 1680 2017 ed.
1700 1977 1832 2016 Antv.
1853 1990 1910 2017 m.

83 2041 172 2069 sec.
223 2031 324 2070 Cum
351 2032 483 2070 vivant
504 2032 587 2071 duo
624 2031 776 2071 Leidd.
806 2037 852 2070 et
884 2032 1032 2083 viginti
1064 2031 1152 2080 alii,
1188 2032 1290 2071 Exc.
1323 2032 1501 2071 Gevart.
1531 2032 1712 2070 Lucens.
1741 2042 1829 2069 sec.
1865 2036 1910 2071 et

87 2083 199 2123 eod.
218 2084 366 2124 Rhem.
385 2085 488 2124 Var.
509 2085 594 2124 LL.
612 2097 636 2124 e
657 2098 790 2137 marg.
807 2085 951 2124 Parm.
1000 2086 1100 2123 Cum
1117 2085 1243 2123 rivam
1263 2085 1400 2124 Oisel.
1448 2084 1637 2124 Convivat
1668 2084 1735 2123 vel
1761 2083 1909 2122 Uniant

83 2136 170 2176 inc.
188 2136 338 2177 Heius.
384 2139 550 2177 dominis
563 2139 663 2178 Vat.
684 2139 928 2178 Livia—82
957 2143 1115 2189 patrum
1142 2138 1226 2177 duo
1258 2139 1382 2177 Vatt.
1412 2138 1504 2177 Pal.
1544 2138 1667 2177 Farn.
1695 2136 1816 2176 Med.
1847 2149 1912 2187 pr.

85 2189 250 2230 Thuan.
267 2191 421 2231 Petav.
441 2204 503 2241 pr.
545 2193 703 2243 patitur
721 2191 806 2231 duo
828 2191 976 2231 Leidd.
994 2198 1039 2231 et
1057 2191 1294 2231 octodecim
1317 2191 1405 2239 alii,
1423 2192 1529 2230 Exc.
1549 2191 1710 2229 Schott.
1732 2189 1911 2230 Gevart.

85 2241 272 2284 Lucens.
303 2256 390 2284 sec.
425 2245 525 2285 Var.
562 2247 646 2286 LL.
667 2258 691 2285 e
711 2257 842 2297 marg.
864 2245 1007 2285 Parni.
1053 2246 1206 2296 pariter
1237 2246 1306 2284 vel
1334 2249 1491 2296 patrum
1518 2244 1630 2284 Prie.
1672 2244 1828 2294 patitur
1843 2244 1910 2282 vel

81 2297 230 2347 patrioe
258 2297 376 2337 Med.
412 2310 498 2337 sec.
546 2300 615 2350 qui
650 2300 756 2339 Exe.
787 2299 910 2338 Laeti.
956 2310 1065 2350 quem
1096 2299 1212 2338 Med.
1242 2304 1339 2338 tert.
1395 2298 1572 2337 conditor
1602 2297 1708 2347 urbis
1758 2295 1912 2335 Tertius

86 2347 236 2390 Ambr.
256 2362 320 2401 pr.
366 2351 469 2390 orbis
505 2353 662 2392 Mazar.
706 2352 805 2392 Pat.
844 2351 966 2392 Leid.
998 2364 1061 2402 pr.
1088 2365 1143 2392 m.
1164 2364 1228 2403 pr.
1273 2351 1380 2391 urbis
1399 2352 1466 2390 vel
1484 2351 1588 2389 orbis
1606 2349 1752 2389 Ambr.
1771 2361 1912 2389 sec.—

87 2405 139 2442 83
168 2403 250 2442 hoec
278 2403 362 2443 duo
395 2405 516 2445 Vatt.
552 2406 677 2445 Farn.
717 2406 835 2445 Prie.
870 2405 1024 2445 PetaV.
1059 2418 1122 2456 pr.
1144 2406 1406 2446 Moret.see.
1450 2403 1540 2442 hinc
1557 2404 1722 2442 Thuan.
1769 2401 1913 2441 videbis

89 2455 188 2497 Pat.
207 2461 338 2509 atque
356 2457 420 2497 ita
445 2458 707 2510 conjiciebat
725 2459 984 2499 Heins.—84
1012 2470 1098 2508 qaoe
1119 2460 1225 2510 Reg.
1272 2470 1365 2508 quos
1393 2458 1508 2496 Rott.
1538 2457 1622 2495 inc.
1657 2454 1807 2494 Heius.
1826 2453 1909 2502 duo

908 2543 1091 2584 NOTAE

89 2621 272 2660 eunuchi
291 2621 508 2673 depictam
525 2622 642 2668 ,inter
662 2623 848 2663 virorum
872 2634 970 2662 con-

89 2683 291 2725 sularium
318 2684 537 2736 imagines.

143 2748 196 2784 78
226 2746 415 2796 Pudoris]
445 2746 686 2786 Dedecoris
715 2751 760 2785 et
788 2746 968 2797 ignaviae

90 2815 254 2858 eorum,
284 2808 356 2859 qui
385 2808 487 2848 talia
507 2820 630 2848 servo
660 2809 870 2860 Eutropio
899 2808 969 2847 de-

91 2876 335 2910 creverunt.

1038 2622 1163 2661 vum.’
1220 2623 1336 2664 Quin
1356 2628 1400 2662 et
1418 2634 1561 2662 servus
1579 2622 1686 2661 liber
1704 2620 1852 2670 fiebat,
1875 2620 1911 2660 si

1037 2685 1228 2725 dominus
1249 2698 1342 2725 eum
1362 2698 1517 2725 mensae
1538 2698 1624 2725 suae
1645 2683 1884 2725 adhiberet.

1090 2753 1141 2788 82
1170 2749 1353 2800 Impleat]
1381 2750 1487 2790 Quae
1526 2760 1688 2788 summa
1719 2748 1808 2786 laus
1844 2751 1913 2786 est

1036 2812 1373 2863 praestantissimi
1394 2811 1690 2862 Imperatoris,
1723 2815 1767 2847 et
1783 2807 1913 2848 Ducis

1036 2881 1082 2913 et
1119 2875 1264 2913 militis
1298 2886 1447 2913 munus
1480 2875 1672 2924 implere.
1729 2872 1785 2910 Et
1816 2871 1911 2910 haec

142 2935 196 2971 79
224 2932 384 2984 Subter]
428 2934 481 2972 In
509 2934 601 2974 basi
639 2940 871 2974 statuarum
908 2934 969 2973 in-

89 2995 241 3048 scripti
260 3001 359 3036 sunt
375 2996 488 3036 tituli
509 2997 552 3036 in
570 2998 738 3037 laudem
758 2997 970 3048 Eutropii,

89 3059 166 3100 sed
185 3073 280 3113 quae
311 3063 642 3102 assentationem
674 3063 871 3102 servilem
904 3075 968 3102 ar-

151 3135 206 3162 un
231 3151 242 3162 .

93 3132 196 3224 gu81
210 3127 329 3225 tCum
344 3186 475 3226 vivant
492 3186 656 3236 domini]
678 3187 895 3226 Claverius
910 3186 969 3225 le-

94 3247 172 3300 git,
184 3249 342 3290 conviva
360 3254 399 3290 et
414 3252 592 3300 Domini,
613 3251 657 3290 id
677 3256 758 3299 est,
779 3251 970 3301 Impera-

84 3311 215 3361 toris,
234 3313 355 3364 quasi
373 3314 627 3365 Eutropium
642 3326 797 3353 mensae
810 3314 971 3353 honore

95 3369 296 3421 dignatus
326 3375 407 3416 sit:
445 3377 518 3432 qui
534 3389 720 3416 summus
737 3382 804 3417 est
821 3377 969 3416 honor.

94 3434 217 3487 Virg.
247 3436 338 3476 ‘Tu
365 3438 441 3479 das
470 3439 608 3491 epuns
635 3439 894 3481 accumbere
911 3439 974 3479 di-

1035 2937 1127 2975 laus
1149 2936 1361 2975 tribuatur
1380 2942 1425 2976 et
1458 2936 1650 2976 eunucho
1680 2941 1725 2975 et
1758 2933 1908 2974 servo!

1036 2999 1132 3039 Quo
1168 3010 1250 3036 non
1284 3005 1501 3048 grassatur
1525 2998 1744 3037 adulatio?
1774 2999 1911 3037 Recte

1035 3061 1207 3113 quidem
1227 3062 1296 3101 ille
1313 3062 1610 3114 Philosophus,
1626 3063 1740 3101 inter
1756 3062 1911 3101 anima·

1035 3125 1094 3164 lia
1112 3123 1219 3174 fera,
1238 3130 1472 3177 tyrannus;
1508 3126 1620 3165 inter
1649 3124 1782 3175 mitia,
1809 3124 1910 3163 adu·

1036 3188 1149 3227 lator
1169 3189 1390 3239 pessimus.

1091 3251 1248 3290 Tertius
1263 3251 1457 3302 conditor]
1505 3251 1673 3291 Primus
1695 3250 1912 3299 Romulus,

1037 3314 1249 3353 secundus
1267 3315 1482 3364 Camillus,
1499 3315 1650 3354 tertius
1663 3313 1908 3364 Eutropius.

1039 3376 1410 3428 Comparationem
1427 3377 1612 3428 lepidam
1633 3380 1642 3416 !

1091 3442 1143 3479 83
1167 3439 1320 3490 Byzas]
1365 3439 1506 3479 Heros
1534 3438 1685 3479 nobilis
1711 3434 1910 3477 conditor
