2300 3906
995 524 1224 594 XXV.

680 812 851 889 CL.
913 814 1548 894 CLAUDIANI

263 1058 493 1157 DE
592 1059 1183 1162 BELLO
1284 1068 1950 1167 GETICO

929 1323 1272 1386 LIBER.

878 1523 1309 1562 Ἥ

797 1685 1414 1742 PRAEFATIO.

879 1834 1325 1878 ARGUMENTUM.

237 1936 335 1976 Eoo
351 1935 545 1976 dicturus
564 1939 785 1987 superatos
802 1949 825 1976 a
845 1936 1079 1977 Stilichone
1103 1937 1254 1987 Getas,
1274 1942 1373 1989 post
1391 1937 1674 1978 intermissam
1693 1950 1772 1990 per
1790 1938 2008 1982 biennium

185 2012 276 2043 rem
295 2002 535 2054 Poeticam,
556 2009 752 2044 revertor
769 2002 823 2043 ad
841 2003 1048 2055 templum
1067 2002 1298 2055 Apollinis,
1316 2004 1392 2044 ubi
1411 2004 1547 2044 cecini
1564 2005 1841 2045 Consulatum
1857 2011 1903 2045 et
1922 2006 2009 2046 vic-

185 2071 315 2110 torias
331 2069 588 2111 Stilichonis.
645 2069 770 2109 Unde
790 2068 890 2108 mihi
913 2073 1056 2108 statua
1072 2069 1233 2108 ahenea
1250 2082 1274 2108 a
1287 2069 1510 2121 Principe,
1529 2074 1708 2121 petente
1724 2070 1898 2121 Senatu,
1910 2071 2011 2114 data

184 2142 265 2177 est.
322 2136 438 2177 Hinc
472 2149 554 2189 quo
586 2136 720 2188 major
745 2135 848 2175 mihi
877 2135 1009 2175 honos
1027 2134 1197 2175 delatus
1218 2140 1298 2187 est,
1317 2147 1368 2176 eo
1390 2136 1623 2176 severiores
1643 2147 1734 2175 sum
1753 2141 2009 2188 experturus

184 2214 399 2244 censores.
455 2203 539 2243 Sed
559 2201 747 2242 fremant
764 2201 852 2253 isti,
871 2201 907 2240 si
926 2200 1083 2240 velint:
1114 2201 1216 2241 satis
1234 2208 1396 2253 gratam
1416 2201 1520 2242 mihi
1538 2202 1821 2244 attentionem
1839 2202 2011 2257 parabit

183 2271 251 2310 vel
267 2269 512 2322 magnitudo
530 2269 632 2310 belli
655 2268 813 2320 Getici,
828 2269 898 2308 vel
914 2268 1161 2308 Stilichonis
1182 2268 1493 2316 benevolentia.

182 2479 254 2551 P
257 2514 367 2554 os'r
391 2502 599 2555 resides
624 2519 793 2555 annos
818 2503 986 2569 longo
1006 2502 1156 2554 velut
1179 2501 1367 2554 excita
1390 2516 1586 2554 somno

255 2585 523 2638 Romanis
547 2586 741 2639 fruitur
760 2589 952 2638 nostra
976 2586 1180 2638 Thalia
1203 2586 1404 2638 choris.

236 2716 359 2758 Musa
376 2721 523 2769 nostra,
542 2717 653 2770 quasi
670 2717 844 2758 excitata
863 2721 888 2756 a
905 2717 1017 2766 longo
1035 2727 1184 2767 sopore,
1197 2719 1284 2766 post
1303 2715 1411 2756 duos
1430 2728 1549 2756 annos
1574 2715 1659 2758 sine
1686 2714 1828 2769 labore,
1852 2714 2007 2769 potitur

234 2903 287 2945 In
302 2904 404 2944 Vat.
426 2917 491 2956 pr.
510 2916 639 2945 manu
659 2906 826 2945 recenti
847 2905 1059 2957 ascriptus
1087 2911 1180 2947 erat
1209 2905 1277 2945 hic
1296 2904 1439 2945 Liber.
1478 2903 1522 2943 in
1540 2904 1642 2943 Vat.
1663 2914 1751 2943 sec.
1777 2901 1904 2953 plane
1933 2900 2007 2941 de-

181 2963 293 3008 erat,
309 2966 358 2997 ut
385 2964 431 2998 et
455 2959 499 2998 in
514 2959 615 2998 Vnt.
641 2959 777 2998 Livin.
807 2960 850 2998 in
866 2960 1028 2999 Moret.
1046 2972 1113 3011 pr⁴
1133 2959 1294 3010 legitur
1313 2963 1412 3010 post
1430 2956 1726 3009 Panegyricos
1745 2955 1790 2995 in
1805 2954 2006 2995 stilicho-

182 3022 292 3053 nem.
312 3011 355 3050 in
380 3012 484 3052 Lov.
518 3017 617 3062 post
650 3024 712 3053 vr.
741 3013 869 3053 cons.
899 3013 1066 3052 Honor.
1095 3013 1138 3051 in
1167 3012 1399 3063 Excerptis
1420 3011 1598 3051 Gemi-t.
1629 3021 1740 3051 nono
1770 3009 1867 3048 loco
1896 3013 2005 3049 erat.

183 3064 415 3105 Vaticanus
433 3077 497 3118 pr.
516 3065 711 3107 inscribit
727 3067 775 3106 de
793 3066 908 3106 Bello
928 3065 1161 3107 Pollentina.
1183 3066 1303 3106 Med.
1323 3077 1389 3117 pr.
1407 3066 1454 3105 de
1468 3065 1583 3105 Bello
1599 3062 1852 3113 Pollentiam,
1868 3061 1933 3103 uti
1959 3066 2006 3102 et

1006 3173 1186 3214 NOTAE

250 3262 404 3315 Getico]
430 3266 599 3306 Bellum
624 3267 845 3319 Geticum,
861 3280 939 3309 seu
965 3280 1064 3309 con·
1133 3266 1365 3307 Stilichone
1395 3269 1562 3317 gestum
1593 3269 1663 3305 est
1692 3267 1840 3308 contra
1863 3259 2002 3302 Alari-

186 3332 256 3368 tra
268 3325 418 3376 Getas,
430 3329 811 3381 septemtrionales
826 3333 1022 3387 populos,
1041 3343 1066 3370 a
1132 3343 1244 3385 cum,
1261 3330 1500 3373 Gothorum
1518 3330 1700 3384 Regem,
1715 3337 1838 3380 quem
1861 3320 2002 3374 Pmffi·

290 3392 443 3449 ῡιιριι.
460 3398 502 3436 οι
523 3394 742 3442 vacuas.
1024 3398 1167 3438 claud.
1808 3394 1836 3432 2
1854 3390 1896 3431 Y
