2300 3906
908 492 1221 604 ‘x'xvm

634 807 804 882 CL.
874 809 1510 884 CLAUDIANI

526 1035 641 1086 DE
701 1038 997 1091 SEXTO
1052 1038 1612 1093 CONSULATU

203 1249 584 1344 HON
632 1250 1051 1345 ORII
1154 1254 1959 1348 AUGUSTI

811 1468 1353 1566 PANEGYRIS.

816 1822 1358 1876 PRAEFATIO.

858 1987 980 2028 ARG
988 1988 1303 2028 UMENTUM.

221 2098 291 2140 U‘r
310 2099 489 2153 quisque
508 2100 551 2141 in
572 2100 725 2141 somnis
746 2100 798 2140 de
824 2100 875 2140 iis
894 2101 1069 2152 cogitat,
1090 2113 1185 2152 quae
1211 2100 1464 2152 profitetur-3
1505 2102 1566 2141 sic
1595 2113 1674 2152 ego
1699 2102 1838 2143 Po'eta
1872 2108 1997 2155 puta-

170 2157 268 2207 bam
299 2179 366 2207 me
398 2166 551 2207 offerre
581 2179 727 2207 versus
758 2167 874 2218 Jovi,
901 2167 1066 2218 superis
1092 2168 1415 2219 plaudentibus,
1470 2169 1555 2208 Res
1588 2180 1690 2208 vera
1719 2170 1895 2210 inventa
1913 2175 1993 2221 est,

171 2234 382 2286 siquidem
403 2235 595 2276 Honorio
614 2234 746 2276 offero
765 2247 924 2287 versus,
937 2235 1170 2287 plaudente
1188 2235 1422 2276 Procerum
1442 2234 1699 2288 frequentia.

177 2523 421 2598 OMNJA
450 2563 577 2615 quae
604 2562 774 2598 sensu
797 2547 1097 2600 volvuntur
1120 2553 1256 2600 vota
1281 2546 1492 2611 diurno,

245 2631 480 2683 Pectore
508 2633 687 2699 sopito
713 2632 892 2685 reddit
917 2634 1097 2685 amica
1122 2633 1302 2701 quies.

229 2762 395 2813 Requies
423 2766 544 2813 grata
578 2762 731 2814 noctis,
767 2775 923 2814 corpore
962 2763 1182 2815 composito,
1231 2765 1483 2814 repraesentat
1518 2761 1646 2801 omnia
1681 2760 1873 2801 desideria
1908 2773 1993 2812 quoe

939 2885 1232 2903 oeboeoeeaeae‘e

230 2966 283 3005 In
300 2965 403 3005 Vat.
423 2977 488 3015 pr.
510 2970 555 3004 et
574 2966 676 3005 Lov.
695 2965 811 3004 nulla
828 2969 922 3004 erat
939 2965 1184 3017 Inscriptio.
1212 2964 1364 3004 PetaV.
1380 2975 1445 3014 pr.
1473 2961 1694 3001 inscribit:
1714 2960 1833 3000 Liber
1849 2961 1897 3000 de
1921 2960 1997 3002 VI.

178 3020 388 3059 Consulatu
406 3019 590 3058 Honor-ii.
617 3018 736 3057 Leid.
751 3030 816 3069 pr.
833 3019 986 3057 habet:
1010 3019 1156 3070 Incipit
1184 3018 1302 3057 Isiber
1319 3019 1366 3056 de
1382 3020 1492 3055 sexto
1514 3016 1724 3054 Consulatu
1750 3013 1934 3054 Honorii.
1952 3014 1997 3054 in

178 3072 360 3113 Lucens.
378 3084 463 3112 sec.
479 3076 595 3111 erat:
619 3072 766 3122 Incipit
785 3072 1054 3123 Panegyricus
1070 3075 1117 3112 de
1141 3077 1251 3111 sexto
1272 3071 1478 3123 Consulato
1498 3069 1653 3108 Honori
1669 3067 1856 3117 Augusti.
1885 3067 1997 3106 Pm-

997 3166 1176 3206 NOTAE

232 3248 255 3283 1
284 3244 407 3285 Sensu
420 3244 576 3297 diurno]
603 3245 711 3286 Quae
727 3244 844 3284 videt
857 3246 924 3285 vel
937 3245 1057 3285 audit
1183 3245 1300 3296 Vota]
1328 3244 1573 3294 Desideria,
1591 3247 1664 3283 aut
1680 3254 1731 3282 ea
1748 3240 1887 3282 omnia
1899 3251 1992 3291 quae

179 3308 305 3347 homo
322 3319 400 3360 per
418 3308 548 3361 diem,
565 3320 618 3348 ea
646 3313 872 3348 recurrunt
890 3309 931 3349 in
950 3309 1056 3350 som·
1124 3309 1247 3361 cupit
1263 3310 1403 3361 homo,
1421 3307 1618 3348 dicuntur
1633 3310 1748 3346 vota.

184 3382 260 3410 ms.
508 3389 515 3393 ,
