2300 3906
341 233 451 286 932
864 209 957 281 cn.
995 232 1348 277 cLAumANl
1390 231 1636 272 xxxm.

344 363 629 432 Languida
652 359 905 413 coeruleis
928 359 1213 409 invexerat
1236 355 1349 407 otia
1372 355 1537 422 bigis.

340 448 579 516 Jamque
605 446 751 498 viam
777 444 981 495 Pluton
1007 456 1239 510 superas
1264 439 1486 491 molitur
1512 438 1583 491 ad
1607 451 1768 490 auras

343 531 605 586 Germani
629 528 871 581 monitu:
910 532 1099 580 torvos
1122 526 1304 579 invisa
1321 524 1537 593 jugales

342 617 542 670 Alecto
570 623 783 666 temone
808 613 962 678 ligat,
990 613 1085 680 qui
1111 626 1321 680 pascua
1346 609 1609 667 mandunt

343 700 563 767 Cocyti,
589 697 900 766 spatiisque
929 697 1098 747 Erebi
1125 694 1464 767 nigrantibus
1489 697 1687 757 errant,

342 784 657 852 stagnaque
686 781 991 848 tranquillae
1018 784 1273 848 potantes
1299 778 1542 830 marcida
1566 778 1769 830 Lethesn
1795 770 1818 793 “

343 868 516 934 AEgra
540 866 816 933 soporatis
845 867 1103 932 spumant
1127 863 1334 915 oblivia
1357 862 1591 929 linguis:
1663 907 1678 921 .

343 951 655 1018 Orphnaeus
681 950 899 1002 crudele
925 950 1159 1012 micans,
1190 947 1511 1015 AEthonque
1534 947 1737 1015 sagitta

2055 340 2165 402 275

2057 773 2167 828 280

341 1101 470 1128 somno
494 1089 684 1128 attulerat
709 1089 876 1138 quietem
903 1089 1164 1137 languentem,
1194 1089 1304 1125 vecta
1319 1085 1426 1137 equis
1440 1084 1582 1135 nigris,
1602 1088 1640 1123 et
1655 1084 1742 1134 jam
1757 1083 1901 1123 Pluton
1918 1081 2077 1132 suscipit
2093 1081 2171 1121 iter

339 1144 390 1181 ad
407 1147 535 1181 terras
552 1143 670 1191 altas,
704 1141 964 1180 admonitione
985 1140 1150 1189 fratris.
1204 1139 1342 1179 Alecto
1373 1139 1504 1178 odiosa
1531 1138 1672 1188 alligat
1701 1137 1834 1177 currui
1852 1148 1967 1188 equos
1984 1135 2172 1183 crudeles,

341 1196 406 1246 qni
436 1198 554 1234 edunt
588 1196 723 1234 herbas
755 1195 908 1246 Cocyti,
940 1198 979 1234 et
1011 1199 1208 1242 vagantur
1242 1205 1321 1244 per
1350 1191 1481 1243 spatia
1509 1192 1628 1242 nigra
1661 1190 1898 1241 Inferorum,
1930 1193 1969 1229 et
2004 1188 2172 1227 bibentes

339 1248 541 1288 turbidam
559 1249 732 1299 fluvium
762 1249 904 1287 Lethes
917 1248 1097 1299 placidae,
1124 1251 1325 1287 revomunt
1352 1258 1419 1285 ore
1450 1244 1662 1296 soporifero
1680 1244 1908 1284 oblivionem
1929 1242 2171 1292 languidam.

344 1304 564 1353 Orphnaeus
578 1315 618 1341 se
636 1305 793 1352 agitans
812 1303 1037 1353 crudeliter,
1071 1301 1221 1342 AEtlion
1239 1300 1406 1340 velocior
1414 1298 1562 1350 jaculo,
1594 1303 1634 1338 et
1654 1299 1830 1351 Nycteus
1854 1297 1973 1337 honor
2002 1294 2174 1346 ingentis

1148 1406 1445 1422 OOOOOOOOOOOO

341 1487 416 1529 lib.
437 1500 500 1528 ιν.
521 1492 750 1529 368.-274
779 1490 940 1528 humida
958 1490 1049 1528 coelo
1070 1489 1214 1527 Oxon.
1247 1490 1467 1525 sem—275
1497 1486 1691 1524 invaserat
1708 1484 1835 1527 Voss.
1867 1494 1932 1534 pr.
1973 1481 2175 1520 innexerit

340 1542 440 1585 Jnn.
459 1546 683 1581 sec.—-—276
713 1544 831 1580 Pluto
852 1543 947 1581 cod.
968 1541 1208 1580 Bartholin.
1239 1549 1335 1578 cum
1356 1538 1595 1577 octodecim
1616 1538 1706 1576 aliis
1728 1542 1772 1576 et
1792 1536 1858 1576 ed.
1879 1535 2023 1575 Vicet.
2055 1534 2175 1582 Pluto

340 1606 501 1644 superas
519 1595 601 1633 duo
622 1596 765 1633 Oxou.
782 1595 865 1633 dno
882 1596 1003 1633 Voss.
1030 1605 1189 1645 superas
1204 1592 1323 1632 Pluto
1342 1591 1442 1632 Jun.
1465 1602 1530 1642 pr.
1553 1592 1660 1630 Exc.
1680 1590 1834 1629 Petav.
1854 1593 1992 1642 quart.
2019 1598 2178 1639 superas

344 1648 532 1686 Floreat.
567 1647 651 1686 duo
674 1648 794 1686 Med.
830 1647 982 1687 Heins.
1002 1647 1061 1686 H.
1083 1652 1128 1685 et
1147 1647 1232 1686 inc.
1266 1645 1403 1696 ejusd.
1435 1645 1539 1683 Put.
1572 1646 1678 1696 Reg.
1698 1644 1864 1683 Bonon.
1884 1642 2050 1681 Tholos.
2069 1640 2174 1681 Jun.

342 1712 430 1739 sec.
451 1706 539 1739 tres
572 1701 728 1740 PetaV.
761 1700 862 1740 Ald.
897 1707 942 1739 et
973 1702 1075 1740 Var.
1096 1701 1183 1739 LL.
1216 1711 1241 1738 e
1261 1710 1393 1749 marg.
1427 1698 1574 1738 Parm.
1616 1709 1775 1749 superas
1795 1698 1914 1736 Pluto
1929 1709 1980 1735 m.
1999 1696 2050 1734 ad
2068 1705 2178 1733 arces

341 1754 442 1793 Vat.
464 1754 597 1805 quint.
628 1754 781 1794 Siculas
796 1755 847 1792 ad
865 1766 975 1793 arces
989 1754 1085 1793 cod.
1106 1752 1343 1792 Bartholin.
1373 1751 1530 1791 Siculas
1543 1751 1587 1790 in
1598 1764 1706 1791 arces
1718 1751 1818 1790 Vat.
1836 1763 1901 1801 pr.
1917 1750 2017 1789 Vat.
2036 1748 2176 1788 Livin.

342 1808 392 1846 ad
410 1819 527 1846 auras
544 1807 645 1847 Jun.
667 1820 733 1859 pr.
779 1809 830 1846 ad
848 1820 958 1847 arces
979 1808 1102 1847 Voss.
1125 1819 1191 1858 pr.
1221 1817 1340 1846 auras
1365 1805 1539 1845 Thalos.
1558 1805 1663 1846 Jun.
1695 1816 1780 1844 sec.
1821 1815 1930 1843 arces
1951 1808 2036 1843 tres
2055 1801 2176 1841 Vatt.

341 1860 440 1900 Pal.
481 1873 598 1900 auras
616 1863 686 1900 vel
705 1874 814 1901 arces
841 1862 966 1901 Voss.
997 1863 1218 1901 sem—2⁷7
1260 1860 1396 1909 nigros
1414 1871 1491 1911 pro
1510 1862 1640 1898 torvos
1672 1859 1832 1898 Moret.
1867 1870 1932 1908 pr.
1976 1861 2176 1906 torvosque

343 1914 674 1954 Florent.——278
701 1915 864 1954 Athleto
885 1917 1216 1955 Florent.—279
1241 1913 1443 1964 pratisque
1463 1918 1552 1952 tres
1567 1913 1687 1952 Vatt.
1708 1918 1753 1952 et
1775 1912 1814 1952 d.
1833 1911 1929 1952 Pal.
1946 1911 2051 1950 Exc.
2066 1907 2177 1949 Laeti

343 1974 389 2005 et
405 1968 507 2007 Var.
529 1968 614 2007 LL.
637 1981 659 2007 e
680 1980 812 2019 marg.
834 1969 977 2008 Parni.
1018 1969 1238 2020 patriisque
1257 1967 1410 2006 Heins.
1432 1966 1489 2006 H.
1528 1966 1746 2018 spatiisque
1761 1966 1863 2005 Vat.
1880 1977 1946 2016 pr.
1966 1963 2062 2004 cod.
2077 1963 2181 2002 Bar-

344 2020 492 2061 tholin.
510 2021 631 2062 Med.
651 2034 715 2073 pr.
735 2022 921 2063 chartac.
943 2022 1097 2061 Heins.
1118 2023 1223 2062 Exc.
1242 2021 1397 2060 Petav.
1421 2026 1558 2071 quart.
1578 2020 1646 2060 ed.
1668 2022 1810 2060 Parm.
1829 2023 1875 2059 et
1894 2018 2034 2058 vicet.
2061 2015 2177 2068 ripis-

342 2086 414 2124 que
434 2075 501 2113 vel
517 2076 721 2126 pratisque
742 2076 888 2116 Oxon.
910 2079 1136 2115 sec.—280
1162 2077 1366 2126 portantes
1385 2073 1504 2112 Med.
1527 2085 1594 2125 pr.
1612 2075 1768 2113 Petav.
1788 2084 1873 2112 sec.
1902 2072 2074 2111 maxima
2095 2080 2175 2120 pro

341 2127 517 2166 marcida
550 2128 784 2168 Fun-281
813 2128 1042 2179 sopor-{feris
1069 2130 1171 2167 Vat.
1202 2139 1268 2178 pr.
1288 2127 1388 2167 Vat.
1419 2126 1555 2166 Livin.
1593 2127 1750 2178 spirant
1778 2138 1856 2177 pro
1873 2128 2054 2176 spumant
2073 2123 2176 2162 Vat.

342 2180 614 2230 quint.—282
647 2182 840 2232 Orphaeus
857 2182 980 2221 Voss.
1000 2194 1085 2221 sec.
1108 2182 1212 2220 Exc.
1232 2180 1356 2220 Laeti.
1408 2180 1627 2229 Orphnaeus
1646 2179 1744 2219 Aid.
1765 2180 1868 2220 Var.
1888 2179 1972 2218 LL.
1993 2189 2016 2215 e
2036 2188 2174 2225 marg.

341 2233 486 2272 Parm.
520 2234 688 2272 Ornoeus
706 2235 808 2273 Vat.
828 2234 966 2286 quint.
1013 2237 1196 2284 Orgneus
1214 2233 1241 2274 J
1247 2245 1316 2273 un.
1337 2244 1401 2283 pr.
1450 2234 1643 2272 Ormenus
1659 2233 1789 2271 Voss.
1805 2244 1869 2282 pr.
1913 2233 2065 2270 Orneus
2083 2229 2176 2270 Pal.

342 2286 536 2338 Florent.
555 2287 727 2326 Tholos.
755 2287 839 2326 duo
859 2287 978 2326 Med.
1013 2287 1165 2326 Heins.
1198 2286 1254 2323 H.
1279 2291 1323 2324 et
1342 2286 1478 2324 chart.
1497 2285 1636 2335 ejusd.
1659 2285 1800 2324 Oxon.
1829 2297 1892 2335 pr.
1914 2290 2004 2322 tres
2023 2283 2178 2323 Pet'av.

342 2339 409 2378 ed.
429 2339 572 2378 Vicet.
593 2345 638 2378 et
658 2340 802 2379 Parm.
849 2341 1023 2379 Orrenus
1042 2341 1150 2380 Exc.
1173 2339 1329 2378 Petav.
1352 2342 1493 2389 quart.
1539 2337 1761 2389 Orphineus
1779 2338 1863 2377 inc.
1887 2337 2039 2376 Heins.
2080 2337 2178 2377 Gri-

343 2404 451 2430 noeus
469 2392 576 2442 Reg.
627 2393 813 2432 Crinaeus
831 2393 933 2433 Put.
953 2394 1118 2433 Bonon.
1162 2392 1317 2432 crudele
1335 2392 1488 2430 minans
1522 2391 1607 2432 inc.
1644 2391 1796 2432 Heins.
1843 2391 2060 2442 AEthusque
2091 2390 2176 2431 duo

291 2465 294 2468 ·
342 2446 465 2485 Vatt.
486 2451 531 2484 et
565 2445 605 2484 d.
626 2446 723 2486 Pal.
752 2446 848 2486 cod.
869 2447 1110 2486 Bartholin.
1168 2445 1437 2496 AEthonusque
1469 2445 1663 2485 Florent.
1685 2445 1769 2485 duo
1799 2444 1919 2484 Med.
1945 2444 2095 2484 Heins.
2117 2443 2177 2485 H.

343 2498 446 2540 Put.
471 2498 578 2549 Reg.
607 2504 695 2539 tres
717 2500 867 2540 PetaV.
899 2500 1004 2540 Var.
1024 2501 1112 2540 LL.
1143 2512 1167 2539 e
1186 2511 1320 2550 marg.
1342 2499 1484 2538 Parm.
1514 2499 1801 2550 AEthoneusque
1819 2499 1942 2538 Voss.
1959 2510 2022 2549 ρι·.
2052 2498 2177 2536 Etho-

339 2564 484 2603 nusque
505 2553 676 2594 Tholos.
698 2555 858 2595 Moret.
877 2566 943 2607 pr.
963 2555 1088 2595 Voss.
1109 2565 1198 2594 sec.
1214 2552 1348 2593 chart.
1368 2552 1518 2593 Heius.
1537 2552 1622 2592 duo
1640 2553 1740 2594 Jun.
1761 2552 1845 2592 duo
1865 2552 2008 2593 Oxou.
2038 2551 2178 2591 AEtko-

1167 2645 1352 2688 NOTAE

1292 2725 1391 2765 vitae
1420 2725 1673 2777 praeteritae.

1342 2789 1505 2840 Lethes]
1545 2788 1653 2838 Λήθη
1689 2794 1759 2831 est
1785 2789 1941 2842 oblivio,
1970 2791 2091 2843 quasi
2118 2793 2177 2830 sit

1288 2851 1444 2893 fluvius
1461 2852 1714 2894 oblivionis:
1746 2854 1865 2906 cujus
1888 2852 2004 2894 fluvii
2021 2864 2173 2905 aquam

343 2737 439 2766 rore
460 2725 773 2778 deprehendit!
830 2728 930 2776 Hoc
961 2733 1080 2770 certe
1112 2728 1223 2768 Poe-

341 2794 427 2828 tam
448 2788 716 2830 audaciorem
738 2796 842 2842 puto
862 2793 1088 2833 neminem.

395 2851 558 2903 Somno]
583 2852 763 2894 Sdmnus
778 2868 802 2895 e
820 2868 897 2895 suo
913 2868 1045 2895 cornu
1061 2856 1224 2908 spargit

341 2925 553 2968 soporem,
586 2921 631 2955 et
663 2918 784 2958 Deus
813 2919 886 2958 ille
905 2919 1073 2960 habitus
1093 2919 1223 2960 etiam

343 2983 422 3017 est.

366 3087 376 3094 .
394 3043 474 3080 2⁷5
504 3038 644 3094 Bigis]
674 3045 817 3085 Etiam
843 3047 960 3087 nocti
994 3060 1144 3088 currus
1179 3053 1224 3088 et

343 3103 442 3156 equi
461 3103 631 3145 dantur.

368 3206 371 3209 .
397 3170 478 3208 278
504 3167 662 3222 Alecto]
689 3171 759 3211 Sic
779 3171 939 3212 dicitur
972 3174 1025 3214 ab
1061 3190 1100 3223 α,
1126 3175 1225 3227 sine,

343 3236 388 3283 et
408 3229 565 3283 λήγειν,
591 3245 753 3285 cessare,
784 3235 973 3286 desinere,
1005 3239 1117 3290 quod
1137 3250 1224 3278 non

346 3294 515 3348 desinat
534 3297 734 3349 persequi
752 3297 983 3349 improbos.

367 3394 372 3416 :
398 3360 479 3399 280
512 3359 772 3412 Tranquilloe]
805 3362 916 3403 Quae
938 3363 1051 3403 tollit
1067 3376 1227 3405 memo-

343 3421 448 3464 riam
463 3429 605 3466 rerum
622 3424 914 3479 molestarum,
931 3431 978 3467 et
997 3427 1225 3468 tumultum

1290 2917 1362 2969 qui
1378 2916 1603 2969 bibebant,
1617 2917 1646 2957 ii
1662 2918 1804 2959 omnia
1818 2917 2011 2958 oblivisci
2030 2915 2177 2956 crede·

1288 2981 1461 3022 bantur.

1344 3047 1423 3084 281
1452 3043 1676 3095 soporatis]
1721 3043 1884 3084 Tinctis
1915 3043 1958 3083 vi
1990 3043 2172 3096 quadam

1291 3105 1540 3159 soporifera.

1315 3206 1325 3210 -
1345 3182 1425 3219 282
1483 3178 1716 3231 Orpknoeus]
1763 3178 1932 3233 Ὄρφνη,
1975 3180 2144 3221 tenebroe
2158 3195 2175 3229 ,-

1292 3243 1487 3294 ὀρφναῖος,
1546 3255 1666 3294 equus
1699 3243 1930 3285 tenebrosus.
2014 3245 2091 3284 Est
2127 3249 2174 3284 et

1294 3304 1471 3356 Orphne
1504 3305 1708 3356 Nympha
1745 3305 2003 3347 Inferorum.
2070 3305 2175 3347 Ovi-

1292 3367 1388 3408 dius
1405 3381 1414 3408 :
1435 3369 1448 3391 ‘
1466 3367 1733 3421 Ascalaphus
1754 3369 1879 3420 vidit,
1898 3381 2024 3422 quem
2043 3380 2176 3422 quon·

1293 3431 1391 3473 dam
1419 3432 1579 3474 dicitur
1599 3432 1794 3487 Orphne,
1826 3433 1951 3474 Inter
1981 3432 2174 3475 Averna-
