2300 3906
334 208 444 266 964

338 343 602 396 Dissiluit
626 340 811 410 gelido
839 343 1030 391 vertex
1057 338 1286 391 Ossaeus
1314 338 1580 408 Olympo.

338 425 664 479 carceribus
686 426 944 477 laxantur
971 439 1153 490 aquae,
1179 422 1467 491 fractoque
1492 428 1678 476 meatu

338 510 663 563 Redduntur
685 508 992 574 fluviusque
1016 507 1153 558 mari
1177 507 1445 574 tellusque
1470 509 1696 560 colonis.

336 593 649 662 Postquam
673 594 821 644 victa
843 608 1006 643 manu
1033 592 1202 644 duros
1228 592 1516 644 Trinacria
1539 609 1723 645 nexus

339 679 536 741 Solvit,
564 685 617 729 et
641 679 912 728 immenso
934 676 1048 727 late
1074 675 1333 728 discessit
1357 675 1512 728 hiatu
1533 692 1548 742 ;

338 760 586 829 Apparet
611 762 828 812 subitus
856 761 1004 812 coelo
1029 762 1191 814 timor
1212 775 1238 812 :⁴
1266 766 1420 813 astra
1444 762 1660 813 viarum

341 845 633 898 Mutavere
658 844 848 897 fidem:
888 845 1056 896 vetito
1083 860 1145 896 se
1164 845 1373 912 proluit
1396 842 1598 897 Arctos
1727 841 1732 846 ’

884 224 978 268 GL.
1017 219 1370 260 CLAUDIAM
1404 219 1625 262 XXXV.-

337 997 424 1023 nien
446 985 555 1023 Ossae
568 995 792 1034 percussum
823 982 904 1021 ictu
932 982 1084 1031 ingenti
1102 983 1277 1021 avulsum
1295 989 1363 1021 est
1379 982 1433 1021 ab
1457 983 1624 1034 Olympo
1644 981 1827 1032 frigido.-
1854 995 1964 1034 aquae
1984 983 2172 1022 emittun-

337 1042 404 1076 tur
422 1037 685 1088 receptaculis,
701 1040 740 1075 et
768 1035 936 1075 obicibus
962 1036 1105 1086 ruptis,
1132 1040 1169 1074 et
1189 1036 1346 1087 flumen
1363 1036 1481 1085 muri,
1498 1041 1536 1075 et
1555 1041 1664 1075 terra
1681 1036 1867 1086 agricolis
1891 1036 2169 1086 restituuntur,

339 1091 597 1141 Posteaquam
622 1088 769 1129 Sicilia
786 1089 953 1128 abscissa
971 1089 1011 1127 vi
1032 1089 1227 1128 Plutonis
1260 1091 1411 1129 laxavit
1440 1093 1595 1129 catenas
1622 1090 1791 1140 rigidas,
1820 1092 1858 1128 et
1876 1091 1955 1128 late
1971 1087 2173 1140 patefacta

338 1147 397 1183 est
412 1143 524 1183 hiatu
543 1143 712 1195 ingenti,
744 1147 868 1182 metus
896 1143 1123 1194 repentinus
1152 1142 1307 1182 invadit
1344 1143 1517 1182 Coelum:
1546 1143 1674 1182 sidera
1701 1143 1942 1195 reliquerunt
1963 1154 2096 1182 cursus
2113 1153 2173 1181 so-

1106 1254 1402 1291 ‘OO‘O‘O<NOO

339 1329 423 1364 tum
454 1326 576 1364 Voss.
608 1328 827 1365 sea—183
860 1324 1042 1366 Dissiliit
1079 1325 1179 1363 Vat.
1218 1329 1357 1375 quart.
1400 1324 1553 1362 Petav.
1592 1335 1656 1374 pr.
1696 1325 1804 1363 Exc.
1845 1323 1997 1362 Petav.
2029 1327 2173 1374 quart.

336 1379 530 1418 Dissolvit
547 1378 629 1417 inc.
650 1379 804 1417 Heius.
824 1380 990 1418 Bonon.
1039 1378 1092 1416 Se
1120 1376 1234 1416 solvit
1262 1378 1363 1416 Vat.
1384 1382 1483 1416 tert.
1505 1383 1550 1415 et
1570 1377 1610 1415 d.
1641 1377 1736 1415 Pal.
1759 1377 1842 1414 duo
1878 1377 1998 1414 Med.
2019 1375 2173 1417 Heius.

338 1431 395 1471 H.
412 1431 513 1471 Put.
539 1433 684 1470 PetaV.
707 1438 807 1470 tert.
827 1433 1002 1471 Tholos.
1021 1431 1121 1471 Jun.
1153 1441 1217 1479 pr.
1261 1429 1312 1467 Se
1331 1429 1447 1467 solvit
1469 1430 1535 1467 vel
1555 1429 1741 1467 Dissiluit
1772 1429 1880 1479 Reg.
1907 1428 1993 1468 duo
2027 1428 2174 1469 Oxou.

335 1489 475 1532 vortex
495 1484 579 1523 duo
603 1484 719 1524 Med.
737 1485 906 1523 Tholos.
942 1484 1113 1521 obsessus
1132 1494 1211 1531 pro
1236 1482 1392 1518 Ossoeus
1422 1482 1527 1519 Exc.
1550 1481 1704 1519 Petav.
1725 1484 2001 1531 quart.——184
2020 1480 2174 1527 fracto-

338 1550 412 1587 que
439 1538 543 1576 Vat.
577 1543 677 1574 tert.
711 1536 883 1575 Tholos.
913 1532 1282 1574 Cod.Ba1·tholin.
1312 1534 1422 1572 Exc.
1451 1532 1604 1573 Petav.
1633 1538 1774 1584 quart.
1806 1533 1876 1572 ed.
1906 1533 2048 1573 Vicet.
2083 1533 2176 1582 fac·

338 1594 452 1640 toque
483 1595 569 1627 tres
599 1589 718 1627 Vatt.
751 1595 795 1626 et
828 1588 870 1626 d.
904 1588 1000 1626 Pal.
1036 1587 1225 1625 Florent.
1259 1584 1343 1623 duo
1376 1585 1496 1625 Med.
1525 1586 1608 1625 duo
1638 1585 1791 1625 Heius.
1822 1587 1925 1625 Put.
1952 1587 2058 1637 Reg.
2089 1587 2174 1627 duo

339 1642 496 1681 PetaV.
531 1642 696 1679 Bonon.
729 1639 875 1679 Ambr.
902 1645 1001 1679 tert.
1035 1640 1195 1678 Moret.
1229 1650 1294 1688 pr.
1336 1638 1525 1678 chartac.
1562 1639 1712 1678 Heius.
1747 1640 1830 1679 duo
1861 1640 1963 1680 Jun.
1994 1639 2175 1680 totidem

338 1695 461 1733 Voss.
478 1700 520 1733 et
540 1693 1021 1744 Oxon.—185fluviique
1040 1693 1137 1732 Vat.
1151 1704 1216 1743 pr.
1237 1697 1280 1731 et
1296 1696 1398 1732 tert.
1417 1693 1603 1732 Florent.
1618 1693 1724 1732 Exc.
1740 1693 1893 1732 Petav.
1909 1699 2048 1744 quart.
2065 1694 2174 1734 eod.

337 1747 574 1786 Bartholin.
612 1747 836 1798 fluviusque
857 1747 928 1785 alii
948 1757 1100 1797 magno
1119 1757 1312 1793 numero,
1333 1745 1429 1786 Ald.
1459 1753 1505 1786 et
1526 1747 1626 1785 Var.
1647 1747 1732 1785 LL.
1766 1758 1790 1785 e
1819 1758 1952 1797 marg.
1973 1746 2175 1787 Pam.—

340 1804 420 1840 186
447 1801 579 1839 vincto
600 1800 742 1839 Oxou.
773 1813 857 1839 sec.
876 1800 1019 1848 juncta
1038 1800 1139 1838 mari
1159 1800 1284 1838 Voss.
1319 1812 1380 1849 pr.
1399 1799 1530 1838 vinctu
1556 1800 1666 1838 vadis
1685 1799 1840 1838 Petav.
1861 1806 1963 1839 tert.
1983 1803 2088 1839 victa
2102 1812 2175 1851 pa-

339 1854 399 1892 lus
416 1855 575 1893 Moret.
599 1866 661 1903 pr.
681 1855 789 1893 divos
805 1866 880 1904 pro
899 1855 1015 1892 duros
1031 1854 1134 1892 Vat.
1156 1864 1222 1903 pr.
1238 1852 1350 1891 tellus
1370 1865 1448 1903 pro
1467 1855 1584 1892 duros
1603 1853 1980 1893 Bartholin.—18⁷
2010 1854 2176 1895 inmersa

341 1907 482 1947 Oxon.
501 1920 565 1958 pr.
587 1920 640 1946 m.
673 1920 737 1958 pr.
757 1907 923 1946 discedit
956 1907 1098 1947 Oxou.
1132 1918 1220 1945 sec.
1253 1906 1433 1945 dissolvit
1464 1908 1572 1946 Exc.
1610 1907 1757 1946 Petav.
1778 1910 2055 1958 quarn—188
2083 1908 2182 1946 coelo

338 1961 489 1999 subitus
507 1962 606 2000 Vat.
627 1973 691 2010 pr.
713 1965 759 1999 et
778 1967 916 2012 quart.
934 1961 1056 2000 Voss.
1078 1972 1142 2010 pr.
1172 1961 1274 1998 Vat.
1310 1959 1447 1999 Livin.
1476 1961 1561 1999 coeli
1580 1960 1738 1999 Moret.
1760 1972 1824 2010 pr.
1841 1960 1924 1999 inc.
1945 1959 2096 2000 Heius.
2115 1972 2179 1999 su·

341 2012 445 2053 bitus
470 2015 538 2053 vel
557 2014 685 2054 subito
703 2014 730 2055 J
736 2026 804 2054 un.
840 2026 901 2066 pr.
922 2018 1050 2055 tumor
1069 2015 1174 2053 Exc.
1194 2013 1347 2057 Petav.
1369 2017 1646 2065 quart.—-IS9
1678 2015 1947 2055 Monstravere
1979 2013 2080 2054 Vat.
2102 2025 2176 2065 pr.

1173 2118 1348 2160 NOTAE

397 2208 474 2245 183
512 2206 685 2256 Ossoeus]
734 2205 803 2245 Ab
835 2206 947 2246 Ossa
992 2205 1223 2244 Thessaliae

341 2273 504 2308 monte.

400 2331 540 2370 Gelido
563 2330 748 2382 Olympo]
768 2330 980 2380 Olympus
996 2328 1228 2367 multorum

341 2393 548 2433 montium
579 2405 735 2431 nomen
764 2397 846 2441 est,
866 2391 907 2430 iu
929 2392 1071 2441 Elide,
1090 2389 1223 2430 Arca-

341 2455 429 2507 dia,
465 2456 634 2507 Cilicia,
665 2454 938 2503 Macedonia,
972 2453 1219 2493 Thessalia:

341 2517 505 2569 gelidus
527 2524 670 2556 autem
692 2518 851 2556 dieitur
879 2516 1102 2567 Olympus,
1123 2515 1225 2567 quia

342 2580 419 2620 alti
456 2587 621 2620 montes
652 2581 807 2632 saepius
838 2582 850 2602 ⁴
874 2580 963 2619 alta
991 2586 1110 2619 stant
1126 2580 1224 2619 nive

342 2641 541 2682 candidi.'

398 2708 475 2744 184
521 2705 770 2756 Carceribus]
813 2705 1000 2756 Rupium
1037 2704 1225 2756 undique

342 2769 702 2820 praecludentium
731 2769 930 2808 claustris
954 2768 1165 2820 abruptis,
1184 2769 1225 2808 iu

341 2831 493 2884 quibus
522 2845 643 2884 aquae
673 2833 849 2872 velutin
870 2843 1046 2872 carcere
1068 2831 1228 2871 detine-

342 2895 514 2936 bantur.

399 2962 476 2998 187
507 2959 697 2998 Immeuso
715 2960 891 2999 discessit
916 2959 1047 3010 hiatu]
1082 2960 1228 3011 Prope

342 3020 511 3060 Ennam
545 3021 705 3061 Siciliae
751 3023 988 3069 civitatem,
1025 3024 1227 3075 spelunca

344 3082 541 3135 quaedam
561 3089 626 3120 est
647 3095 850 3123 conversa
878 3084 933 3123 ad
955 3086 1226 3137 Aquilonem,

344 3144 515 3195 infinita
531 3146 871 3197 altitudine,qua
889 3147 1037 3186 Ditem
1058 3154 1240 3198 patrem,

339 3207 487 3248 ferunt
509 3214 684 3259 repente
707 3221 802 3247 cum
823 3221 952 3248 curru
982 3211 1135 3261 exisse,
1154 3212 1226 3250 ab·

343 3276 595 3323 reptamque
627 3271 682 3310 ab
715 3283 767 3310 eo
793 3272 886 3310 loco
917 3271 1225 3324 Proserpinam

343 3346 490 3376 secum
510 3340 771 3386 asportasse,
785 3339 831 3373 et
846 3333 985 3374 subito
1000 3347 1085 3374 non
1100 3337 1224 3387 longe

343 3397 398 3438 ab
418 3399 526 3439 urbe
542 3398 763 3450 Syracusis
775 3403 1021 3451 penetrasse
1040 3397 1120 3438 sub
1139 3403 1223 3442 ter-

1292 2218 1388 2254 ras3
1419 2206 1642 2257 lacumque
1659 2206 1702 2244 in
1736 2217 1786 2244 eo
1815 2206 1909 2245 loco
1937 2206 2082 2246 statim
2103 2218 2175 2245 ex-

1292 2269 1447 2315 titisse,
1489 2269 1561 2307 ubi
1604 2269 1863 2319 Syracusani
1911 2268 2045 2308 festos
2082 2269 2175 2310 dies

1293 2329 1494 2380 agebant.
1552 2328 1638 2368 Alii
1671 2329 1820 2368 dicunt
1841 2341 1930 2368 rem
1950 2334 2115 2380 gestam
2131 2331 2176 2370 in

1293 2392 1462 2443 Attica,
1484 2405 1567 2445 qua
1598 2393 1808 2445 Cephisus
1832 2394 1966 2433 amnis
1999 2395 2176 2434 Eleusin

1291 2457 1515 2506 praeterit:
1547 2456 1620 2495 alii
1654 2456 1830 2495 tradunt
1861 2456 1915 2496 ab
1944 2455 2176 2497 Acherusio

1290 2531 1419 2570 specu
1439 2519 1573 2558 Ponti
1588 2519 1808 2558 emersisse
1824 2519 2067 2559 Plutonem.

1347 2585 1426 2622 189
1456 2583 1663 2622 Mutavere
1686 2581 1832 2635 fidem]
1892 2580 2039 2632 Astra,
2076 2581 2177 2634 quia

1291 2651 1537 2685 constanter
1556 2658 1652 2685 suos
1678 2657 1825 2684 cursus
1846 2650 2010 2694 tenent,
2031 2644 2176 2685 viden·

1294 2715 1362 2748 tur
1380 2708 1508 2748 fidem
1539 2708 1710 2747 dedisse
1744 2720 1818 2747 seu
1855 2707 2095 2758 promisisse
2130 2719 2177 2747 se

1294 2772 1355 2811 ita
1399 2783 1549 2811 cursus
1593 2783 1765 2822 semper
1796 2782 1892 2810 esse
1923 2775 2175 2820 servatura;

1294 2834 1370 2874 sed
1392 2840 1532 2873 tamen
1555 2839 1673 2881 tunc,
1694 2834 1864 2872 turbata
1884 2834 2005 2885 equis
2026 2834 2176 2875 Pluto-

1295 2898 1376 2949 nis,
1396 2903 1616 2938 mutavere
1636 2903 1681 2936 et
1701 2895 1829 2934 fidem
1850 2902 1894 2934 et
1914 2907 2094 2936 cursum.

1356 2961 1487 3002 Vetito
1515 2959 1686 3011 aequore]
1719 2961 1883 3009 Tethys
1897 2958 2063 2998 Oceani
2077 2971 2174 2999 con-

1288 3026 1370 3077 jux
1387 3026 1428 3064 in
1447 3024 1627 3071 gratiam
1655 3023 1850 3069 Junonis,
1871 3022 2027 3060 Ursam
2051 3023 2174 3072 pelli-

1294 3100 1386 3127 cem
1409 3087 1506 3126 odio
1531 3085 1741 3133 habentis,
1762 3084 1803 3120 iu
1830 3093 1947 3120 mare
1976 3093 2069 3121 eam
2088 3095 2173 3122 non

1295 3151 1484 3200 recepit3
1504 3147 1613 3199 quod
1630 3147 1776 3185 fictum
1793 3152 1873 3194 est,
1891 3145 1989 3196 quia
2003 3158 2174 3198 semper

1294 3213 1413 3252 nobis
1426 3215 1606 3262 apparet
1622 3209 1732 3248 Ursa
1749 3209 1791 3247 in
1805 3208 2051 3248 sublimiore
2066 3210 2174 3251 Coeli

1292 3274 1469 3315 vertice.

1344 3335 1505 3387 Arctos]
1533 3335 1647 3375 Ursa
1663 3333 1816 3387 major,
1828 3338 1878 3375 ut
1894 3345 2036 3386 supra.
