2300 3906
271 215 379 270 ’732
831 214 1306 270 cncLAumAm
1344 216 1526 265 xx'vl.

279 350 433 403 Saxa
456 357 671 419 parant,
698 350 972 415 vitamque
996 347 1134 399 freto
1164 351 1455 415 spumante
1484 347 1639 400 tueri.

276 434 415 502 Ipsa
439 437 601 487 etiam
627 433 805 485 diffisa
828 432 982 483 brevi
1004 431 1294 483 Trinacria
1316 434 1507 498 ponto,

276 517 339 569 Si
364 536 542 570 rerum
569 518 789 570 Natura
812 504 973 580 sinat,
1003 516 1277 568 discedere
1301 516 1459 582 longe

276 601 466 670 Optat,
493 607 544 654 et
569 602 785 654 Ionium
811 601 998 668 refugo
1023 602 1212 653 laxare
1241 601 1461 651 Peloro.

277 686 545 754 Fultaque
570 687 883 754 despiciens
911 703 1042 738 auro
1067 686 1349 754 laquearia
1373 686 1547 748 diveS‚

276 768 475 821 Tutior
499 772 697 822 AEoliis
722 771 909 822 mallet
932 771 1143 823 vixisse
1173 770 1442 821 cavernis.

274 853 511 921 Jamque
536 855 684 906 oneri
711 851 1006 905 creduntur
1032 870 1191 920 opes,
1219 854 1547 920 tandemque
1573 853 1748 907 libido

280 937 474 990 Haesit
496 938 741 990 avaritiae
768 937 1114 1003 gravioribus
1140 938 1342 988 obruta
1367 939 1528 989 ouriS.

279 1020 464 1088 thue
489 1027 571 1073 est
593 1021 922 1088 ingenioque
941 1022 1173 1088 loquaX,
1199 1025 1252 1073 et
1272 1022 1512 1090 plurima
1537 1021 1665 1090 fingi

1991 421 2098 485 '220

1993 853 2100 906 225

278 1147 317 1183 et
334 1142 538 1192 defendere
557 1144 681 1183 citam
701 1155 818 1182 suam
839 1144 941 1183 mari
959 1145 1117 1185 undoso.
1174 1145 1315 1184 Sicilia
1334 1158 1478 1197 quoque
1496 1146 1581 1197 ipsa
1602 1146 1777 1200 diffidens
1795 1146 1896 1185 mari
1924 1148 2104 1196 angusto,

275 1198 311 1235 si
329 1201 472 1236 natura
491 1198 624 1236 mandi
640 1199 900 1248 permitteret,
920 1197 1027 1248 cupit
1045 1200 1220 1238 recedere
1236 1201 1383 1250 procul,
1401 1204 1439 1239 et
1460 1201 1665 1239 extendere
1681 1212 1798 1239 mare
1820 1200 1973 1239 Ioniam
1994 1199 2107 1237 Pelo·

276 1262 320 1287 ro
335 1250 566 1299 refugiente.
622 1251 681 1289 Ac
700 1251 904 1300 locupletes
920 1255 1204 1290 contemnentes
1222 1254 1421 1303 laquearia
1439 1257 1657 1292 sustentata
1677 1265 1784 1304 auro,
1802 1254 1958 1292 mallent
1977 1252 2106 1291 vivere

277 1303 487 1342 securiores
503 1304 546 1342 in
565 1304 692 1342 antris
710 1303 865 1342 AEoliis.
923 1304 980 1341 Et
989 1303 1075 1352 jam
1093 1305 1246 1344 divitiae
1257 1310 1450 1357 putantur
1468 1318 1546 1345 esse
1563 1306 1685 1356 oneri,
1702 1319 1747 1345 ac
1767 1308 1921 1345 tandem
1939 1306 2107 1356 impetus

278 1357 461 1396 avaritioe
480 1357 654 1396 constitit
674 1369 876 1408 oppressus
893 1357 997 1396 curis
1014 1358 1234 1407 majoribus.
1294 1360 1348 1397 Et
1367 1363 1411 1398 ut
1430 1363 1554 1398 metus
1573 1363 1629 1398 est
1642 1361 1832 1409 garrulus
1850 1359 2103 1410 naturaliter,

1049 1465 1097 1486 oq
1099 1465 1341 1481 eeeeeeeeee

282 1531 492 1571 Sardonios
511 1531 600 1571 sine
622 1531 792 1583 copula,
811 1532 1003 1570 Floreat.
1025 1530 1122 1570 Ald.
1142 1532 1285 1571 Vicet.
1313 1532 1421 1571 sinus
1438 1532 1616 1571 habitare
1630 1531 1749 1571 Med.
1765 1542 1850 1571 sec.
1882 1534 2006 1584 Cypri
2024 1533 2106 1573 duo

282 1584 434 1623 Leidd.
458 1591 542 1623 vet.
564 1584 668 1635 Gyr.
702 1591 791 1624 tres
819 1586 942 1623 Vatt.
975 1585 1101 1622 Farn.
1124 1584 1239 1623 Prie.
1261 1584 1397 1624 Oisel.
1431 1584 1583 1625 Ambr.
1620 1597 1685 1635 pr.
1720 1584 1862 1626 Oxon.
1895 1597 1980 1625 sec.
2000 1587 2107 1627 Exc.

281 1636 408 1675 Laeti.
441 1637 584 1688 Cypris
616 1638 769 1676 Petav.
802 1650 887 1676 sec.
908 1638 1073 1675 Bonon.
1095 1636 1194 1675 Pat.
1226 1637 1384 1677 Moret.
1407 1649 1491 1677 sec.
1520 1638 1621 1677 Ald.
1641 1638 1743 1676 Var.
1765 1639 1854 1677 LL.
1885 1638 1953 1678 ed.
1973 1638 2108 1679 Antv.

285 1689 420 1740 Cipris
437 1691 538 1729 Vat.
562 1694 661 1728 tert.
694 1690 788 1729 Pal.
820 1691 942 1729 Rott.
964 1690 1070 1728 Lov.
1091 1694 1179 1728 tres
1201 1688 1319 1730 Med.
1352 1691 1505 1742 Crispis
1534 1691 1620 1731 inc.
1655 1689 1805 1732 Heius.
1837 1692 1991 1743 Cyprus
2009 1692 2108 1734 Jun.

281 1753 347 1793 pr.
389 1742 514 1793 Cyrni
542 1742 609 1782 ed.
630 1743 774 1783 Parm.
809 1755 863 1782 ex
896 1743 1156 1794 conjectura.
1188 1748 1319 1795 atque
1354 1744 1415 1784 ita
1444 1744 1549 1796 legit
1571 1744 1721 1785 Heius.
1757 1745 1829 1797 qui
1852 1746 2109 1798 ascripserat

1906 1803 1927 1834 ⁴?

280 1847 422 1888 locum
442 1850 566 1889 Cons.
583 1849 704 1889 Mall.
722 1853 816 1889 203.
845 1849 857 1871 ‘
879 1849 1069 1902 Cyrnum
1088 1848 1346 1903 bifidamque
1365 1855 1555 1891 retentat
1572 1851 1813 1892 Sicaniam!
1843 1854 1948 1904 Cyps
1965 1852 2109 1895 Oxon.

280 1913 346 1953 pr.
380 1903 543 1942 Moret.
577 1915 663 1941 sec.
699 1915 799 1942 vero
819 1903 932 1942 hunc
953 1915 1118 1942 versum
1141 1904 1273 1954 priori
1295 1906 1659 1956 praeponit.—2l9
1687 1907 1813 1946 teneri
1846 1907 1951 1947 Lov.
1985 1906 2108 1947 Leid.

282 1959 485 2006 pr.—220
513 1957 638 2008 diffisa
653 1957 773 1995 Rott.
791 1956 910 1995 Med.
922 1962 1062 2008 quart.
1078 1957 1185 2007 Reg.
1197 1958 1356 1999 Thuan.
1375 1958 1458 1998 duo
1473 1959 1624 1999 PetaV.
1643 1959 1987 2000 Bonon.'rholos.
2004 1960 2110 2000 LoV.

283 2007 425 2048 Oxon.
446 2021 511 2059 pr.
547 2009 705 2048 Moret.
736 2021 822 2049 sec.
853 2010 957 2048 Exc.
991 2011 1169 2049 Lucens.
1198 2022 1264 2061 pr.
1285 2012 1386 2052 Var.
1408 2013 1492 2052 LL.
1521 2026 1543 2052 e
1564 2025 1695 2063 marg.
1717 2013 1859 2052 Parm.
1882 2019 1926 2052 et
1946 2014 2008 2053 ita
2026 2014 2110 2065 leg.

282 2060 434 2100 Heius.
462 2061 589 2100 divisa
610 2062 729 2100 Leid.
751 2074 813 2112 pr.
836 2062 984 2100 Ambr.
1007 2069 1108 2102 tert.
1137 2064 1326 2103 distincta
1340 2066 1466 2104 Voss.
1482 2066 1600 2106 Prie.
1618 2067 1719 2107 Put.
1739 2064 1887 2106 Ambr.
1906 2078 1970 2118 pr.
1990 2067 2109 2108 Leid.

283 2125 371 2152 sec.
392 2114 547 2153 Sched.
580 2114 696 2155 Gud.
731 2116 839 2154 Exc.
874 2115 1054 2156 Gevart.
1082 2115 1241 2167 perfusa
1272 2118 1435 2157 Mazar.
1467 2119 1615 2171 diffusa
1645 2125 1830 2171 quatuor
1858 2122 1980 2160 Vatt.
2013 2121 2110 2160 Pal.

282 2166 411 2206 Farn.
432 2167 564 2207 Oisel.
593 2168 786 2207 Florent.
807 2167 890 2207 duo
911 2168 1029 2208 Med.
1057 2168 1160 2209 Jun.
1195 2182 1262 2220 pr.
1294 2170 1433 2210 Oxon.
1464 2184 1551 2211 sec.
1574 2172 1723 2211 Petav.
1746 2178 1847 2212 tert.
1876 2173 2022 2225 diffusa
2042 2174 2112 2214 vel

281 2220 408 2273 diffisa
427 2221 534 2260 Exc.
552 2221 807 2261 Liuii—221
838 2221 946 2260 sinas
972 2222 1069 2261 Put.
1097 2222 1192 2261 sinit
1211 2223 1333 2263 Med.
1355 2236 1439 2264 sec.
1466 2225 1569 2264 sinet
1589 2226 1692 2265 Exc.
1714 2226 1840 2265 Laeti.
1869 2227 1984 2276 longa
2003 2227 2110 2278 Reg-

283 2273 384 2312 lunae
416 2273 498 2312 inc.
520 2274 802 2313 Heins.—222
848 2275 969 2325 Optet
1004 2272 1085 2325 leg.
1123 2275 1272 2314 Heins.
1303 2277 1458 2317 Ioniam
1490 2279 1597 2318 Exc.
1619 2279 1728 2318 Laeti
1749 2291 1803 2318 m.
1836 2290 1920 2318 sec.
1943 2279 2112 2331 profugo

281 2326 520 2366 Low—223
552 2327 745 2377 Falvaque
768 2329 921 2366 Petav.
956 2332 1195 2367 tert.-224
1223 2331 1357 2370 malles
1380 2331 1495 2371 Med.
1527 2344 1612 2372 sec.
1640 2332 1812 2371 vinxisse
1833 2333 1938 2383 Reg.
1968 2333 2114 2373 carinis

282 2378 378 2417 Pal.
405 2381 572 2418 catervis
589 2381 691 2419 Var.
714 2381 799 2419 LL.
819 2381 884 2419 ed.
907 2379 1039 2420 Antv.
1059 2393 1114 2419 m.
1139 2387 1335 2432 pr.——-225
1367 2385 1514 2423 homini
1532 2385 1685 2424 Petav.
1702 2397 1788 2425 sec.
1816 2385 2014 2425 hominum
2032 2398 2113 2425 cre-

281 2432 380 2471 dunt
398 2436 442 2471 ut
475 2433 501 2473 J
509 2445 575 2471 un.
597 2437 800 2483 pr.—226
840 2434 976 2473 abdita
1010 2433 1128 2474 Med.
1151 2439 1374 2476 sea—227
1400 2439 1532 2489 loquor
1550 2443 1639 2490 quot
1661 2451 1738 2490 pro
1759 2440 1901 2490 loquax
1919 2444 1958 2479 et
1988 2440 2113 2481 Rott.

1108 2522 1292 2562 NOTAE

278 2586 291 2609 ‘
317 2586 521 2639 Cyrnaeas
541 2587 676 2628 taxos’
698 2588 891 2640 appellat
909 2588 1128 2638 Virgilius.
1234 2590 1298 2630 vit
1318 2591 1358 2629 in
1379 2592 1625 2644 AEgyptum.

289 2655 294 2660 '
340 2655 420 2691 220
448 2651 609 2704 Diffisa]
628 2651 991 2691 Sibimetuensob
1003 2652 1165 2691 vicinos
1286 2658 1366 2694 224
1394 2655 1554 2707 AEoliis]
1582 2655 1733 2696 AEoliae
1763 2655 1930 2708 insulae,
1961 2653 2004 2696 in
2023 2657 2116 2709 qui-

286 2713 439 2754 Getas.
1227 2717 1313 2771 ¹bus
1333 2719 1547 2759 habitavit
1567 2721 1730 2772 AEolus,
1762 2721 1814 2760 ad
1837 2733 1934 2760 oras
1954 2712 2118 2761 Hetru—¹

342 2776 571 2828 Trinacria]
598 2778 749 2817 Sicilia
777 2778 837 2818 sic
859 2778 976 2818 dicta
994 2777 1070 2817 ἀπὸ
1088 2780 1165 2817 τῶν
1233 2780 1323 2820 riae.

283 2838 399 2891 τρίων
417 2839 554 2892 ἆκρῶν,
580 2855 605 2880 a
623 2841 749 2881 tribus
763 2843 1053 2893 promontoriis,
1082 2843 1163 2882 Pe-

283 2902 391 2953 loro,
407 2903 617 2955 Lssybaeo,
637 2910 682 2943 ot
700 2904 919 2957 Pachyno.

340 2972 419 3008 221
467 2970 698 3021 Discedere]
763 2971 925 3010 Ferunt
975 2972 1165 3012 Siciliam

287 3032 478 3070 avulsam
497 3032 597 3070 olim
614 3031 747 3072 fuisse
767 3032 822 3072 ab
843 3033 986 3075 ltalia.

340 3096 421 3132 222
451 3093 622 3143 Ioniam]
662 3094 813 3133 Sicilia
860 3094 1074 3147 refugiens
1110 3097 1166 3140 ob

289 3155 592 3197 crudelitatem
641 3156 865 3208 Getarum,
923 3160 1167 3212 relinquere

288 3219 457 3259 Ionium
486 3229 603 3257 mare
635 3218 772 3258 laxius
792 3225 837 3258 et
866 3223 999 3272 magis
1020 3229 1169 3263 exten·

290 3293 396 3323 sum.
463 3281 631 3321 Ionium
665 3281 822 3321 dicitur
851 3283 904 3322 ab
935 3285 985 3324 Io
1017 3284 1168 3325 Inachi

290 3344 392 3397 filia,
417 3357 510 3398 qum
530 3357 661 3384 vacca
691 3344 825 3396 facta,
858 3352 903 3386 et
933 3354 1064 3388 oestro
1094 3348 1172 3389 Ju-

289 3407 419 3450 nonio
438 3408 624 3461 percita,
643 3419 722 3460 per
740 3407 820 3448 hoc
840 3420 958 3449 mare
979 3410 1170 3451 transna-

1286 2847 1367 2883 226
1397 2844 1549 2896 Haesit]
1589 2846 1696 2885 Tum
1747 2851 1865 2886 metu
1903 2846 2115 2886 Getarum

1235 2906 1349 2945 avari
1362 2909 1594 2958 haeserunt,
1606 2909 1890 2948 constiterunt
1905 2921 1917 2956 ;
1948 2907 2115 2959 gravio·

1234 2968 1349 3008 ribus
1369 2981 1523 3021 nempe
1541 2971 1668 3021 curis,
1685 2970 1852 3009 scilicet
1870 2975 1987 3009 metu
2004 2982 2116 3009 mor-

1235 3032 1291 3071 tis
1327 3034 1610 3083 angebantur.
1683 3033 1886 3083 Virgilius
1923 3033 1977 3072 de
2011 3034 2114 3086 lupo

1235 3094 1399 3144 rapaci,
1419 3088 1542 3144 peste
1563 3101 1799 3145 grassante,
1827 3096 1839 3116 ‘
1864 3096 1958 3135 Nec
1977 3098 2115 3149 gregi-

1237 3155 1314 3195 bus
1360 3163 1593 3196 nocturnus
1648 3158 1918 3199 obambulat:
1977 3160 2116 3201 acrior

1237 3222 1353 3260 illum
1375 3221 1490 3260 Cura
1510 3221 1683 3262 domat!

1259 3306 1261 3308 -
1289 3284 1369 3322 227
1400 3284 1587 3334 Ingenio]
1635 3285 1801 3335 Timor,
1851 3287 1919 3325 vel
1970 3287 2113 3338 potius

1235 3347 1361 3386 homo
1382 3346 1551 3398 timeus,
1571 3356 1637 3388 est
1659 3349 1815 3401 loquax
1832 3362 1907 3389 suo
1927 3349 2115 3403 ingenio,

1237 3409 1316 3451 hoc
1335 3415 1415 3463 est,
1433 3422 1508 3451 sua
1526 3416 1693 3464 natura,
1721 3412 1991 3455 naturaliter.
2081 3439 2113 3450 a
