2300 3906
656 176 718 214 {N
765 176 829 214 11.
872 172 1351 215 coNS.·s'r1mcr1.
1397 176 1515 216 1213.
1913 172 2023 225 695

208 293 323 345 Iste
343 294 532 359 labor3
570 296 823 344 maneant
848 292 1053 344 clausis
1077 310 1220 344 nunc
1248 294 1403 345 sicca
1427 295 1693 362 pharetris
1715 311 1726 345 :

205 375 396 428 Omnis
421 381 477 427 et
504 391 538 426 a
564 375 746 426 solitis
772 380 956 425 noster
981 377 1274 428 venatibus
1301 393 1464 429 arcus
1916 381 2021 432 270

202 459 526 526 Temperet:
566 458 620 507 in
640 457 818 508 solam
844 474 1007 510 cruor
1028 460 1117 510 hic
1144 464 1387 511 servetur
1412 476 1649 515 arenam.

203 542 441 595 Retibus
466 545 517 592 et
536 540 762 592 clathris
783 541 951 594 dilata
975 547 1149 594 morte
1175 542 1421 594 tenendae

204 625 594 691 Ducendaeque
615 623 745 677 ferae
768 643 780 678 :
821 627 1054 694 cupidas
1082 630 1260 678 arcete
1286 627 1535 691 sagittas,

202 707 459 760 Consulis
484 708 541 758 in
562 709 821 774 plausum
849 712 1062 762 casuris
1088 710 1301 777 parcite
1326 710 1606 762 monstris,

197 789 489 843 Acceleret
513 790 695 843 divisa
719 806 941 843 manus:
980 793 1109 843 mihi
1140 808 1338 845 cursus
1364 792 1586 844 anhelas
1915 796 2022 848 275

198 874 467 927 Tenditur
490 874 561 924 ad
587 874 797 942 Syrtes,
875 875 1101 928 Mecum
1128 878 1350 930 Dictaea
1376 877 1621 945 Lycaste.

198 956 269 1010 Et
291 973 477 1010 comes
504 956 648 1024 Opis
667 964 758 1009 eat
781 976 793 1010 ε
834 960 1046 1011 steriles
1058 960 1217 1028 juvat
1240 961 1322 1012 ire
1349 976 1448 1027 per
1474 965 1660 1012 aestus,

198 1039 456 1108 Namque
480 1040 624 1092 feras
651 1041 777 1092 aliis
805 1042 972 1094 tellus
1000 1042 1294 1095 Maurusia
1318 1043 1519 1095 donum

197 1123 474 1177 Praebuit:
512 1123 640 1176 huic
667 1124 770 1176 soli
794 1124 974 1189 debet,
1021 1142 1123 1178 ceu
1147 1129 1312 1191 victa,
1355 1128 1637 1179 tributum.

195 1301 303 1345 ταας
332 1311 435 1339 nunc
452 1299 544 1338 haec
563 1296 765 1338 inm-uentu
783 1303 1007 1339 remaneant
1023 1299 1224 1350 pharetris
1254 1300 1369 1343 tectis
1382 1314 1396 1339 .-
1425 1304 1470 1339 -et
1488 1310 1602 1339 arcus
1619 1310 1747 1338 omnes
1763 1299 1886 1338 nostri
1904 1299 2023 1339 absti-

193 1357 311 1393 neant
330 1365 353 1392 u
368 1356 548 1391 consueta
565 1353 792 1392 venatione.-
819 1352 882 1391 hic
896 1353 1056 1402 sanguis
1072 1357 1290 1393 reservetur
1307 1353 1348 1391 in
1364 1353 1507 1392 circum
1524 1353 1657 1392 solum.
1705 1353 1814 1392 Ferae
1830 1353 2023 1404 capiendae

192 1410 231 1445 et
249 1407 484 1445 adducenda:
504 1410 617 1454 sunt,
637 1405 777 1455 Divae,
798 1417 895 1444 cum
925 1406 1074 1445 retibus
1105 1411 1142 1446 et
1165 1406 1350 1455 cratibus,
1374 1408 1475 1444 coede
1491 1406 1643 1445 dilata.-
1680 1410 1867 1445 removete
1884 1405 2022 1453 jacula

192 1458 319 1499 avida.
375 1458 506 1498 Sinite
535 1462 720 1509 portenta
755 1459 946 1498 moritura
983 1460 1023 1498 in
1055 1460 1206 1499 laudem
1242 1460 1420 1498 Consulis
1447 1458 1706 1499 Stilichonis.
1764 1459 1912 1498 Cohors
1928 1471 2022 1497 mea

191 1515 373 1562 separata
390 1511 580 1560 festinet:
619 1523 752 1550 cursus
780 1516 944 1562 paratur
973 1514 1025 1551 ad
1058 1512 1198 1564 Syrtes
1224 1513 1320 1551 mihi
1336 1512 1557 1551 anhelanti:
1590 1512 1750 1563 Lycaste
1771 1513 1968 1551 Cretensis
1983 1516 2020 1550 et

198 1564 298 1614 Opis
331 1564 434 1603 socia
470 1576 616 1603 mecum
647 1564 826 1604 veniant:
868 1565 970 1603 lubet
1005 1577 1161 1605 currere
1177 1575 1259 1616 'per
1291 1577 1443 1603 arenas
1477 1569 1660 1604 aestuosas
1690 1570 1734 1603 et
1771 1565 2019 1611 infoecundas.

196 1617 355 1656 Etenim
370 1621 477 1656 terra
495 1617 809 1656 Mauritanorum
823 1618 1005 1656 concessit
1028 1629 1104 1668 pro
1122 1630 1278 1657 munere
1296 1618 1438 1656 belluas
1455 1617 1547 1656 aliis
1575 1617 1826 1656 Consulibus
1843 1632 1852 1658 :
1893 1623 1934 1656 at
1953 1620 2019 1657 de-

195 1668 256 1710 bet
275 1669 363 1709 huic
382 1669 604 1709 stilichoni
617 1671 687 1709 uni
708 1670 869 1710 belluas
891 1682 968 1722 pro
989 1671 1188 1721 rectigali,
1206 1671 1316 1722 quasi
1335 1672 1494 1710 domita.
1524 1671 1636 1709 Dum
1655 1682 1755 1710 vero
1775 1683 1842 1710 nos
1859 1671 2025 1720 indaga·

1005 1776 1244 1790 eeeaeeeoeoe

191 1854 310 1896 Med.
330 1867 414 1895 sec.
444 1857 608 1896 Μαῖαν.
612 1860 747 1896 -269
775 1858 848 1897 Ille
880 1859 1039 1897 Moret.
1076 1869 1143 1907 pr.
1182 1859 1432 1908 plausisinc.
1453 1858 1604 1898 Heius.
1635 1871 1709 1897 non
1724 1860 1827 1896 sicca
1844 1858 2016 1897 Tholos.

189 1909 310 1960 spicla
328 1909 449 1956 Prie.
489 1913 626 1948 cuncta
647 1911 805 1950 Moret.
827 1922 893 1961 pr.
933 1911 1042 1949 sicha
1059 1910 1161 1951 Jun.
1180 1915 1380 1962 pn—-270
1409 1911 1558 1950 S'olidis
1574 1912 1675 1950 Var.
1697 1913 1780 1950 LL.
1800 1910 1869 1949 ed
1889 1911 2016 1950 Antv.

189 1966 317 2002 vester
335 1963 463 2001 Farn.
492 1963 752 2002 nostr-ilaeid.
775 1975 838 2013 pr.
876 1964 1020 2002 nostris
1045 1963 1166 2002 Med.
1189 1970 1325 2015 (μιαν-,ἵ
1349 1965 1505 2003 Moret.
1526 1976 1591 2014 pr.
1618 1963 1847 2002 venantibus
1864 1963 2018 2003 Petav.

191 2026 278 2056 sec.
280 2018 412 2055 -271
447 2014 649 2065 Temperat
670 2015 797 2055 Farn.
836 2017 917 2055 sola
935 2028 1054 2055 arena
1080 2016 1200 2055 Med.
1236 2022 1337 2056 tert.
1381 2017 1453 2055 huc
1483 2018 1603 2055 Farn.
1606 2020 1739 2055 -272
1767 2015 1902 2054 clatris
1932 2022 2018 2056 vet.

190 2067 262 2120 Gy
265 2080 296 2107 r.
317 2069 420 2108 Exe.
448 2069 630 2108 Lucens.
650 2080 713 2119 ρν.
754 2070 937 2109 claustris
966 2074 1150 2120 quatuor
1182 2070 1304 2109 Vatt.
1338 2070 1431 2108 Pal.
1461 2070 1585 2108 Farn.
1605 2069 1721 2108 Prie.
1743 2068 2017 2108 Rott.oise1.

190 2121 331 2161 clausis
347 2122 447 2163 Vat.
467 2126 607 2173 quart.
644 2123 725 2161 inc.
756 2121 1039 2161 Heins.-27s
1066 2122 1199 2173 Atque
1216 2136 1240 2162 a
1259 2125 1363 2161 caede
1389 2134 1467 2172 pro
1486 2123 1757 2172 Ducendoeque
1774 2123 1931 2162 Mon-et.
1952 2134 2016 2173 pr.

187 2185 320 2215 arcere
333 2175 433 2214 Vat.
448 2180 587 2227 quart.
609 2174 702 2215 Pal.
717 2175 873 2214 Petav.
893 2180 994 2214 tert.
1018 2176 1121 2215 Lov.
1143 2176 1446 2215 Bonum-274
1473 2175 1660 2214 clausuris
1681 2175 1805 2214 Farn.
1826 2180 2016 2214 ceterum

189 2227 233 2267 in
256 2228 357 2267 [ιον.
388 2228 459 2268 hic
492 2240 640 2268 versus
671 2229 835 2268 deerat.
837 2232 969 2267 —275
999 2228 1134 2268 divina
1171 2230 1331 2268 Mazar.
1362 2230 1464 2270 Jun.
1496 2241 1560 2279 pr.
1602 2228 1755 2267 ditersa
1786 2228 1869 2268 duo
1896 2229 2018 2268 Vatt.

189 2279 339 2321 Ambr.
360 2293 424 2332 pr.
452 2281 579 2321 divisa
598 2282 667 2321 vel
684 2282 838 2321 diversa
869 2281 1023 2321 PetaV.
1044 2294 1107 2333 pr.
1146 2283 1257 2321 modo
1276 2294 1353 2333 pro
1373 2282 1471 2320 mihi
1502 2282 1602 2320 Pat.
1643 2282 1735 2320 dum
1755 2281 1839 2320 duo
1867 2281 2016 2321 Leidd.

190 2334 703 2439 2¹¹..2‘111'gzl‘353523331
733 2336 848 2427 ῗέἒ.
865 2334 1449 2437 ffxzzssji.?;¹155.⁰⁵flzss.?3g
1457 2334 2015 2426 V323·Lii¹‡..¹²11303¹¹¹555.

191 2439 354 2479 Schott.
373 2439 528 2479 Sched.
547 2440 662 2480 Gud.
683 2439 769 2479 vid.
802 2437 915 2478 infra
946 2442 1041 2479 286.
1085 2442 1177 2479 dum
1194 2445 1305 2479 catus
1337 2440 1435 2478 Var.
1463 2438 1550 2478 LL.
1584 2437 1650 2477 ed.
1671 2437 1805 2478 Antv.
1834 2441 2017 2479 decursus

188 2490 292 2533 Ald.
334 2504 469 2531 eunus
496 2496 584 2531 tres
598 2493 722 2538 Vatt.
740 2492 862 2532 Med.
883 2498 983 2531 tert.
1000 2492 1082 2531 inc.
1116 2491 1267 2531 Heius.
1299 2492 1399 2531 Put.
1430 2492 1598 2530 Bouon.
1616 2491 1733 2531 Tliol.
1753 2491 1838 2530 (luo
1866 2490 2015 2531 Ambr.

192 2551 282 2585 tres
312 2545 468 2594 Petav.
512 2556 650 2584 currus
678 2545 746 2583 vel
776 2556 911 2584 cursus
941 2544 1084 2584 Oxon.
1120 2556 1204 2584 sec.
1250 2544 1432 2584 anhelans
1456 2545 1615 2584 'Petam
1655 2549 1758 2584 tert.
1795 2545 2012 2584 Bonon.--

192 2600 272 2638 2⁷6
300 2602 422 2638 sentes
438 2597 601 2637 Thuan.
630 2597 764 2648 Syrtis
782 2598 889 2636 Exc.
909 2597 1074 2637 Schott.
1116 2597 1319 2649 Dictynna
1348 2598 1447 2637 Vat.
1473 2609 1539 2648 pr.
1569 2603 1614 2637 et
1642 2602 1744 2637 tert.
1765 2598 1858 2637 Pal.
1878 2598 2013 2637 Oisel.

191 2651 358 2691 Dictina
377 2651 492 2690 Med.
515 2663 581 2702 pr.
621 2651 812 2690 Dietinna
838 2650 957 2689 Med.
990 2662 1075 2690 ser..
1107 2651 1212 2701 Reg.
1245 2651 1404 2690 Μαῖαν.
1431 2651 1574 2690 dilecta
1607 2651 1690 2689 duo
1714 2651 2017 2691 Vatt.'1'huan.

185 2704 351 2754 ,Lieasta
376 2705 518 2744 Oxon.
551 2716 616 2755 pr.
619 2707 753 2743 -277
783 2715 847 2742 eas
873 2702 964 2742 Pal.
1000 2703 1317 2755 e1itReg.Pat.
1356 2705 1431 2743 erit
1453 2705 1520 2743 vel
1536 2708 1619 2743 erat
1640 2704 1779 2744 Oxon.
1801 2716 1865 2755 pr.
1898 2704 2013 2753 J‘ubet

190 2758 349 2798 Moret.
375 2769 460 2797 sec.
488 2769 542 2797 m.
572 2769 624 2807 pr
604 2760 774 2796 12—278
802 2756 922 2796 terris
949 2769 1026 2808 ρνο
1058 2757 1171 2795 lellus
1202 2757 1302 2798 Jun.
1336 2770 1400 2808 pr.
1445 2758 1646 2796 Marsuria
1667 2757 1785 2797 Med.
1804 2769 1888 2796 sec.
1915 2758 2013 2796 dono

189 2809 344 2850 Ambr.
365 2823 429 2861 pr.
450 2812 569 2849 donat
587 2810 682 2850 Pal.
710 2809 827 2849 Med.
843 2822 906 2860 pr.
911 2812 1044 2849 —279
1072 2810 1229 2850 Proebet
1250 2811 1368 2850 Rott.
1390 2810 1541 2850 Petav.
1559 2816 1659 2850 tert.
1677 2811 1843 2850 Bonon.
1862 2808 2012 2850 Ambr.

190 2875 258 2914 pr.
285 2863 476 2903 hincinc.
493 2864 644 2903 Heins.
671 2863 810 2902 solium
828 2864 932 2902 Var.
966 2864 1049 2902 LL.
1070 2862 1137 2902 ed.
1159 2863 1286 2903 Antv.
1312 2865 1428 2902 solvit
1449 2876 1523 2914 pro
1541 2864 1614 2902 soli
1629 2863 1725 2903 Pat.
1756 2865 1914 2902 dederat
1932 2875 2010 2915 pro

191 2917 303 2957 debet
322 2917 438 2956 Prie.
478 2916 535 2956 sic
568 2917 673 2955 victa
689 2917 789 2959 Jun.
810 2928 874 2968 pr.
913 2929 980 2955 ceu
997 2918 1101 2955 victa
1120 2917 1219 2955 Vat.
1243 2929 1305 2967 pr.
1334 2923 1380 2957 et
1413 2922 1549 2968 quai-‚t
1571 2916 1667 2956 Ald.
1707 2929 1780 2968 quo
1799 2917 1896 2955 Pat.
1914 2917 2014 2967 quod

192 2969 311 3011 Med.
331 2975 472 3023 quart.
512 2971 580 3010 sed
611 2969 695 3009 duo
728 2970 878 3010 Leidd.
908 2982 1003 3009 cum
1036 2970 1360 3021 quatuordecim
1388 2970 1496 3020 aliis,
1515 2971 1618 3010 Exc.
1647 2970 1811 3009 Schott.
1832 2970 2011 3010 Gevart.

1011 3083 1192 3124 NOTAE

191 3183 193 3185 ·
243 3174 326 3213 2⁶74
353 3170 563 3222 Monstris]
600 3170 720 3211 Feris
753 3171 1014 3212 monstrosis,
1137 3171 1280 3211 reddit
1298 3182 1366 3211 me
1383 3171 1665 3211 anhelantem.
1707 3173 1853 3223 Syrtes
1868 3177 2009 3211 autem

246 3237 323 3275 2⁷5
352 3234 525 3275 Anhelas
572 3234 729 3287 Syrtes]
802 3235 903 3275 Non
956 3235 1067 3288 quod
1137 3240 1235 3275 sunt
1254 3235 1397 3275 acervi
1417 3246 1638 3275 arenarum
1663 3234 1718 3274 ad
1737 3234 1930 3286 Libyam,
1948 3234 2010 3273 sie

191 3296 343 3347 Syrtes
360 3298 519 3339 anbelae
551 3298 651 3350 sint,
679 3299 755 3339 sed
779 3299 893 3353 quod
919 3312 1068 3348 eut-sus
1136 3299 1265 3338 dictae
1312 3296 1389 3337 ἀπὸ
1416 3299 1487 3338 τοῦ
1523 3295 1663 3350 σύρειν,
1693 3297 1861 3347 trahere,
1895 3294 2007 3348 quod
2030 3316 2038 3319 -

195 3357 253 3399 ad
271 3359 432 3411 Syrtes,
458 3372 533 3401 seu
562 3363 661 3402 loca
686 3361 883 3415 Syrtibus
911 3363 1070 3416 vicina,
1135 3362 1254 3402 velut
1276 3362 1444 3403 trahere
1463 3361 1689 3401 videantur
1707 3370 1847 3399 naves.
1942 3356 1945 3357 ⁷
