2300 3906
636 181 700 219 ΙΝ
747 182 785 220 1.
827 182 999 222 coNS.
1038 182 1309 222 STlLch.
1351 183 1470 221 LIB.
1513 186 1579 224 ΙΙ.
1903 181 2012 234 647

208 296 332 349 Nos
359 314 460 350 ncc
488 297 832 350 credidimus.
909 300 1097 352 Fuerit
1123 304 1305 353 tamen
1329 301 1582 354 omnibus
1605 315 1770 354 unum

206 378 442 444 Crimen,
469 386 524 433 et
545 381 616 432 ad
641 386 858 432 nostras
881 385 1180 436 manaverit
1204 401 1377 452 usque
1399 399 1637 436 secureS.

205 462 341 515 Plus
365 464 492 516 ideo
517 465 779 515 sumenda
803 466 903 517 tibi
926 467 1150 534 fastigia
1166 468 1327 536 juriS,

205 546 298 599 Ne
323 552 507 615 pereat
529 550 639 598 tam
668 548 889 614 priscus
914 550 1106 615 honoS,
1134 552 1230 619 qui
1251 555 1440 619 portus
1464 553 1732 605 honorum

203 630 434 696 Semper
459 633 597 681 erat:
636 631 787 683 nullo
815 633 1002 684 sarciri
1027 632 1268 685 Consule
1292 633 1568 699 damnum,

201 712 456 781 Excepto
482 712 801 778 Stilichone,
838 721 1038 783 potest.
1105 718 1274 768 Bene
1299 719 1539 784 praescia
1561 722 1772 787 tempus

201 795 362 848 Mens
380 801 475 848 tua
500 795 806 852 distulerat.
882 799 1071 866 Titulo
1091 803 1218 852 tunc
1245 816 1493 853 crescere
1518 818 1733 870 posseS,

201 879 367 933 Nunc
389 897 488 948 per
513 885 563 932 te
588 883 795 935 titulus,
872 882 1078 935 Consul
1111 899 1364 936 succurre
1390 887 1628 952 gravatis

201 963 555 1028 ConsulibuS,
582 969 919 1036 quicumque
942 967 1067 1031 fuit,
1090 969 1423 1037 quicumque
1450 969 1683 1034 futuruS,

188 1044 417 1099 Annum
440 1049 606 1101 redde
632 1054 804 1114 tuum,
834 1068 1000 1118 quem
1032 1068 1169 1104 mox
1195 1068 1388 1106 secura
1412 1058 1667 1122 sequatur

1909 637 2016 690 315

1882 1092 1895 1100 -
1911 1056 2020 1109 320

199 1170 327 1210 etiam
346 1174 568 1222 putavimus
587 1172 630 1212 id
646 1185 793 1212 verum
813 1187 822 1213 ε
852 1177 1023 1213 attamen
1041 1174 1095 1213 sit
1114 1187 1232 1213 unum
1258 1176 1380 1214 scelus
1398 1187 1620 1215 commune
1640 1176 1827 1227 omnibus,
1845 1181 1882 1217 et
1901 1177 2021 1229 diffu-

196 1225 348 1263 sumsit
375 1237 491 1276 usque
521 1228 572 1265 ad
603 1239 753 1266 secures
785 1230 952 1266 nostras.
1010 1227 1161 1266 Idcirco
1180 1228 1347 1267 culmina
1367 1240 1539 1267 summae
1559 1228 1767 1277 dignitatis
1782 1232 1907 1280 magis
1925 1232 2022 1270 reci·

188 1279 337 1328 >pienda
357 1286 454 1317 sunt
476 1292 500 1318 a
519 1283 573 1328 te,
591 1292 615 1318 o
635 1280 831 1328 Stilicho,
849 1292 898 1319 ne
915 1281 1032 1319 honos
1049 1284 1129 1318 tam
1148 1280 1329 1330 antiquus
1346 1281 1570 1329 obsolescat,
1590 1282 1655 1331 qui
1674 1281 1803 1321 honos
1822 1287 1907 1321 erat
1926 1279 2021 1322 sem·

194 1341 264 1380 per·
278 1331 505 1381 confugium
518 1333 756 1382 dignitatum
771 1333 972 1373 omnium.
1029 1333 1188 1372 Macula
1213 1338 1389 1384 suscepta
1417 1346 1492 1372 non
1518 1338 1645 1384 potest
1671 1337 1848 1384 reparari
1875 1335 1928 1374 ab
1943 1337 2020 1375 ullo

200 1383 362 1423 Consule
377 1389 524 1436 proeter
539 1386 805 1427 Stilichonem.
860 1386 1029 1426 Animus
1046 1390 1137 1424 tuus
1153 1386 1298 1436 optime
1321 1386 1540 1436 praevidens
1558 1387 1908 1438 procrastinaverat
1927 1392 2021 1427 tem·

192 1448 282 1487 pus,
300 1441 393 1478 tunc
412 1440 521 1478 enim
539 1440 728 1490 potuisses
744 1452 910 1479 crescere
929 1440 1008 1479 hoc
1033 1439 1190 1489 honore,
1207 1451 1306 1477 nunc
1325 1439 1441 1478 honos
1459 1445 1626 1479 crescet
1639 1452 1712 1491 per
1730 1445 1780 1480 te.
1835 1441 1897 1479 Tu
1919 1442 2020 1480 Con·

195 1491 256 1528 sul
285 1489 443 1542 factus,
473 1493 667 1532 auxiliare
700 1492 930 1532 Consulibus
956 1493 1164 1543 oppressis,
1183 1492 1406 1542 quicumque
1427 1492 1608 1542 suerunt,
1637 1494 1859 1544 quicumque
1885 1493 2020 1542 futuri

197 1542 297 1595 sint,
316 1546 476 1584 concede
493 1558 634 1585 annum
652 1551 774 1597 tuum,
798 1558 908 1597 quem
926 1559 1018 1585 mox
1040 1546 1188 1596 posteri
1206 1546 1284 1585 tuti
1304 1547 1521 1597 imitentur,
1541 1547 1699 1595 necjam
1717 1551 1901 1586 moereant
1918 1547 2020 1587 anti-

957 1651 1254 1666 OOOOOOOOOOO

196 1769 281 1809 duo
302 1772 450 1811 Leidd.
476 1774 653 1812 totidem
674 1774 794 1813 Med.
827 1773 961 1813 Oisel.
995 1774 1077 1813 duo
1111 1774 1256 1814 Oxon.
1283 1773 1352 1812 ed.
1379 1774 1521 1813 vicet.
1565 1774 1650 1813 Nec
1681 1786 1749 1812 nos
1775 1775 1895 1813 Voss.
1915 1775 2019 1814 vat.

197 1827 302 1862 tert.
337 1824 430 1863 Pal.
467 1825 590 1865 Rott.
621 1826 813 1865 Florent.
846 1826 964 1866 Med.
983 1839 1049 1877 pr.
1070 1831 1115 1865 et
1133 1839 1218 1866 sec.
1239 1828 1343 1876 Reg.
1363 1827 1521 1866 Thuan.
1542 1825 1690 1865 Ambr.
1712 1838 1776 1877 pr.
1797 1826 1896 1865 Ald.
1915 1828 2019 1867 Exc.

194 1875 306 1915 Laeti
326 1882 369 1914 et
386 1877 566 1918 Gevart.
597 1880 681 1917 Nec
698 1891 774 1918 non
789 1880 948 1918 Moret.
971 1891 1058 1919 sec.
1088 1881 1173 1918 Nos
1189 1892 1264 1918 non
1283 1880 1382 1918 Pat.
1414 1879 1553 1927 suerat
1575 1879 1695 1917 Leid.
1716 1892 1780 1929 pr.
1801 1892 1857 1918 m.
1876 1891 2019 1918 sec.—

195 1931 275 1968 312
304 1931 423 1968 duras
456 1943 534 1981 pro
565 1936 718 1971 nostras
746 1933 844 1971 Vat.
878 1944 939 1982 pr.
959 1944 1013 1970 m.
1035 1944 1121 1971 sec.
1161 1933 1342 1970 adversas
1366 1933 1465 1970 Vat.
1487 1944 1550 1983 pr.
1566 1939 1611 1970 et
1632 1937 1733 1970 tert.
1755 1932 1889 1970 Oisel.
1909 1933 2018 1983 Reg.

195 1982 337 2022 Oxon.
354 1995 418 2034 pr.
433 1984 533 2023 Var.
551 1985 636 2023 LL.
654 1984 721 2024 ed.
741 1984 874 2024 Antv.
903 1989 1127 2024 manaverat
1147 1984 1230 2023 duo
1246 1984 1398 2023 Leidd.
1416 1985 1539 2023 Voss.
1552 1984 1652 2022 Vat.
1674 1996 1757 2023 sec.
1774 1984 1872 2023 Pat.
1894 1985 2020 2023 Farn.

192 2041 283 2075 vet.
307 2036 416 2087 Gyr.
446 2036 531 2076 inc.
564 2038 716 2077 Heius.
759 2037 1005 2077 mandaverit
1034 2039 1195 2076 Moret.
1225 2040 1446 2076 sem—313
1475 2037 1602 2086 igitur
1633 2037 1728 2075 Pal.
1775 2037 1873 2075 mihi
1901 2037 2019 2077 Rott.

184 2087 359 2138 fastigia
377 2102 507 2129 rerum
529 2091 648 2130 Leid.
668 2103 731 2142 pr.
758 2091 861 2130 vitus
884 2103 960 2141 pro
967 2091 1076 2139 juris
1097 2096 1183 2129 vet.
1205 2090 1311 2140 Gyr.
1327 2091 1434 2130 Exc.
1457 2091 1640 2128 Lucens.
1661 2101 1725 2140 pr.
1769 2090 1895 2129 virtus
1913 2090 2019 2129 Exe-

195 2142 302 2182 Cod.
331 2143 479 2183 Rhem.
510 2143 597 2183 Hic
619 2155 763 2183 versus
791 2144 834 2183 in
868 2145 971 2183 Lov.
1001 2143 1182 2194 margini
1211 2142 1422 2194 ascriptus
1449 2147 1560 2193 erat,
1593 2148 1638 2182 et
1672 2142 1878 2182 Barthius
1907 2143 2024 2182 adul-

195 2194 379 2235 terinum
401 2201 671 2248 putat—314
691 2197 779 2247 jam
815 2197 898 2236 duo
935 2198 1057 2236 Vatt.
1093 2197 1220 2236 Farn.
1251 2196 1380 2237 Rottr
1408 2195 1509 2236 Jun.
1546 2207 1611 2247 pr.
1640 2195 1778 2234 Oxon.
1814 2208 1900 2235 sec.
1932 2202 2020 2235 tres

194 2248 317 2288 Med.
367 2250 451 2289 inc.
499 2249 653 2290 Heius.
697 2252 799 2290 Put.
852 2250 936 2289 duo
980 2251 1135 2290 Petav.
1177 2249 1351 2289 Tholos.
1398 2250 1501 2290 Lov.
1539 2250 1700 2288 Moret.
1751 2260 1817 2299 pr.
1869 2248 2019 2288 Ambr.

193 2313 280 2341 sec.
308 2303 492 2342 Luc-ens.
521 2315 588 2354 pr.
614 2303 682 2343 ed.
701 2304 845 2343 Vicet.
866 2304 967 2343 Var.
998 2305 1085 2343 LL.
1121 2315 1146 2342 e
1177 2314 1309 2354 marg.
1343 2302 1486 2341 Parm.
1532 2302 1649 2340 honor
1683 2302 1785 2341 Vat.
1817 2314 1883 2353 pr.
1916 2303 2019 2343 Put.

193 2354 294 2395 Pat.
350 2368 498 2407 semper
522 2357 706 2396 honorum
745 2357 891 2396 Portus
924 2360 1010 2395 erat
1048 2356 1108 2396 id.
1148 2356 1380 2395 Pan—315
1419 2354 1566 2393 sanciri
1594 2355 1694 2392 Vat.
1732 2359 1832 2393 tert.
1866 2368 1919 2394 m.
1955 2367 2019 2406 pr.

194 2407 337 2446 saciari
367 2409 489 2449 Med.
522 2413 799 2461 quarn—316
827 2411 955 2461 placet
988 2421 1066 2460 pro
1099 2412 1229 2459 potest
1257 2406 1410 2446 Ambr.
1444 2411 1544 2446 tert.
1605 2411 1686 2445 tam
1719 2406 1883 2456 praescia
1919 2408 2020 2448 Vat.

194 2460 466 2510 quine-317
495 2463 703 2501 Detulerat
735 2463 854 2502 Rott.
899 2461 1099 2501 distulerit
1126 2462 1226 2500 Vat.
1259 2460 1396 2511 quint.
1414 2460 1530 2498 Med.
1552 2471 1637 2498 sec.
1678 2459 1807 2497 titulis
1826 2460 1927 2498 Lov.
1971 2473 2020 2500 ne

193 2524 362 2552 crescere
381 2514 541 2554 Moret.
557 2526 620 2564 pr.
661 2527 761 2553 nunc
785 2515 886 2553 Vat.
918 2521 1059 2564 quart.
1103 2517 1188 2552 tum
1215 2513 1299 2550 inc.
1320 2512 1471 2551 Heius.
1508 2523 1667 2562 poscens
1683 2511 1804 2551 Med.
1823 2517 2019 2564 quart.-

193 2568 273 2604 318
301 2566 434 2605 titulis
452 2567 611 2606 Moret.
635 2578 721 2606 sec.
742 2566 862 2605 Med.
883 2568 1159 2618 quarte-320
1187 2577 1305 2604 unum
1323 2577 1400 2616 pro
1428 2570 1536 2603 tuum
1556 2565 1680 2604 Farn.
1712 2564 1803 2612 jam
1825 2577 1901 2616 pro
1928 2578 2019 2605 mox

195 2623 282 2658 tres
311 2620 430 2659 Vatt.
459 2620 572 2660 Prie.
592 2619 728 2660 Oisel.
749 2620 909 2659 Mazar.
928 2620 1026 2660 Pat.
1048 2619 1188 2659 Oxon.
1207 2630 1270 2669 pr.
1317 2621 1495 2668 sequetur
1521 2616 1622 2658 Vat.
1646 2618 1778 2670 quint.
1801 2619 2020 2659 Mamm—-

196 1717 299 1758 Jun.
323 1695 392 1769 pr.
413 1723 501 1759 vet.
523 1719 626 1771 Gyr.
645 1722 752 1759 Exc.
773 1721 898 1760 Laeti.
944 1721 1076 1759 dilecti
1089 1720 1189 1761 Jun.
1211 1732 1277 1771 pr.
1322 1720 1504 1760 delictum
1519 1720 1819 1760 Tholos.-3ll
1851 1722 1935 1760 Nos
1953 1733 2020 1760 nec

1029 2724 1206 2767 No'rAE

191 2808 319 2843 vocat
346 2816 370 2843 a
389 2808 537 2844 vetere
557 2809 677 2845 veste
705 2804 966 2845 Gabinorum
986 2804 1078 2844 Ita-'

192 2866 260 2906 liae
281 2868 550 2919 populorum,
569 2881 696 2920 quam
717 2868 896 2908 Romani
916 2869 959 2908 in
978 2869 1072 2908 Ma-

193 2927 439 2982 gistratibus
460 2931 736 2981 usurpabant.

247 2992 326 3030 312
353 2989 534 3042 Secures]
566 2991 636 3031 Ad
673 2993 948 3033 Consulatum
978 3005 1071 3032 nos-

193 3055 322 3105 trum,
341 3046 466 3106 cujus
484 3054 665 3106 insignia
684 3062 782 3096 sunt
801 3068 988 3096 secures.

186 3140 190 3143 -
243 3117 325 3155 313
354 3117 453 3156 Plus
472 3118 576 3169 ideo]
605 3119 696 3158 Etsi
716 3117 816 3158 fasti
845 3120 979 3159 nostri
998 3120 1070 3159 de-

193 3175 384 3220 decorati
403 3178 546 3220 forent
565 3182 734 3222 nomine
753 3184 966 3235 Eutropii,
985 3196 1070 3223 ma-

196 3236 259 3288 gis
276 3236 418 3280 tamen
437 3242 534 3282 ideo
551 3244 727 3285 deberes
744 3246 941 3298 recipere
959 3247 1070 3286 Con-

196 3298 396 3351 sulatum,
411 3309 460 3343 ut
478 3316 701 3356 reparares
721 3307 830 3348 hane
848 3308 1072 3362 maculam,

199 3358 360 3413 hocque
377 3363 592 3415 damnum.

1193 2807 1272 2844 314
1313 2802 1477 2854 Portus]
1521 2802 1592 2842 Ad
1625 2815 1749 2856 quem
1796 2803 2016 2853 honorem,

1140 2872 1341 2918 tanquam
1378 2865 1433 2905 ad
1470 2871 1637 2917 portum
1674 2877 1819 2906 omncs
1857 2866 2017 2916 aspira-

1138 2929 1257 2969 bant.

1191 2994 1271 3032 316
1317 2989 1499 3042 Tempus]
1557 2990 1787 3042 Sapienter
1832 2996 2016 3043 tempus,

1138 3066 1220 3106 quo
1242 3054 1403 3094 Consul
1430 3052 1562 3104 sores,
1579 3053 1631 3092 ad
1651 3054 1734 3093 hoc
1759 3065 1892 3106 usque
1912 3059 2017 3094 tem-

1138 3131 1216 3170 pus
1236 3118 1480 3157 distuleras.
1524 3120 1533 3127 '‘

1192 3185 1273 3222 318
1317 3180 1511 3222 Gravatis
1546 3180 1778 3231 consulibus]
1826 3179 2016 3220 Consuli-

1137 3249 1215 3289 bus
1255 3247 1442 3299 antiquis
1490 3244 1677 3297 gravatis
1722 3250 1768 3284 et
1802 3242 2013 3295 oppressis

1139 3311 1349 3352 societate
1365 3307 1531 3348 infamis
1550 3306 1763 3357 Eutropii.

1193 3378 1272 3414 320
1319 3374 1474 3425 Redde]
1530 3371 1744 3422 Concede,
1785 3374 1834 3410 ut
1878 3378 2011 3409 annus
