<?xml version="1.0" encoding="UTF-8"?>
<!DOCTYPE html PUBLIC "-//W3C//DTD XHTML 1.0 Transitional//EN"
    "http://www.w3.org/TR/xhtml1/DTD/xhtml1-transitional.dtd">
<html xmlns="http://www.w3.org/1999/xhtml" xml:lang="en" lang="en">
 <head>
  <title>
</title>
<meta http-equiv="Content-Type" content="text/html;charset=utf-8" />
  <meta name='ocr-system' content='tesseract 3.04.00' />
  <meta name='ocr-capabilities' content='ocr_page ocr_carea ocr_par ocr_line ocrx_word'/>
</head>
<body>
  <div class='ocr_page' id='page_1' title='image "./operaomniaexedit02clauuoft_0319.png"; bbox 0 0 2300 3906; ppageno 0'>
   <div class='ocr_carea' id='block_1_1' title="bbox 718 216 1976 270">
    <p class='ocr_par' dir='ltr' id='par_1_1' title="bbox 718 216 1976 270">
     <span class='ocr_line' id='line_1_1' title="bbox 718 216 1976 270; baseline 0.003 -4"><span class='ocrx_word' id='word_1_1' title='bbox 718 229 796 266; x_wconf 81' lang='lat' dir='ltr'><strong>nu</strong></span> <span class='ocrx_word' id='word_1_2' title='bbox 842 228 917 268; x_wconf 78' lang='lat' dir='ltr'><strong>v1.</strong></span> <span class='ocrx_word' id='word_1_3' title='bbox 958 227 1130 267; x_wconf 68' lang='lat' dir='ltr'><strong>cous.</strong></span> <span class='ocrx_word' id='word_1_4' title='bbox 1171 227 1405 269; x_wconf 81' lang='lat' dir='ltr'><strong>HoNoR.</strong></span> <span class='ocrx_word' id='word_1_5' title='bbox 1870 216 1976 270; x_wconf 77' lang='lat'><strong>821.</strong></span> 
     </span>
    </p>
   </div>
   <div class='ocr_carea' id='block_1_2' title="bbox 150 342 1699 1078">
    <p class='ocr_par' dir='ltr' id='par_1_2' title="bbox 150 342 1699 743">
     <span class='ocr_line' id='line_1_2' title="bbox 156 342 1699 413; baseline 0.002 -19"><span class='ocrx_word' id='word_1_6' title='bbox 156 343 392 409; x_wconf 81' lang='lat' dir='ltr'>Segnius</span> <span class='ocrx_word' id='word_1_7' title='bbox 420 361 488 395; x_wconf 87' lang='lat' dir='ltr'><strong>an</strong></span> <span class='ocrx_word' id='word_1_8' title='bbox 516 346 727 395; x_wconf 86' lang='lat' dir='ltr'><strong>veteres</strong></span> <span class='ocrx_word' id='word_1_9' title='bbox 756 342 1009 395; x_wconf 86' lang='lat' dir='ltr'>Histrum</span> <span class='ocrx_word' id='word_1_10' title='bbox 1036 343 1402 413; x_wconf 84' lang='lat' dir='ltr'><strong>Rhenumque</strong></span> <span class='ocrx_word' id='word_1_11' title='bbox 1423 346 1699 410; x_wconf 82' lang='lat' dir='ltr'><strong>tenebant,</strong></span> 
     </span>
     <span class='ocr_line' id='line_1_3' title="bbox 157 425 1689 489; baseline 0.003 -13"><span class='ocrx_word' id='word_1_12' title='bbox 157 426 273 489; x_wconf 80' lang='lat' dir='ltr'><strong>Qui</strong></span> <span class='ocrx_word' id='word_1_13' title='bbox 297 433 542 478; x_wconf 86' lang='lat' dir='ltr'><strong>nostram</strong></span> <span class='ocrx_word' id='word_1_14' title='bbox 569 425 792 476; x_wconf 89' lang='lat' dir='ltr'><strong>coluere</strong></span> <span class='ocrx_word' id='word_1_15' title='bbox 818 425 1080 477; x_wconf 69' lang='lat' dir='ltr'><strong>domum?</strong></span> <span class='ocrx_word' id='word_1_16' title='bbox 1117 427 1363 478; x_wconf 90' lang='lat' dir='ltr'><strong>leviusne</strong></span> <span class='ocrx_word' id='word_1_17' title='bbox 1387 429 1689 480; x_wconf 83' lang='lat' dir='ltr'><strong>tremebant</strong></span> 
     </span>
     <span class='ocr_line' id='line_1_4' title="bbox 153 509 1652 576; baseline 0.003 -17"><span class='ocrx_word' id='word_1_18' title='bbox 153 510 331 575; x_wconf 83' lang='lat' dir='ltr'><strong>Tigris</strong></span> <span class='ocrx_word' id='word_1_19' title='bbox 355 514 407 560; x_wconf 89' lang='lat' dir='ltr'><strong>et</strong></span> <span class='ocrx_word' id='word_1_20' title='bbox 431 509 755 576; x_wconf 83' lang='lat' dir='ltr'><strong>Euphrates,</strong></span> <span class='ocrx_word' id='word_1_21' title='bbox 793 526 913 561; x_wconf 89' lang='lat' dir='ltr'><strong>cum</strong></span> <span class='ocrx_word' id='word_1_22' title='bbox 942 510 1148 562; x_wconf 89' lang='lat' dir='ltr'><strong>foedera</strong></span> <span class='ocrx_word' id='word_1_23' title='bbox 1174 509 1377 561; x_wconf 90' lang='lat' dir='ltr'><strong>Medus</strong></span> <span class='ocrx_word' id='word_1_24' title='bbox 1403 517 1458 562; x_wconf 94' lang='lat' dir='ltr'><strong>et</strong></span> <span class='ocrx_word' id='word_1_25' title='bbox 1482 510 1652 563; x_wconf 89' lang='lat' dir='ltr'><strong>Indus</strong></span> 
     </span>
     <span class='ocr_line' id='line_1_5' title="bbox 150 591 1585 660; baseline 0.003 -18"><span class='ocrx_word' id='word_1_26' title='bbox 150 591 300 643; x_wconf 90' lang='lat' dir='ltr'><strong>Hinc</strong></span> <span class='ocrx_word' id='word_1_27' title='bbox 327 596 548 658; x_wconf 82' lang='lat' dir='ltr'><strong>peteret,</strong></span> <span class='ocrx_word' id='word_1_28' title='bbox 574 608 884 660; x_wconf 88' lang='lat' dir='ltr'><strong>pacemque</strong></span> <span class='ocrx_word' id='word_1_29' title='bbox 909 609 1035 644; x_wconf 85' lang='lat' dir='ltr'><strong>mea</strong></span> <span class='ocrx_word' id='word_1_30' title='bbox 1060 598 1305 659; x_wconf 80' lang='lat' dir='ltr'><strong>speraret</strong></span> <span class='ocrx_word' id='word_1_31' title='bbox 1329 594 1400 645; x_wconf 91' lang='lat' dir='ltr'><strong>ab</strong></span> <span class='ocrx_word' id='word_1_32' title='bbox 1420 597 1585 646; x_wconf 68' lang='lat' dir='ltr'><strong>arce?</strong></span> 
     </span>
     <span class='ocr_line' id='line_1_6' title="bbox 154 674 1385 743; baseline -0.001 -17"><span class='ocrx_word' id='word_1_33' title='bbox 154 675 268 726; x_wconf 89' lang='lat' dir='ltr'><strong>Hic</strong></span> <span class='ocrx_word' id='word_1_34' title='bbox 295 675 376 726; x_wconf 91' lang='lat' dir='ltr'><strong>illi</strong></span> <span class='ocrx_word' id='word_1_35' title='bbox 402 691 650 726; x_wconf 83' lang='lat' dir='ltr'><strong>mansere</strong></span> <span class='ocrx_word' id='word_1_36' title='bbox 675 676 794 737; x_wconf 87' lang='lat' dir='ltr'><strong>viri,</strong></span> <span class='ocrx_word' id='word_1_37' title='bbox 823 692 965 743; x_wconf 90' lang='lat' dir='ltr'><strong>quos</strong></span> <span class='ocrx_word' id='word_1_38' title='bbox 987 680 1182 726; x_wconf 84' lang='lat' dir='ltr'><strong>mutua</strong></span> <span class='ocrx_word' id='word_1_39' title='bbox 1205 674 1385 726; x_wconf 84' lang='lat' dir='ltr'><strong>virtus</strong></span> 
     </span>
    </p>

    <p class='ocr_par' dir='ltr' id='par_1_3' title="bbox 152 758 1488 824">
     <span class='ocr_line' id='line_1_7' title="bbox 152 758 1488 824; baseline -0.001 -15"><span class='ocrx_word' id='word_1_40' title='bbox 152 758 327 823; x_wconf 89' lang='lat' dir='ltr'><strong>Legit,</strong></span> <span class='ocrx_word' id='word_1_41' title='bbox 354 763 409 809; x_wconf 90' lang='lat' dir='ltr'><strong>et</strong></span> <span class='ocrx_word' id='word_1_42' title='bbox 433 759 487 808; x_wconf 92' lang='lat' dir='ltr'><strong>in</strong></span> <span class='ocrx_word' id='word_1_43' title='bbox 510 774 701 809; x_wconf 91' lang='lat' dir='ltr'><strong>nomen</strong></span> <span class='ocrx_word' id='word_1_44' title='bbox 729 759 998 811; x_wconf 87' lang='lat' dir='ltr'><strong>Romanis</strong></span> <span class='ocrx_word' id='word_1_45' title='bbox 1024 759 1189 810; x_wconf 89' lang='lat' dir='ltr'><strong>rebus</strong></span> <span class='ocrx_word' id='word_1_46' title='bbox 1215 758 1488 824; x_wconf 88' lang='lat' dir='ltr'><strong>adoptans</strong></span> 
     </span>
    </p>

    <p class='ocr_par' dir='ltr' id='par_1_4' title="bbox 151 841 1576 1078">
     <span class='ocr_line' id='line_1_8' title="bbox 151 841 1576 908; baseline 0.001 -16"><span class='ocrx_word' id='word_1_47' title='bbox 151 842 188 892; x_wconf 88' lang='lat' dir='ltr'><strong>J</strong></span> <span class='ocrx_word' id='word_1_48' title='bbox 194 842 377 893; x_wconf 90' lang='lat' dir='ltr'><strong>udicio</strong></span> <span class='ocrx_word' id='word_1_49' title='bbox 404 841 692 908; x_wconf 85' lang='lat' dir='ltr'>pulchram</span> <span class='ocrx_word' id='word_1_50' title='bbox 717 844 929 906; x_wconf 86' lang='lat' dir='ltr'><strong>seriem,</strong></span> <span class='ocrx_word' id='word_1_51' title='bbox 955 859 1062 894; x_wconf 90' lang='lat' dir='ltr'><strong>non</strong></span> <span class='ocrx_word' id='word_1_52' title='bbox 1088 842 1367 908; x_wconf 86' lang='lat' dir='ltr'><strong>sanguine,</strong></span> <span class='ocrx_word' id='word_1_53' title='bbox 1395 842 1576 895; x_wconf 87' lang='lat' dir='ltr'><strong>duxit.</strong></span> 
     </span>
     <span class='ocr_line' id='line_1_9' title="bbox 154 924 1511 992; baseline 0.001 -17"><span class='ocrx_word' id='word_1_54' title='bbox 154 924 268 976; x_wconf 88' lang='lat' dir='ltr'><strong>Hic</strong></span> <span class='ocrx_word' id='word_1_55' title='bbox 293 925 476 992; x_wconf 87' lang='lat' dir='ltr'><strong>proles</strong></span> <span class='ocrx_word' id='word_1_56' title='bbox 504 929 728 976; x_wconf 86' lang='lat' dir='ltr'><strong>atavum</strong></span> <span class='ocrx_word' id='word_1_57' title='bbox 754 926 1038 979; x_wconf 88' lang='lat' dir='ltr'><strong>deducens</strong></span> <span class='ocrx_word' id='word_1_58' title='bbox 1067 926 1220 978; x_wconf 85' lang='lat' dir='ltr'><strong>AElia</strong></span> <span class='ocrx_word' id='word_1_59' title='bbox 1245 924 1511 990; x_wconf 87' lang='lat' dir='ltr'><strong>Nervam,</strong></span> 
     </span>
     <span class='ocr_line' id='line_1_10' title="bbox 151 1007 1363 1078; baseline 0 -19"><span class='ocrx_word' id='word_1_60' title='bbox 151 1007 566 1076; x_wconf 85' lang='lat' dir='ltr'><strong>Tranquillique</strong></span> <span class='ocrx_word' id='word_1_61' title='bbox 593 1008 702 1071; x_wconf 91' lang='lat' dir='ltr'><strong>Pii,</strong></span> <span class='ocrx_word' id='word_1_62' title='bbox 728 1010 1127 1078; x_wconf 84' lang='lat' dir='ltr'><strong>bellatoresque</strong></span> <span class='ocrx_word' id='word_1_63' title='bbox 1154 1008 1363 1060; x_wconf 86' lang='lat' dir='ltr'><strong>Severi.</strong></span> 
     </span>
    </p>
   </div>
   <div class='ocr_carea' id='block_1_3' title="bbox 1866 512 1974 563">
    <p class='ocr_par' dir='ltr' id='par_1_5' title="bbox 1866 512 1974 563">
     <span class='ocr_line' id='line_1_11' title="bbox 1866 512 1974 563; baseline 0 0"><span class='ocrx_word' id='word_1_64' title='bbox 1866 512 1974 563; x_wconf 85' lang='lat'><strong>415</strong></span> 
     </span>
    </p>
   </div>
   <div class='ocr_carea' id='block_1_4' title="bbox 1867 925 1974 980">
    <p class='ocr_par' dir='ltr' id='par_1_6' title="bbox 1867 925 1974 980">
     <span class='ocr_line' id='line_1_12' title="bbox 1867 925 1974 980; baseline 0.009 -1"><span class='ocrx_word' id='word_1_65' title='bbox 1867 925 1974 980; x_wconf 76' lang='lat'><strong>420</strong></span> 
     </span>
    </p>
   </div>
   <div class='ocr_carea' id='block_1_5' title="bbox 145 1167 1977 1487">
    <p class='ocr_par' dir='ltr' id='par_1_7' title="bbox 145 1167 1977 1487">
     <span class='ocr_line' id='line_1_13' title="bbox 145 1167 1976 1223; baseline 0.003 -17"><span class='ocrx_word' id='word_1_66' title='bbox 145 1167 328 1219; x_wconf 78' lang='lat' dir='ltr'><strong>relinquit</strong></span> <span class='ocrx_word' id='word_1_67' title='bbox 345 1168 450 1207; x_wconf 87' lang='lat' dir='ltr'><strong>viam</strong></span> <span class='ocrx_word' id='word_1_68' title='bbox 469 1170 648 1220; x_wconf 86' lang='lat' dir='ltr'><strong>mediam,</strong></span> <span class='ocrx_word' id='word_1_69' title='bbox 669 1175 708 1210; x_wconf 86' lang='lat' dir='ltr'><strong>et</strong></span> <span class='ocrx_word' id='word_1_70' title='bbox 726 1175 855 1211; x_wconf 86' lang='lat' dir='ltr'><strong>tamen</strong></span> <span class='ocrx_word' id='word_1_71' title='bbox 871 1173 1066 1213; x_wconf 74' lang='lat' dir='ltr'><strong>illuminat</strong></span> <span class='ocrx_word' id='word_1_72' title='bbox 1085 1176 1223 1213; x_wconf 82' lang='lat' dir='ltr'><strong>cancta</strong></span> <span class='ocrx_word' id='word_1_73' title='bbox 1241 1174 1325 1212; x_wconf 83' lang='lat' dir='ltr'><strong>luce</strong></span> <span class='ocrx_word' id='word_1_74' title='bbox 1343 1185 1434 1212; x_wconf 84' lang='lat' dir='ltr'><strong>sua.</strong></span> <span class='ocrx_word' id='word_1_75' title='bbox 1489 1171 1556 1212; x_wconf 81' lang='lat' dir='ltr'><strong>An</strong></span> <span class='ocrx_word' id='word_1_76' title='bbox 1581 1172 1750 1223; x_wconf 77' lang='lat' dir='ltr'><strong>antiqui,</strong></span> <span class='ocrx_word' id='word_1_77' title='bbox 1782 1172 1847 1223; x_wconf 83' lang='lat' dir='ltr'><strong>qui</strong></span> <span class='ocrx_word' id='word_1_78' title='bbox 1865 1171 1976 1213; x_wconf 87' lang='lat' dir='ltr'><strong>habi·</strong></span> 
     </span>
     <span class='ocr_line' id='line_1_14' title="bbox 148 1223 1973 1282; baseline 0.004 -24"><span class='ocrx_word' id='word_1_79' title='bbox 148 1224 329 1282; x_wconf 65' lang='lat' dir='ltr'><strong>taverunt</strong></span> <span class='ocrx_word' id='word_1_80' title='bbox 348 1223 502 1261; x_wconf 85' lang='lat' dir='ltr'><strong>domum</strong></span> <span class='ocrx_word' id='word_1_81' title='bbox 518 1227 705 1270; x_wconf 81' lang='lat' dir='ltr'><strong>nostram,</strong></span> <span class='ocrx_word' id='word_1_82' title='bbox 724 1225 850 1263; x_wconf 80' lang='lat' dir='ltr'><strong>minas</strong></span> <span class='ocrx_word' id='word_1_83' title='bbox 881 1227 1028 1265; x_wconf 81' lang='lat' dir='ltr'><strong>acriter</strong></span> <span class='ocrx_word' id='word_1_84' title='bbox 1057 1225 1301 1277; x_wconf 76' lang='lat' dir='ltr'><strong>possidebant</strong></span> <span class='ocrx_word' id='word_1_85' title='bbox 1320 1224 1546 1265; x_wconf 79' lang='lat' dir='ltr'><strong>Danubium</strong></span> <span class='ocrx_word' id='word_1_86' title='bbox 1571 1229 1610 1264; x_wconf 87' lang='lat' dir='ltr'><strong>et</strong></span> <span class='ocrx_word' id='word_1_87' title='bbox 1641 1223 1852 1265; x_wconf 80' lang='lat' dir='ltr'><strong>Rhenum?</strong></span> <span class='ocrx_word' id='word_1_88' title='bbox 1874 1251 1880 1254; x_wconf 98' lang='lat'>-</span> <span class='ocrx_word' id='word_1_89' title='bbox 1908 1227 1973 1265; x_wconf 79' lang='lat' dir='ltr'><strong>An</strong></span> 
     </span>
     <span class='ocr_line' id='line_1_15' title="bbox 153 1273 1974 1328; baseline 0.003 -16"><span class='ocrx_word' id='word_1_90' title='bbox 153 1273 288 1323; x_wconf 77' lang='lat' dir='ltr'><strong>ngris</strong></span> <span class='ocrx_word' id='word_1_91' title='bbox 319 1279 357 1313; x_wconf 90' lang='lat' dir='ltr'><strong>et</strong></span> <span class='ocrx_word' id='word_1_92' title='bbox 389 1275 611 1325; x_wconf 77' lang='lat' dir='ltr'><strong>Euphrates</strong></span> <span class='ocrx_word' id='word_1_93' title='bbox 638 1277 764 1316; x_wconf 85' lang='lat' dir='ltr'><strong>minus</strong></span> <span class='ocrx_word' id='word_1_94' title='bbox 788 1279 1051 1328; x_wconf 78' lang='lat' dir='ltr'><strong>trepidabant,</strong></span> <span class='ocrx_word' id='word_1_95' title='bbox 1075 1291 1158 1317; x_wconf 85' lang='lat' dir='ltr'><strong>cum</strong></span> <span class='ocrx_word' id='word_1_96' title='bbox 1179 1279 1290 1317; x_wconf 82' lang='lat' dir='ltr'><strong>Medi</strong></span> <span class='ocrx_word' id='word_1_97' title='bbox 1307 1282 1346 1316; x_wconf 84' lang='lat' dir='ltr'><strong>et</strong></span> <span class='ocrx_word' id='word_1_98' title='bbox 1368 1278 1456 1316; x_wconf 83' lang='lat' dir='ltr'><strong>Indi</strong></span> <span class='ocrx_word' id='word_1_99' title='bbox 1472 1277 1561 1316; x_wconf 86' lang='lat' dir='ltr'><strong>hinc</strong></span> <span class='ocrx_word' id='word_1_100' title='bbox 1577 1282 1731 1317; x_wconf 85' lang='lat' dir='ltr'><strong>orarent</strong></span> <span class='ocrx_word' id='word_1_101' title='bbox 1746 1278 1974 1327; x_wconf 77' lang='lat' dir='ltr'><strong><em>amicitiam,</em></strong></span> 
     </span>
     <span class='ocr_line' id='line_1_16' title="bbox 149 1328 1974 1380; baseline 0.002 -15"><span class='ocrx_word' id='word_1_102' title='bbox 149 1331 188 1366; x_wconf 87' lang='lat' dir='ltr'><strong>et</strong></span> <span class='ocrx_word' id='word_1_103' title='bbox 205 1332 405 1378; x_wconf 75' lang='lat' dir='ltr'><strong>sperarent</strong></span> <span class='ocrx_word' id='word_1_104' title='bbox 422 1340 554 1379; x_wconf 84' lang='lat' dir='ltr'><strong>pacem</strong></span> <span class='ocrx_word' id='word_1_105' title='bbox 571 1341 620 1367; x_wconf 81' lang='lat' dir='ltr'><strong>ex</strong></span> <span class='ocrx_word' id='word_1_106' title='bbox 641 1330 836 1380; x_wconf 81' lang='lat' dir='ltr'><strong>Capitolio</strong></span> <span class='ocrx_word' id='word_1_107' title='bbox 854 1328 968 1370; x_wconf 80' lang='lat' dir='ltr'><strong>meo?</strong></span> <span class='ocrx_word' id='word_1_108' title='bbox 1024 1331 1107 1370; x_wconf 89' lang='lat' dir='ltr'><strong>Hic</strong></span> <span class='ocrx_word' id='word_1_109' title='bbox 1122 1331 1200 1369; x_wconf 83' lang='lat' dir='ltr'><strong>viri</strong></span> <span class='ocrx_word' id='word_1_110' title='bbox 1226 1330 1286 1369; x_wconf 85' lang='lat' dir='ltr'><strong>illi</strong></span> <span class='ocrx_word' id='word_1_111' title='bbox 1303 1330 1590 1380; x_wconf 83' lang='lat' dir='ltr'><strong>habitaverunt,</strong></span> <span class='ocrx_word' id='word_1_112' title='bbox 1609 1342 1701 1380; x_wconf 85' lang='lat' dir='ltr'><strong>quos</strong></span> <span class='ocrx_word' id='word_1_113' title='bbox 1718 1331 1844 1370; x_wconf 79' lang='lat' dir='ltr'><strong>virtus</strong></span> <span class='ocrx_word' id='word_1_114' title='bbox 1859 1331 1974 1369; x_wconf 82' lang='lat' dir='ltr'><strong>vicis-</strong></span> 
     </span>
     <span class='ocr_line' id='line_1_17' title="bbox 148 1380 1975 1433; baseline 0.002 -15"><span class='ocrx_word' id='word_1_115' title='bbox 148 1380 221 1418; x_wconf 84' lang='lat' dir='ltr'><strong>sim</strong></span> <span class='ocrx_word' id='word_1_116' title='bbox 251 1380 386 1430; x_wconf 78' lang='lat' dir='ltr'><strong>elegit,</strong></span> <span class='ocrx_word' id='word_1_117' title='bbox 415 1384 453 1419; x_wconf 87' lang='lat' dir='ltr'><strong>et</strong></span> <span class='ocrx_word' id='word_1_118' title='bbox 480 1382 673 1421; x_wconf 78' lang='lat' dir='ltr'><strong>ascribens</strong></span> <span class='ocrx_word' id='word_1_119' title='bbox 705 1383 799 1422; x_wconf 90' lang='lat' dir='ltr'><strong>illos</strong></span> <span class='ocrx_word' id='word_1_120' title='bbox 828 1382 871 1421; x_wconf 81' lang='lat' dir='ltr'><strong>in</strong></span> <span class='ocrx_word' id='word_1_121' title='bbox 904 1396 1039 1422; x_wconf 85' lang='lat' dir='ltr'><strong>nomen</strong></span> <span class='ocrx_word' id='word_1_122' title='bbox 1055 1384 1283 1422; x_wconf 86' lang='lat' dir='ltr'><strong>Consulum</strong></span> <span class='ocrx_word' id='word_1_123' title='bbox 1299 1395 1372 1432; x_wconf 85' lang='lat' dir='ltr'><strong>pro</strong></span> <span class='ocrx_word' id='word_1_124' title='bbox 1393 1382 1560 1433; x_wconf 83' lang='lat' dir='ltr'><strong>Imperio</strong></span> <span class='ocrx_word' id='word_1_125' title='bbox 1590 1383 1781 1432; x_wconf 82' lang='lat' dir='ltr'><strong>Romano,</strong></span> <span class='ocrx_word' id='word_1_126' title='bbox 1800 1382 1975 1421; x_wconf 80' lang='lat' dir='ltr'><strong>exhibuit</strong></span> 
     </span>
     <span class='ocr_line' id='line_1_18' title="bbox 147 1433 1977 1487; baseline 0.001 -16"><span class='ocrx_word' id='word_1_127' title='bbox 147 1433 284 1473; x_wconf 78' lang='lat' dir='ltr'><strong>seriem</strong></span> <span class='ocrx_word' id='word_1_128' title='bbox 297 1434 506 1484; x_wconf 82' lang='lat' dir='ltr'><strong>gloriosam</strong></span> <span class='ocrx_word' id='word_1_129' title='bbox 523 1436 687 1484; x_wconf 86' lang='lat' dir='ltr'><strong>delectu,</strong></span> <span class='ocrx_word' id='word_1_130' title='bbox 704 1448 778 1475; x_wconf 86' lang='lat' dir='ltr'><strong>non</strong></span> <span class='ocrx_word' id='word_1_131' title='bbox 798 1435 906 1475; x_wconf 82' lang='lat' dir='ltr'><strong>serie</strong></span> <span class='ocrx_word' id='word_1_132' title='bbox 922 1437 1065 1487; x_wconf 81' lang='lat' dir='ltr'><strong>gentis.</strong></span> <span class='ocrx_word' id='word_1_133' title='bbox 1103 1435 1184 1475; x_wconf 87' lang='lat' dir='ltr'><strong>Hic</strong></span> <span class='ocrx_word' id='word_1_134' title='bbox 1197 1447 1295 1486; x_wconf 79' lang='lat' dir='ltr'><strong>gens</strong></span> <span class='ocrx_word' id='word_1_135' title='bbox 1312 1435 1435 1483; x_wconf 85' lang='lat' dir='ltr'><strong>AElia‚</strong></span> <span class='ocrx_word' id='word_1_136' title='bbox 1453 1436 1593 1474; x_wconf 82' lang='lat' dir='ltr'><strong>ducens</strong></span> <span class='ocrx_word' id='word_1_137' title='bbox 1610 1438 1767 1474; x_wconf 85' lang='lat' dir='ltr'><strong>atavam</strong></span> <span class='ocrx_word' id='word_1_138' title='bbox 1788 1435 1977 1485; x_wconf 83' lang='lat' dir='ltr'><strong>Nervam,</strong></span> 
     </span>
    </p>
   </div>
   <div class='ocr_carea' id='block_1_6' title="bbox 911 1552 1205 1567">
    <p class='ocr_par' dir='ltr' id='par_1_8' title="bbox 911 1552 1205 1567">
     <span class='ocr_line' id='line_1_19' title="bbox 911 1552 1205 1567; baseline 0 -1"><span class='ocrx_word' id='word_1_139' title='bbox 911 1552 1205 1567; x_wconf 58' lang='lat' dir='ltr'><strong>eaeaeveeaeaeae-e‘ee</strong></span> 
     </span>
    </p>
   </div>
   <div class='ocr_carea' id='block_1_7' title="bbox 145 1630 1978 2532">
    <p class='ocr_par' dir='ltr' id='par_1_9' title="bbox 145 1630 1978 2532">
     <span class='ocr_line' id='line_1_20' title="bbox 147 1630 1972 1685; baseline 0.001 -16"><span class='ocrx_word' id='word_1_140' title='bbox 147 1630 231 1670; x_wconf 90' lang='lat' dir='ltr'><strong>duo</strong></span> <span class='ocrx_word' id='word_1_141' title='bbox 265 1631 415 1671; x_wconf 85' lang='lat' dir='ltr'><strong>Leidd.</strong></span> <span class='ocrx_word' id='word_1_142' title='bbox 448 1633 638 1673; x_wconf 86' lang='lat' dir='ltr'><strong>Florent.</strong></span> <span class='ocrx_word' id='word_1_143' title='bbox 668 1638 756 1673; x_wconf 85' lang='lat' dir='ltr'><strong>tres</strong></span> <span class='ocrx_word' id='word_1_144' title='bbox 789 1633 910 1673; x_wconf 90' lang='lat' dir='ltr'><strong>Med.</strong></span> <span class='ocrx_word' id='word_1_145' title='bbox 941 1634 1094 1673; x_wconf 86' lang='lat' dir='ltr'><strong>Petav.</strong></span> <span class='ocrx_word' id='word_1_146' title='bbox 1115 1646 1178 1685; x_wconf 85' lang='lat' dir='ltr'><strong>pr.</strong></span> <span class='ocrx_word' id='word_1_147' title='bbox 1203 1634 1302 1674; x_wconf 90' lang='lat' dir='ltr'><strong>Pat.</strong></span> <span class='ocrx_word' id='word_1_148' title='bbox 1332 1632 1482 1673; x_wconf 87' lang='lat' dir='ltr'><strong>Ambr.</strong></span> <span class='ocrx_word' id='word_1_149' title='bbox 1505 1645 1587 1673; x_wconf 82' lang='lat' dir='ltr'><strong>sec.</strong></span> <span class='ocrx_word' id='word_1_150' title='bbox 1617 1634 1721 1672; x_wconf 64' lang='lat' dir='ltr'><strong>Low</strong></span> <span class='ocrx_word' id='word_1_151' title='bbox 1745 1632 1884 1672; x_wconf 89' lang='lat' dir='ltr'><strong>Oxon.</strong></span> <span class='ocrx_word' id='word_1_152' title='bbox 1906 1644 1972 1683; x_wconf 90' lang='lat' dir='ltr'><strong>pr.</strong></span> 
     </span>
     <span class='ocr_line' id='line_1_21' title="bbox 147 1684 1972 1737; baseline 0.002 -16"><span class='ocrx_word' id='word_1_153' title='bbox 147 1685 248 1723; x_wconf 74' lang='lat' dir='ltr'><strong>Vat.</strong></span> <span class='ocrx_word' id='word_1_154' title='bbox 270 1684 408 1725; x_wconf 89' lang='lat' dir='ltr'><strong>Livin.</strong></span> <span class='ocrx_word' id='word_1_155' title='bbox 426 1687 551 1725; x_wconf 86' lang='lat' dir='ltr'><strong>Voss.</strong></span> <span class='ocrx_word' id='word_1_156' title='bbox 575 1688 677 1727; x_wconf 83' lang='lat' dir='ltr'><strong>Exc.</strong></span> <span class='ocrx_word' id='word_1_157' title='bbox 706 1687 884 1727; x_wconf 85' lang='lat' dir='ltr'><strong>Gevart.</strong></span> <span class='ocrx_word' id='word_1_158' title='bbox 920 1693 963 1726; x_wconf 83' lang='lat' dir='ltr'><strong>et</strong></span> <span class='ocrx_word' id='word_1_159' title='bbox 997 1688 1178 1726; x_wconf 83' lang='lat' dir='ltr'><strong>Lucens.</strong></span> <span class='ocrx_word' id='word_1_160' title='bbox 1212 1700 1274 1737; x_wconf 83' lang='lat' dir='ltr'><strong>pr.</strong></span> <span class='ocrx_word' id='word_1_161' title='bbox 1320 1700 1389 1726; x_wconf 90' lang='lat' dir='ltr'><strong>nec</strong></span> <span class='ocrx_word' id='word_1_162' title='bbox 1423 1687 1525 1726; x_wconf 89' lang='lat' dir='ltr'><strong>Put.</strong></span> <span class='ocrx_word' id='word_1_163' title='bbox 1545 1687 1712 1725; x_wconf 85' lang='lat' dir='ltr'><strong>Bonon.</strong></span> <span class='ocrx_word' id='word_1_164' title='bbox 1733 1685 1884 1725; x_wconf 89' lang='lat' dir='ltr'><strong>Ambr.</strong></span> <span class='ocrx_word' id='word_1_165' title='bbox 1906 1696 1972 1736; x_wconf 88' lang='lat' dir='ltr'><strong>pr.</strong></span> 
     </span>
     <span class='ocr_line' id='line_1_22' title="bbox 148 1737 1974 1791; baseline 0.002 -17"><span class='ocrx_word' id='word_1_166' title='bbox 148 1737 305 1776; x_wconf 81' lang='lat' dir='ltr'><strong>hoeserit</strong></span> <span class='ocrx_word' id='word_1_167' title='bbox 319 1750 400 1788; x_wconf 74' lang='lat' dir='ltr'><strong>pro</strong></span> <span class='ocrx_word' id='word_1_168' title='bbox 420 1740 563 1778; x_wconf 82' lang='lat' dir='ltr'><strong>deserit</strong></span> <span class='ocrx_word' id='word_1_169' title='bbox 590 1740 730 1780; x_wconf 88' lang='lat' dir='ltr'><strong>Oxon.</strong></span> <span class='ocrx_word' id='word_1_170' title='bbox 751 1740 946 1790; x_wconf 59' lang='lat' dir='ltr'><strong>pia—413</strong></span> <span class='ocrx_word' id='word_1_171' title='bbox 974 1752 1021 1779; x_wconf 86' lang='lat' dir='ltr'><strong>en</strong></span> <span class='ocrx_word' id='word_1_172' title='bbox 1037 1745 1184 1780; x_wconf 84' lang='lat' dir='ltr'><strong>veteres</strong></span> <span class='ocrx_word' id='word_1_173' title='bbox 1202 1740 1320 1780; x_wconf 84' lang='lat' dir='ltr'><strong>Med.</strong></span> <span class='ocrx_word' id='word_1_174' title='bbox 1338 1753 1401 1791; x_wconf 89' lang='lat' dir='ltr'><strong>pr.</strong></span> <span class='ocrx_word' id='word_1_175' title='bbox 1445 1740 1693 1789; x_wconf 83' lang='lat' dir='ltr'><strong>Rhenumque</strong></span> <span class='ocrx_word' id='word_1_176' title='bbox 1712 1739 1974 1788; x_wconf 67' lang='lat' dir='ltr'><strong>Histrumque</strong></span> 
     </span>
     <span class='ocr_line' id='line_1_23' title="bbox 149 1790 1974 1845; baseline 0.001 -18"><span class='ocrx_word' id='word_1_177' title='bbox 149 1790 247 1829; x_wconf 73' lang='lat' dir='ltr'><strong>Vat.</strong></span> <span class='ocrx_word' id='word_1_178' title='bbox 267 1791 535 1841; x_wconf 53' lang='grc' dir='ltr'><strong>(μήκη-414</strong></span> <span class='ocrx_word' id='word_1_179' title='bbox 563 1797 736 1832; x_wconf 60' lang='lat' dir='ltr'><strong>nostrum</strong></span> <span class='ocrx_word' id='word_1_180' title='bbox 768 1795 887 1832; x_wconf 83' lang='lat' dir='ltr'><strong>larem</strong></span> <span class='ocrx_word' id='word_1_181' title='bbox 916 1794 1018 1833; x_wconf 89' lang='lat' dir='ltr'><strong>Lov.</strong></span> <span class='ocrx_word' id='word_1_182' title='bbox 1050 1794 1094 1832; x_wconf 91' lang='lat' dir='ltr'><strong>in</strong></span> <span class='ocrx_word' id='word_1_183' title='bbox 1125 1805 1208 1845; x_wconf 87' lang='lat' dir='ltr'><strong>quo</strong></span> <span class='ocrx_word' id='word_1_184' title='bbox 1240 1799 1384 1832; x_wconf 86' lang='lat' dir='ltr'><strong>tamen</strong></span> <span class='ocrx_word' id='word_1_185' title='bbox 1417 1792 1597 1843; x_wconf 85' lang='lat' dir='ltr'><strong>margini</strong></span> <span class='ocrx_word' id='word_1_186' title='bbox 1625 1792 1834 1842; x_wconf 83' lang='lat' dir='ltr'><strong>ascriptus</strong></span> <span class='ocrx_word' id='word_1_187' title='bbox 1863 1796 1974 1830; x_wconf 85' lang='lat' dir='ltr'><strong>erat.</strong></span> 
     </span>
     <span class='ocr_line' id='line_1_24' title="bbox 147 1842 1973 1896; baseline 0.001 -16"><span class='ocrx_word' id='word_1_188' title='bbox 147 1842 314 1882; x_wconf 78' lang='lat' dir='ltr'><strong>leviusne</strong></span> <span class='ocrx_word' id='word_1_189' title='bbox 332 1843 483 1883; x_wconf 86' lang='lat' dir='ltr'><strong>Ambr.</strong></span> <span class='ocrx_word' id='word_1_190' title='bbox 504 1857 570 1896; x_wconf 82' lang='lat' dir='ltr'><strong>pr.</strong></span> <span class='ocrx_word' id='word_1_191' title='bbox 591 1847 657 1884; x_wconf 87' lang='lat' dir='ltr'><strong>ed.</strong></span> <span class='ocrx_word' id='word_1_192' title='bbox 678 1847 820 1885; x_wconf 86' lang='lat' dir='ltr'><strong>Vicet.</strong></span> <span class='ocrx_word' id='word_1_193' title='bbox 867 1847 1061 1896; x_wconf 83' lang='lat' dir='ltr'><strong>leviusque</strong></span> <span class='ocrx_word' id='word_1_194' title='bbox 1080 1847 1270 1886; x_wconf 86' lang='lat' dir='ltr'><strong>Florent.</strong></span> <span class='ocrx_word' id='word_1_195' title='bbox 1291 1847 1390 1886; x_wconf 87' lang='lat' dir='ltr'><strong>Vat.</strong></span> <span class='ocrx_word' id='word_1_196' title='bbox 1411 1845 1551 1884; x_wconf 87' lang='lat' dir='ltr'><strong>Livin.</strong></span> <span class='ocrx_word' id='word_1_197' title='bbox 1598 1845 1764 1883; x_wconf 68' lang='lat' dir='ltr'><strong>leviusve</strong></span> <span class='ocrx_word' id='word_1_198' title='bbox 1783 1844 1884 1883; x_wconf 86' lang='lat' dir='ltr'><strong>Vat.</strong></span> <span class='ocrx_word' id='word_1_199' title='bbox 1905 1856 1973 1894; x_wconf 86' lang='lat' dir='ltr'><strong>pr.</strong></span> 
     </span>
     <span class='ocr_line' id='line_1_25' title="bbox 148 1896 1974 1950; baseline 0.001 -16"><span class='ocrx_word' id='word_1_200' title='bbox 148 1900 194 1934; x_wconf 86' lang='lat' dir='ltr'><strong>et</strong></span> <span class='ocrx_word' id='word_1_201' title='bbox 214 1900 317 1934; x_wconf 88' lang='lat' dir='ltr'><strong>tert.</strong></span> <span class='ocrx_word' id='word_1_202' title='bbox 339 1896 472 1937; x_wconf 86' lang='lat' dir='ltr'><strong>Oisel.</strong></span> <span class='ocrx_word' id='word_1_203' title='bbox 491 1898 572 1937; x_wconf 90' lang='lat' dir='ltr'><strong>inc.</strong></span> <span class='ocrx_word' id='word_1_204' title='bbox 593 1899 746 1937; x_wconf 86' lang='lat' dir='ltr'><strong>Heius.</strong></span> <span class='ocrx_word' id='word_1_205' title='bbox 762 1899 886 1938; x_wconf 80' lang='lat' dir='ltr'><strong>Leid.</strong></span> <span class='ocrx_word' id='word_1_206' title='bbox 910 1912 972 1950; x_wconf 85' lang='lat' dir='ltr'><strong>pr.</strong></span> <span class='ocrx_word' id='word_1_207' title='bbox 1002 1899 1149 1938; x_wconf 90' lang='lat' dir='ltr'><strong>Ambr.</strong></span> <span class='ocrx_word' id='word_1_208' title='bbox 1178 1911 1262 1938; x_wconf 89' lang='lat' dir='ltr'><strong>sec.</strong></span> <span class='ocrx_word' id='word_1_209' title='bbox 1291 1900 1397 1939; x_wconf 83' lang='lat' dir='ltr'><strong>Exc.</strong></span> <span class='ocrx_word' id='word_1_210' title='bbox 1431 1898 1607 1937; x_wconf 85' lang='lat' dir='ltr'><strong>Lucens.</strong></span> <span class='ocrx_word' id='word_1_211' title='bbox 1639 1909 1701 1947; x_wconf 87' lang='lat' dir='ltr'><strong>pr.</strong></span> <span class='ocrx_word' id='word_1_212' title='bbox 1719 1898 1823 1936; x_wconf 87' lang='lat' dir='ltr'><strong>Var.</strong></span> <span class='ocrx_word' id='word_1_213' title='bbox 1844 1896 1929 1936; x_wconf 89' lang='lat' dir='ltr'><strong>LL.</strong></span> <span class='ocrx_word' id='word_1_214' title='bbox 1948 1907 1974 1936; x_wconf 82' lang='lat' dir='ltr'><strong>e</strong></span> 
     </span>
     <span class='ocr_line' id='line_1_26' title="bbox 147 1948 1975 1999; baseline 0.001 -12"><span class='ocrx_word' id='word_1_215' title='bbox 147 1960 280 1999; x_wconf 81' lang='lat' dir='ltr'><strong>marg.</strong></span> <span class='ocrx_word' id='word_1_216' title='bbox 299 1948 441 1989; x_wconf 77' lang='lat' dir='ltr'><strong>Parin.</strong></span> <span class='ocrx_word' id='word_1_217' title='bbox 488 1951 669 1990; x_wconf 77' lang='lat' dir='ltr'><strong>meliusve</strong></span> <span class='ocrx_word' id='word_1_218' title='bbox 690 1951 809 1990; x_wconf 87' lang='lat' dir='ltr'><strong>Leid.</strong></span> <span class='ocrx_word' id='word_1_219' title='bbox 829 1964 913 1991; x_wconf 83' lang='lat' dir='ltr'><strong>sec.</strong></span> <span class='ocrx_word' id='word_1_220' title='bbox 938 1952 1059 1990; x_wconf 89' lang='lat' dir='ltr'><strong>Voss.</strong></span> <span class='ocrx_word' id='word_1_221' title='bbox 1083 1952 1246 1991; x_wconf 88' lang='lat' dir='ltr'><strong>Bonon.</strong></span> <span class='ocrx_word' id='word_1_222' title='bbox 1267 1952 1364 1991; x_wconf 81' lang='lat' dir='ltr'><strong>Pat.</strong></span> <span class='ocrx_word' id='word_1_223' title='bbox 1406 1950 1589 1990; x_wconf 84' lang='lat' dir='ltr'><strong>meliusne</strong></span> <span class='ocrx_word' id='word_1_224' title='bbox 1607 1950 1691 1988; x_wconf 87' lang='lat' dir='ltr'><strong>duo</strong></span> <span class='ocrx_word' id='word_1_225' title='bbox 1709 1950 1831 1989; x_wconf 88' lang='lat' dir='ltr'><strong>Vatt.</strong></span> <span class='ocrx_word' id='word_1_226' title='bbox 1857 1949 1975 1989; x_wconf 86' lang='lat' dir='ltr'><strong>Prie.</strong></span> 
     </span>
     <span class='ocr_line' id='line_1_27' title="bbox 147 1999 1977 2053; baseline 0 -13"><span class='ocrx_word' id='word_1_227' title='bbox 147 2013 204 2040; x_wconf 88' lang='lat' dir='ltr'><strong>m.</strong></span> <span class='ocrx_word' id='word_1_228' title='bbox 240 2014 306 2053; x_wconf 87' lang='lat' dir='ltr'><strong>pr.</strong></span> <span class='ocrx_word' id='word_1_229' title='bbox 332 2002 451 2042; x_wconf 88' lang='lat' dir='ltr'><strong>Med.</strong></span> <span class='ocrx_word' id='word_1_230' title='bbox 486 2014 571 2043; x_wconf 87' lang='lat' dir='ltr'><strong>sec.</strong></span> <span class='ocrx_word' id='word_1_231' title='bbox 598 2005 761 2043; x_wconf 85' lang='lat' dir='ltr'><strong>Thuan.</strong></span> <span class='ocrx_word' id='word_1_232' title='bbox 798 2005 967 2044; x_wconf 88' lang='lat' dir='ltr'><strong>Tholos.</strong></span> <span class='ocrx_word' id='word_1_233' title='bbox 987 2011 1075 2043; x_wconf 84' lang='lat' dir='ltr'><strong>tres</strong></span> <span class='ocrx_word' id='word_1_234' title='bbox 1094 2004 1248 2043; x_wconf 87' lang='lat' dir='ltr'><strong>Petav.</strong></span> <span class='ocrx_word' id='word_1_235' title='bbox 1271 2004 1415 2044; x_wconf 85' lang='lat' dir='ltr'><strong>Oxou.</strong></span> <span class='ocrx_word' id='word_1_236' title='bbox 1435 2015 1519 2042; x_wconf 84' lang='lat' dir='ltr'><strong>sec.</strong></span> <span class='ocrx_word' id='word_1_237' title='bbox 1541 2004 1701 2041; x_wconf 73' lang='lat' dir='ltr'><strong>Mon-et.</strong></span> <span class='ocrx_word' id='word_1_238' title='bbox 1723 2013 1807 2040; x_wconf 87' lang='lat' dir='ltr'><strong>sec.</strong></span> <span class='ocrx_word' id='word_1_239' title='bbox 1827 1999 1977 2040; x_wconf 86' lang='lat' dir='ltr'><strong>Ambr.</strong></span> 
     </span>
     <span class='ocr_line' id='line_1_28' title="bbox 148 2054 1977 2107; baseline -0.001 -14"><span class='ocrx_word' id='word_1_240' title='bbox 148 2059 251 2094; x_wconf 88' lang='lat' dir='ltr'><strong>tert.</strong></span> <span class='ocrx_word' id='word_1_241' title='bbox 270 2056 377 2095; x_wconf 85' lang='lat' dir='ltr'><strong>Exc.</strong></span> <span class='ocrx_word' id='word_1_242' title='bbox 398 2056 579 2096; x_wconf 84' lang='lat' dir='ltr'><strong>Gevart.</strong></span> <span class='ocrx_word' id='word_1_243' title='bbox 595 2058 696 2095; x_wconf 85' lang='lat' dir='ltr'><strong>Var.</strong></span> <span class='ocrx_word' id='word_1_244' title='bbox 726 2058 809 2097; x_wconf 87' lang='lat' dir='ltr'><strong>LL.</strong></span> <span class='ocrx_word' id='word_1_245' title='bbox 830 2058 899 2096; x_wconf 85' lang='lat' dir='ltr'><strong>ed.</strong></span> <span class='ocrx_word' id='word_1_246' title='bbox 922 2057 1052 2096; x_wconf 85' lang='lat' dir='ltr'><strong>Antv.</strong></span> <span class='ocrx_word' id='word_1_247' title='bbox 1095 2057 1302 2107; x_wconf 80' lang='lat' dir='ltr'><strong>meliusque</strong></span> <span class='ocrx_word' id='word_1_248' title='bbox 1322 2057 1405 2095; x_wconf 89' lang='lat' dir='ltr'><strong>duo</strong></span> <span class='ocrx_word' id='word_1_249' title='bbox 1426 2056 1544 2094; x_wconf 88' lang='lat' dir='ltr'><strong>Med.</strong></span> <span class='ocrx_word' id='word_1_250' title='bbox 1566 2055 1661 2094; x_wconf 87' lang='lat' dir='ltr'><strong>Pal.</strong></span> <span class='ocrx_word' id='word_1_251' title='bbox 1710 2054 1892 2093; x_wconf 79' lang='lat' dir='ltr'><strong>meliusne</strong></span> <span class='ocrx_word' id='word_1_252' title='bbox 1909 2054 1977 2093; x_wconf 89' lang='lat' dir='ltr'><strong>vel</strong></span> 
     </span>
     <span class='ocr_line' id='line_1_29' title="bbox 147 2107 1977 2161; baseline 0 -15"><span class='ocrx_word' id='word_1_253' title='bbox 147 2107 327 2147; x_wconf 85' lang='lat' dir='ltr'><strong>meliusve</strong></span> <span class='ocrx_word' id='word_1_254' title='bbox 345 2109 444 2149; x_wconf 88' lang='lat' dir='ltr'><strong>Vat.</strong></span> <span class='ocrx_word' id='word_1_255' title='bbox 465 2114 604 2161; x_wconf 79' lang='lat' dir='ltr'><strong>quart.</strong></span> <span class='ocrx_word' id='word_1_256' title='bbox 633 2111 790 2149; x_wconf 83' lang='lat' dir='ltr'><strong>timebat</strong></span> <span class='ocrx_word' id='word_1_257' title='bbox 810 2111 905 2149; x_wconf 83' lang='lat' dir='ltr'><strong>Pal.</strong></span> <span class='ocrx_word' id='word_1_258' title='bbox 926 2111 1008 2149; x_wconf 90' lang='lat' dir='ltr'><strong>duo</strong></span> <span class='ocrx_word' id='word_1_259' title='bbox 1028 2109 1148 2149; x_wconf 89' lang='lat' dir='ltr'><strong>Med.</strong></span> <span class='ocrx_word' id='word_1_260' title='bbox 1172 2109 1359 2149; x_wconf 77' lang='lat' dir='ltr'><strong>timebant</strong></span> <span class='ocrx_word' id='word_1_261' title='bbox 1380 2114 1561 2160; x_wconf 83' lang='lat' dir='ltr'><strong>quatuor</strong></span> <span class='ocrx_word' id='word_1_262' title='bbox 1575 2109 1694 2146; x_wconf 87' lang='lat' dir='ltr'><strong>Vatt.</strong></span> <span class='ocrx_word' id='word_1_263' title='bbox 1710 2107 1837 2145; x_wconf 85' lang='lat' dir='ltr'><strong>Farn.</strong></span> <span class='ocrx_word' id='word_1_264' title='bbox 1860 2107 1977 2146; x_wconf 85' lang='lat' dir='ltr'><strong>Rott.</strong></span> 
     </span>
     <span class='ocr_line' id='line_1_30' title="bbox 146 2159 1975 2213; baseline -0.001 -14"><span class='ocrx_word' id='word_1_265' title='bbox 146 2161 344 2200; x_wconf 81' lang='lat' dir='ltr'><strong>tumebant</strong></span> <span class='ocrx_word' id='word_1_266' title='bbox 372 2162 474 2203; x_wconf 88' lang='lat' dir='ltr'><strong>Jun.</strong></span> <span class='ocrx_word' id='word_1_267' title='bbox 511 2174 573 2213; x_wconf 88' lang='lat' dir='ltr'><strong>pr.</strong></span> <span class='ocrx_word' id='word_1_268' title='bbox 621 2163 834 2202; x_wconf 80' lang='lat' dir='ltr'><strong>tremebant</strong></span> <span class='ocrx_word' id='word_1_269' title='bbox 869 2162 1028 2202; x_wconf 63' lang='lat' dir='ltr'><strong>Ambr.*</strong></span> <span class='ocrx_word' id='word_1_270' title='bbox 1050 2165 1289 2202; x_wconf 65' lang='lat' dir='ltr'><strong>tem—416</strong></span> <span class='ocrx_word' id='word_1_271' title='bbox 1313 2166 1488 2213; x_wconf 79' lang='lat' dir='ltr'><strong>peterent</strong></span> <span class='ocrx_word' id='word_1_272' title='bbox 1512 2161 1608 2199; x_wconf 86' lang='lat' dir='ltr'><strong>Pat.</strong></span> <span class='ocrx_word' id='word_1_273' title='bbox 1627 2161 1725 2200; x_wconf 84' lang='lat' dir='ltr'><strong>Jun.</strong></span> <span class='ocrx_word' id='word_1_274' title='bbox 1746 2171 1812 2209; x_wconf 87' lang='lat' dir='ltr'><strong>pr.</strong></span> <span class='ocrx_word' id='word_1_275' title='bbox 1833 2159 1975 2199; x_wconf 85' lang='lat' dir='ltr'><strong>Oxou.</strong></span> 
     </span>
     <span class='ocr_line' id='line_1_31' title="bbox 147 2211 1973 2267; baseline -0.002 -14"><span class='ocrx_word' id='word_1_276' title='bbox 147 2225 232 2254; x_wconf 88' lang='lat' dir='ltr'><strong>sec.</strong></span> <span class='ocrx_word' id='word_1_277' title='bbox 281 2227 403 2254; x_wconf 86' lang='lat' dir='ltr'><strong>meam</strong></span> <span class='ocrx_word' id='word_1_278' title='bbox 436 2216 542 2255; x_wconf 86' lang='lat' dir='ltr'><strong>Exc.</strong></span> <span class='ocrx_word' id='word_1_279' title='bbox 575 2215 682 2257; x_wconf 92' lang='lat' dir='ltr'><strong>Cod.</strong></span> <span class='ocrx_word' id='word_1_280' title='bbox 720 2217 872 2256; x_wconf 85' lang='lat' dir='ltr'><strong>Rhem.</strong></span> <span class='ocrx_word' id='word_1_281' title='bbox 919 2219 1108 2267; x_wconf 83' lang='lat' dir='ltr'><strong>spectaret</strong></span> <span class='ocrx_word' id='word_1_282' title='bbox 1141 2215 1262 2255; x_wconf 87' lang='lat' dir='ltr'><strong>Med.</strong></span> <span class='ocrx_word' id='word_1_283' title='bbox 1294 2217 1530 2254; x_wconf 55' lang='grc' dir='ltr'><strong>ωτι-417</strong></span> <span class='ocrx_word' id='word_1_284' title='bbox 1575 2213 1683 2252; x_wconf 86' lang='lat' dir='ltr'><strong>Hinc</strong></span> <span class='ocrx_word' id='word_1_285' title='bbox 1720 2211 1839 2251; x_wconf 89' lang='lat' dir='ltr'><strong>Med.</strong></span> <span class='ocrx_word' id='word_1_286' title='bbox 1870 2217 1973 2251; x_wconf 87' lang='lat' dir='ltr'><strong>tert.</strong></span> 
     </span>
     <span class='ocr_line' id='line_1_32' title="bbox 146 2265 1973 2320; baseline -0.002 -14"><span class='ocrx_word' id='word_1_287' title='bbox 146 2265 295 2307; x_wconf 87' lang='lat' dir='ltr'><strong>Ambr.</strong></span> <span class='ocrx_word' id='word_1_288' title='bbox 317 2274 415 2307; x_wconf 86' lang='lat' dir='ltr'><strong>tert.</strong></span> <span class='ocrx_word' id='word_1_289' title='bbox 459 2269 546 2320; x_wconf 83' lang='lat' dir='ltr'><strong>quis</strong></span> <span class='ocrx_word' id='word_1_290' title='bbox 566 2268 712 2309; x_wconf 92' lang='lat' dir='ltr'><strong>Ambr.</strong></span> <span class='ocrx_word' id='word_1_291' title='bbox 732 2282 798 2320; x_wconf 87' lang='lat' dir='ltr'><strong>pr.</strong></span> <span class='ocrx_word' id='word_1_292' title='bbox 844 2270 983 2309; x_wconf 83' lang='lat' dir='ltr'><strong>nuntia</strong></span> <span class='ocrx_word' id='word_1_293' title='bbox 1018 2280 1095 2320; x_wconf 86' lang='lat' dir='ltr'><strong>pro</strong></span> <span class='ocrx_word' id='word_1_294' title='bbox 1123 2273 1259 2307; x_wconf 83' lang='lat' dir='ltr'><strong>mutua</strong></span> <span class='ocrx_word' id='word_1_295' title='bbox 1287 2267 1407 2307; x_wconf 85' lang='lat' dir='ltr'><strong>Leid.</strong></span> <span class='ocrx_word' id='word_1_296' title='bbox 1437 2279 1522 2306; x_wconf 82' lang='lat' dir='ltr'><strong>sec.</strong></span> <span class='ocrx_word' id='word_1_297' title='bbox 1554 2265 1674 2305; x_wconf 90' lang='lat' dir='ltr'><strong>Med.</strong></span> <span class='ocrx_word' id='word_1_298' title='bbox 1705 2270 1844 2316; x_wconf 83' lang='lat' dir='ltr'><strong>quart.</strong></span> <span class='ocrx_word' id='word_1_299' title='bbox 1865 2265 1973 2304; x_wconf 81' lang='lat' dir='ltr'><strong>Exc.</strong></span> 
     </span>
     <span class='ocr_line' id='line_1_33' title="bbox 148 2318 1978 2373; baseline -0.002 -14"><span class='ocrx_word' id='word_1_300' title='bbox 148 2320 328 2361; x_wconf 86' lang='lat' dir='ltr'><strong>Gevart.</strong></span> <span class='ocrx_word' id='word_1_301' title='bbox 376 2322 531 2361; x_wconf 80' lang='lat' dir='ltr'><strong>.Martia</strong></span> <span class='ocrx_word' id='word_1_302' title='bbox 550 2324 635 2364; x_wconf 70' lang='lat' dir='ltr'><strong>,vel</strong></span> <span class='ocrx_word' id='word_1_303' title='bbox 668 2322 783 2361; x_wconf 81' lang='lat' dir='ltr'><strong>unica</strong></span> <span class='ocrx_word' id='word_1_304' title='bbox 811 2321 1069 2373; x_wconf 79' lang='lat' dir='ltr'><strong>conjiciebat</strong></span> <span class='ocrx_word' id='word_1_305' title='bbox 1108 2321 1394 2360; x_wconf 82' lang='lat' dir='ltr'><strong>Heins.-418</strong></span> <span class='ocrx_word' id='word_1_306' title='bbox 1421 2320 1500 2358; x_wconf 81' lang='lat' dir='ltr'><strong>tuis</strong></span> <span class='ocrx_word' id='word_1_307' title='bbox 1532 2330 1609 2369; x_wconf 87' lang='lat' dir='ltr'><strong>pro</strong></span> <span class='ocrx_word' id='word_1_308' title='bbox 1639 2330 1772 2357; x_wconf 79' lang='lat' dir='ltr'><strong>nomen</strong></span> <span class='ocrx_word' id='word_1_309' title='bbox 1805 2318 1978 2356; x_wconf 88' lang='lat' dir='ltr'><strong>Tholos.</strong></span> 
     </span>
     <span class='ocr_line' id='line_1_34' title="bbox 145 2370 1977 2426; baseline -0.002 -14"><span class='ocrx_word' id='word_1_310' title='bbox 145 2375 348 2425; x_wconf 78' lang='lat' dir='ltr'><strong>ademptas</strong></span> <span class='ocrx_word' id='word_1_311' title='bbox 364 2375 465 2415; x_wconf 80' lang='lat' dir='ltr'><strong>Jun.</strong></span> <span class='ocrx_word' id='word_1_312' title='bbox 483 2387 547 2426; x_wconf 87' lang='lat' dir='ltr'><strong>pr.</strong></span> <span class='ocrx_word' id='word_1_313' title='bbox 575 2377 760 2425; x_wconf 76' lang='lat' dir='ltr'><strong>adeptans</strong></span> <span class='ocrx_word' id='word_1_314' title='bbox 781 2375 922 2414; x_wconf 86' lang='lat' dir='ltr'><strong>Oxon&#39;.</strong></span> <span class='ocrx_word' id='word_1_315' title='bbox 943 2386 1028 2413; x_wconf 83' lang='lat' dir='ltr'><strong>sec.</strong></span> <span class='ocrx_word' id='word_1_316' title='bbox 1056 2375 1248 2423; x_wconf 79' lang='lat' dir='ltr'><strong>adaptans</strong></span> <span class='ocrx_word' id='word_1_317' title='bbox 1262 2373 1366 2412; x_wconf 88' lang='lat' dir='ltr'><strong>Lov.</strong></span> <span class='ocrx_word' id='word_1_318' title='bbox 1385 2385 1440 2411; x_wconf 88' lang='lat' dir='ltr'><strong>m.</strong></span> <span class='ocrx_word' id='word_1_319' title='bbox 1459 2373 1660 2423; x_wconf 58' lang='lat' dir='ltr'><strong>pia—419</strong></span> <span class='ocrx_word' id='word_1_320' title='bbox 1686 2382 1772 2408; x_wconf 87' lang='lat' dir='ltr'><strong>cum</strong></span> <span class='ocrx_word' id='word_1_321' title='bbox 1786 2370 1977 2418; x_wconf 77' lang='lat' dir='ltr'><strong>sanguine</strong></span> 
     </span>
     <span class='ocr_line' id='line_1_35' title="bbox 146 2423 1974 2476; baseline -0.003 -11"><span class='ocrx_word' id='word_1_322' title='bbox 146 2427 440 2466; x_wconf 67' lang='lat' dir='ltr'><strong>&#39;stiuam—420</strong></span> <span class='ocrx_word' id='word_1_323' title='bbox 464 2429 571 2467; x_wconf 84' lang='lat' dir='ltr'><strong>Hinc</strong></span> <span class='ocrx_word' id='word_1_324' title='bbox 590 2428 724 2467; x_wconf 89' lang='lat' dir='ltr'><strong>Oisel.</strong></span> <span class='ocrx_word' id='word_1_325' title='bbox 744 2428 864 2467; x_wconf 90' lang='lat' dir='ltr'><strong>Med.</strong></span> <span class='ocrx_word' id='word_1_326' title='bbox 884 2433 986 2467; x_wconf 87' lang='lat' dir='ltr'><strong>tert.</strong></span> <span class='ocrx_word' id='word_1_327' title='bbox 1014 2426 1193 2466; x_wconf 79' lang='lat' dir='ltr'><strong>deductis</strong></span> <span class='ocrx_word' id='word_1_328' title='bbox 1213 2438 1291 2476; x_wconf 89' lang='lat' dir='ltr'><strong>pro</strong></span> <span class='ocrx_word' id='word_1_329' title='bbox 1309 2427 1497 2465; x_wconf 73' lang='lat' dir='ltr'><strong>deducens</strong></span> <span class='ocrx_word' id='word_1_330' title='bbox 1513 2423 1660 2463; x_wconf 81' lang='lat' dir='ltr'><strong>Ambr.</strong></span> <span class='ocrx_word' id='word_1_331' title='bbox 1677 2434 1742 2473; x_wconf 83' lang='lat' dir='ltr'><strong>pr.</strong></span> <span class='ocrx_word' id='word_1_332' title='bbox 1772 2423 1974 2461; x_wconf 83' lang='lat' dir='ltr'><strong>deduceret</strong></span> 
     </span>
     <span class='ocr_line' id='line_1_36' title="bbox 148 2474 1975 2532; baseline -0.004 -13"><span class='ocrx_word' id='word_1_333' title='bbox 148 2480 311 2520; x_wconf 87' lang='lat' dir='ltr'><strong>Moret.</strong></span> <span class='ocrx_word' id='word_1_334' title='bbox 333 2492 396 2531; x_wconf 88' lang='lat' dir='ltr'><strong>pr.</strong></span> <span class='ocrx_word' id='word_1_335' title='bbox 443 2485 606 2520; x_wconf 88' lang='lat' dir='ltr'><strong>matrem</strong></span> <span class='ocrx_word' id='word_1_336' title='bbox 627 2493 703 2532; x_wconf 88' lang='lat' dir='ltr'><strong>pro</strong></span> <span class='ocrx_word' id='word_1_337' title='bbox 723 2482 896 2520; x_wconf 77' lang='lat' dir='ltr'><strong>Nervam</strong></span> <span class='ocrx_word' id='word_1_338' title='bbox 915 2478 1035 2520; x_wconf 89' lang='lat' dir='ltr'><strong>Med.</strong></span> <span class='ocrx_word' id='word_1_339' title='bbox 1058 2481 1293 2518; x_wconf 62' lang='lat' dir='ltr'><strong>terh—421</strong></span> <span class='ocrx_word' id='word_1_340' title='bbox 1319 2478 1428 2529; x_wconf 81' lang='lat' dir='ltr'><strong>piam</strong></span> <span class='ocrx_word' id='word_1_341' title='bbox 1458 2488 1534 2528; x_wconf 89' lang='lat' dir='ltr'><strong>pro</strong></span> <span class='ocrx_word' id='word_1_342' title='bbox 1562 2476 1637 2515; x_wconf 84' lang='lat' dir='ltr'><strong>Pii</strong></span> <span class='ocrx_word' id='word_1_343' title='bbox 1669 2475 1790 2515; x_wconf 84' lang='lat' dir='ltr'><strong>Rott.</strong></span> <span class='ocrx_word' id='word_1_344' title='bbox 1834 2474 1975 2514; x_wconf 80' lang='lat' dir='ltr'><strong>Sereni</strong></span> 
     </span>
    </p>
   </div>
   <div class='ocr_carea' id='block_1_8' title="bbox 967 2610 1146 2652">
    <p class='ocr_par' dir='ltr' id='par_1_10' title="bbox 967 2610 1146 2652">
     <span class='ocr_line' id='line_1_37' title="bbox 967 2610 1146 2652; baseline -0.011 -1"><span class='ocrx_word' id='word_1_345' title='bbox 967 2611 1007 2651; x_wconf 91' lang='lat' dir='ltr'>N</span> <span class='ocrx_word' id='word_1_346' title='bbox 1016 2610 1146 2652; x_wconf 75' lang='lat' dir='ltr'><strong>01*AE</strong></span> 
     </span>
    </p>
   </div>
   <div class='ocr_carea' id='block_1_9' title="bbox 0 2120 53 3906">
    <p class='ocr_par' dir='ltr' id='par_1_11' title="bbox 0 2120 53 3906">
     <span class='ocr_line' id='line_1_38' title="bbox 0 2120 53 3906; baseline 0 0"><span class='ocrx_word' id='word_1_347' title='bbox 0 2120 53 3906; x_wconf 95' lang='lat' dir='ltr'><strong> </strong></span> 
     </span>
    </p>
   </div>
   <div class='ocr_carea' id='block_1_10' title="bbox 149 2711 1036 3459">
    <p class='ocr_par' dir='ltr' id='par_1_12' title="bbox 149 2711 1034 3130">
     <span class='ocr_line' id='line_1_39' title="bbox 202 2711 1031 2764; baseline -0.004 -10"><span class='ocrx_word' id='word_1_348' title='bbox 202 2719 281 2754; x_wconf 80' lang='grc'><strong>417</strong></span> <span class='ocrx_word' id='word_1_349' title='bbox 309 2715 455 2755; x_wconf 85' lang='lat' dir='ltr'><strong>Mutua</strong></span> <span class='ocrx_word' id='word_1_350' title='bbox 473 2712 619 2764; x_wconf 76' lang='lat' dir='ltr'><strong>virtus]</strong></span> <span class='ocrx_word' id='word_1_351' title='bbox 647 2713 699 2753; x_wconf 89' lang='lat' dir='ltr'><strong>Id</strong></span> <span class='ocrx_word' id='word_1_352' title='bbox 717 2718 800 2762; x_wconf 88' lang='lat' dir='ltr'><strong>est,</strong></span> <span class='ocrx_word' id='word_1_353' title='bbox 819 2712 952 2752; x_wconf 85' lang='lat' dir='ltr'><strong>virtus</strong></span> <span class='ocrx_word' id='word_1_354' title='bbox 973 2711 1031 2751; x_wconf 93' lang='lat' dir='ltr'><strong>vi-</strong></span> 
     </span>
     <span class='ocr_line' id='line_1_40' title="bbox 150 2775 1031 2828; baseline -0.005 -10"><span class='ocrx_word' id='word_1_355' title='bbox 150 2778 291 2818; x_wconf 79' lang='lat' dir='ltr'><strong>cissim</strong></span> <span class='ocrx_word' id='word_1_356' title='bbox 344 2778 534 2828; x_wconf 82' lang='lat' dir='ltr'><strong>eligebat</strong></span> <span class='ocrx_word' id='word_1_357' title='bbox 554 2790 565 2825; x_wconf 92' lang='lat'>;</span> <span class='ocrx_word' id='word_1_358' title='bbox 617 2789 714 2815; x_wconf 89' lang='lat' dir='ltr'><strong>nam</strong></span> <span class='ocrx_word' id='word_1_359' title='bbox 754 2776 824 2828; x_wconf 88' lang='lat' dir='ltr'><strong>qui</strong></span> <span class='ocrx_word' id='word_1_360' title='bbox 874 2775 1031 2815; x_wconf 88' lang='lat' dir='ltr'><strong>virtute</strong></span> 
     </span>
     <span class='ocr_line' id='line_1_41' title="bbox 151 2836 1032 2891; baseline 0 -13"><span class='ocrx_word' id='word_1_361' title='bbox 151 2840 355 2891; x_wconf 83' lang='lat' dir='ltr'><strong>praeditus</strong></span> <span class='ocrx_word' id='word_1_362' title='bbox 394 2846 489 2880; x_wconf 88' lang='lat' dir='ltr'><strong>erat</strong></span> <span class='ocrx_word' id='word_1_363' title='bbox 525 2839 716 2891; x_wconf 82' lang='lat' dir='ltr'><strong>eligebat</strong></span> <span class='ocrx_word' id='word_1_364' title='bbox 759 2838 955 2890; x_wconf 90' lang='lat' dir='ltr'><strong>probum,</strong></span> <span class='ocrx_word' id='word_1_365' title='bbox 986 2836 1032 2878; x_wconf 68' lang='lat' dir='ltr'><strong>et</strong></span> 
     </span>
     <span class='ocr_line' id='line_1_42' title="bbox 149 2901 1034 2955; baseline 0 -14"><span class='ocrx_word' id='word_1_366' title='bbox 149 2903 239 2955; x_wconf 87' lang='lat' dir='ltr'><strong>ipse</strong></span> <span class='ocrx_word' id='word_1_367' title='bbox 260 2902 504 2953; x_wconf 82' lang='lat' dir='ltr'><strong>eligebatur</strong></span> <span class='ocrx_word' id='word_1_368' title='bbox 534 2908 680 2942; x_wconf 88' lang='lat' dir='ltr'><strong>mutuo</strong></span> <span class='ocrx_word' id='word_1_369' title='bbox 704 2914 779 2941; x_wconf 90' lang='lat' dir='ltr'><strong>seu</strong></span> <span class='ocrx_word' id='word_1_370' title='bbox 808 2901 989 2941; x_wconf 85' lang='lat' dir='ltr'><strong>vicissim</strong></span> <span class='ocrx_word' id='word_1_371' title='bbox 1008 2914 1034 2941; x_wconf 85' lang='lat' dir='ltr'><strong>a</strong></span> 
     </span>
     <span class='ocr_line' id='line_1_43' title="bbox 152 2963 1034 3017; baseline -0.002 -13"><span class='ocrx_word' id='word_1_372' title='bbox 152 2964 299 3016; x_wconf 83' lang='lat' dir='ltr'><strong>probis</strong></span> <span class='ocrx_word' id='word_1_373' title='bbox 316 2979 325 3004; x_wconf 90' lang='lat'><strong>:</strong></span> <span class='ocrx_word' id='word_1_374' title='bbox 355 2977 427 3004; x_wconf 86' lang='lat' dir='ltr'><strong>seu</strong></span> <span class='ocrx_word' id='word_1_375' title='bbox 447 2966 575 3004; x_wconf 81' lang='lat' dir='ltr'><strong>virtus</strong></span> <span class='ocrx_word' id='word_1_376' title='bbox 591 2969 725 3017; x_wconf 68' lang='lat' dir='ltr'><strong>mutua</strong></span> <span class='ocrx_word' id='word_1_377' title='bbox 744 2964 858 3014; x_wconf 85' lang='lat' dir='ltr'><strong>legit,</strong></span> <span class='ocrx_word' id='word_1_378' title='bbox 889 2963 931 3002; x_wconf 86' lang='lat' dir='ltr'><strong>id</strong></span> <span class='ocrx_word' id='word_1_379' title='bbox 952 2970 1034 3013; x_wconf 86' lang='lat' dir='ltr'><strong>est,</strong></span> 
     </span>
     <span class='ocr_line' id='line_1_44' title="bbox 152 3027 1034 3080; baseline 0 -13"><span class='ocrx_word' id='word_1_380' title='bbox 152 3028 311 3067; x_wconf 80' lang='lat' dir='ltr'><strong>virtute</strong></span> <span class='ocrx_word' id='word_1_381' title='bbox 341 3029 561 3080; x_wconf 89' lang='lat' dir='ltr'><strong>conspicui</strong></span> <span class='ocrx_word' id='word_1_382' title='bbox 592 3040 686 3068; x_wconf 86' lang='lat' dir='ltr'><strong>sese</strong></span> <span class='ocrx_word' id='word_1_383' title='bbox 707 3032 852 3067; x_wconf 88' lang='lat' dir='ltr'><strong>mutuo</strong></span> <span class='ocrx_word' id='word_1_384' title='bbox 871 3027 1034 3078; x_wconf 86' lang='lat' dir='ltr'><strong>eligunt</strong></span> 
     </span>
     <span class='ocr_line' id='line_1_45' title="bbox 153 3088 421 3130; baseline 0 -1"><span class='ocrx_word' id='word_1_385' title='bbox 153 3088 207 3129; x_wconf 81' lang='lat' dir='ltr'><strong>ad</strong></span> <span class='ocrx_word' id='word_1_386' title='bbox 226 3090 421 3130; x_wconf 87' lang='lat' dir='ltr'><strong>honores.</strong></span> 
     </span>
    </p>

    <p class='ocr_par' dir='ltr' id='par_1_13' title="bbox 152 3152 1035 3271">
     <span class='ocr_line' id='line_1_46' title="bbox 204 3152 1035 3204; baseline -0.002 -12"><span class='ocrx_word' id='word_1_387' title='bbox 204 3155 285 3193; x_wconf 82' lang='lat'><strong>418</strong></span> <span class='ocrx_word' id='word_1_388' title='bbox 304 3153 353 3192; x_wconf 87' lang='lat' dir='ltr'><strong>In</strong></span> <span class='ocrx_word' id='word_1_389' title='bbox 371 3152 524 3203; x_wconf 86' lang='lat' dir='ltr'><strong>nomen]</strong></span> <span class='ocrx_word' id='word_1_390' title='bbox 558 3153 611 3194; x_wconf 88' lang='lat' dir='ltr'><strong>In</strong></span> <span class='ocrx_word' id='word_1_391' title='bbox 623 3165 777 3192; x_wconf 89' lang='lat' dir='ltr'><strong>nomen</strong></span> <span class='ocrx_word' id='word_1_392' title='bbox 790 3153 1035 3204; x_wconf 88' lang='lat' dir='ltr'><strong>Consulum,</strong></span> 
     </span>
     <span class='ocr_line' id='line_1_47' title="bbox 152 3215 758 3271; baseline 0.002 -17"><span class='ocrx_word' id='word_1_393' title='bbox 152 3215 196 3254; x_wconf 87' lang='lat' dir='ltr'><strong>in</strong></span> <span class='ocrx_word' id='word_1_394' title='bbox 214 3228 423 3271; x_wconf 81' lang='lat' dir='ltr'><strong>summum</strong></span> <span class='ocrx_word' id='word_1_395' title='bbox 442 3216 758 3267; x_wconf 82' lang='lat' dir='ltr'><strong>Magistratum.</strong></span> 
     </span>
    </p>

    <p class='ocr_par' dir='ltr' id='par_1_14' title="bbox 154 3279 1035 3394">
     <span class='ocr_line' id='line_1_48' title="bbox 205 3279 1035 3333; baseline 0.004 -16"><span class='ocrx_word' id='word_1_396' title='bbox 205 3279 428 3330; x_wconf 75' lang='lat' dir='ltr'><strong>Adoptans]</strong></span> <span class='ocrx_word' id='word_1_397' title='bbox 456 3280 676 3319; x_wconf 73' lang='lat' dir='ltr'><strong>Praeclara</strong></span> <span class='ocrx_word' id='word_1_398' title='bbox 708 3292 811 3328; x_wconf 78' lang='lat' dir='ltr'><strong>sane</strong></span> <span class='ocrx_word' id='word_1_399' title='bbox 844 3279 1035 3333; x_wconf 80' lang='lat' dir='ltr'><strong>adoptio,</strong></span> 
     </span>
     <span class='ocr_line' id='line_1_49' title="bbox 154 3341 649 3394; baseline 0.006 -15"><span class='ocrx_word' id='word_1_400' title='bbox 154 3353 249 3394; x_wconf 84' lang='lat' dir='ltr'><strong>quae</strong></span> <span class='ocrx_word' id='word_1_401' title='bbox 267 3341 319 3380; x_wconf 83' lang='lat' dir='ltr'><strong>fit</strong></span> <span class='ocrx_word' id='word_1_402' title='bbox 336 3353 413 3392; x_wconf 88' lang='lat' dir='ltr'><strong>per</strong></span> <span class='ocrx_word' id='word_1_403' title='bbox 434 3342 649 3382; x_wconf 88' lang='lat' dir='ltr'><strong>virtutem.</strong></span> 
     </span>
    </p>

    <p class='ocr_par' dir='ltr' id='par_1_15' title="bbox 210 3403 1036 3459">
     <span class='ocr_line' id='line_1_50' title="bbox 210 3403 1036 3459; baseline 0.005 -16"><span class='ocrx_word' id='word_1_404' title='bbox 210 3407 289 3443; x_wconf 77' lang='lat'><strong>420</strong></span> <span class='ocrx_word' id='word_1_405' title='bbox 319 3404 449 3455; x_wconf 76' lang='lat' dir='ltr'><strong>AElia]</strong></span> <span class='ocrx_word' id='word_1_406' title='bbox 480 3403 519 3444; x_wconf 88' lang='lat' dir='ltr'><strong>A</strong></span> <span class='ocrx_word' id='word_1_407' title='bbox 540 3406 702 3458; x_wconf 85' lang='lat' dir='ltr'><strong>Nerva,</strong></span> <span class='ocrx_word' id='word_1_408' title='bbox 722 3407 789 3446; x_wconf 82' lang='lat' dir='ltr'><strong>vel</strong></span> <span class='ocrx_word' id='word_1_409' title='bbox 819 3406 961 3459; x_wconf 85' lang='lat' dir='ltr'><strong>potius</strong></span> <span class='ocrx_word' id='word_1_410' title='bbox 984 3406 1036 3447; x_wconf 84' lang='lat' dir='ltr'><strong>ab</strong></span> 
     </span>
    </p>
   </div>
   <div class='ocr_carea' id='block_1_11' title="bbox 1097 2709 1982 3459">
    <p class='ocr_par' dir='ltr' id='par_1_16' title="bbox 1097 2709 1978 2815">
     <span class='ocr_line' id='line_1_51' title="bbox 1097 2709 1978 2762; baseline -0.003 -10"><span class='ocrx_word' id='word_1_411' title='bbox 1097 2711 1205 2752; x_wconf 85' lang='lat' dir='ltr'><strong>AElio</strong></span> <span class='ocrx_word' id='word_1_412' title='bbox 1243 2710 1447 2762; x_wconf 87' lang='lat' dir='ltr'><strong>Adriano,</strong></span> <span class='ocrx_word' id='word_1_413' title='bbox 1481 2709 1731 2754; x_wconf 60' lang='lat' dir='ltr'><strong>AEliosfsese</strong></span> <span class='ocrx_word' id='word_1_414' title='bbox 1759 2721 1978 2762; x_wconf 84' lang='lat' dir='ltr'><strong>nuncupa-</strong></span> 
     </span>
     <span class='ocr_line' id='line_1_52' title="bbox 1099 2773 1444 2815; baseline -0.012 0"><span class='ocrx_word' id='word_1_415' title='bbox 1099 2775 1202 2815; x_wconf 81' lang='lat' dir='ltr'><strong>bant</strong></span> <span class='ocrx_word' id='word_1_416' title='bbox 1221 2773 1444 2814; x_wconf 86' lang='lat' dir='ltr'><strong>Antonini.</strong></span> 
     </span>
    </p>

    <p class='ocr_par' dir='ltr' id='par_1_17' title="bbox 1098 2837 1982 3459">
     <span class='ocr_line' id='line_1_53' title="bbox 1151 2837 1977 2890; baseline -0.005 -11"><span class='ocrx_word' id='word_1_417' title='bbox 1151 2843 1228 2880; x_wconf 78' lang='lat'><strong>421</strong></span> <span class='ocrx_word' id='word_1_418' title='bbox 1262 2839 1347 2890; x_wconf 85' lang='lat' dir='ltr'><strong>Pii]</strong></span> <span class='ocrx_word' id='word_1_419' title='bbox 1397 2838 1567 2877; x_wconf 84' lang='lat' dir='ltr'><strong>Primus</strong></span> <span class='ocrx_word' id='word_1_420' title='bbox 1597 2837 1777 2887; x_wconf 85' lang='lat' dir='ltr'><strong>Piorum,</strong></span> <span class='ocrx_word' id='word_1_421' title='bbox 1810 2837 1977 2876; x_wconf 87' lang='lat' dir='ltr'><strong>scilicet</strong></span> 
     </span>
     <span class='ocr_line' id='line_1_54' title="bbox 1098 2899 1978 2951; baseline -0.006 -8"><span class='ocrx_word' id='word_1_422' title='bbox 1098 2903 1160 2943; x_wconf 89' lang='lat' dir='ltr'><strong>M.</strong></span> <span class='ocrx_word' id='word_1_423' title='bbox 1181 2902 1420 2942; x_wconf 88' lang='lat' dir='ltr'><strong>Antoninus</strong></span> <span class='ocrx_word' id='word_1_424' title='bbox 1456 2901 1575 2951; x_wconf 86' lang='lat' dir='ltr'><strong>Pius,</strong></span> <span class='ocrx_word' id='word_1_425' title='bbox 1604 2901 1710 2939; x_wconf 85' lang='lat' dir='ltr'><strong>mira</strong></span> <span class='ocrx_word' id='word_1_426' title='bbox 1743 2899 1978 2951; x_wconf 86' lang='lat' dir='ltr'><strong>tranquilli-</strong></span> 
     </span>
     <span class='ocr_line' id='line_1_55' title="bbox 1100 2963 1980 3015; baseline -0.006 -9"><span class='ocrx_word' id='word_1_427' title='bbox 1100 2971 1206 3014; x_wconf 83' lang='lat' dir='ltr'><strong>tate,</strong></span> <span class='ocrx_word' id='word_1_428' title='bbox 1240 2965 1359 3005; x_wconf 81' lang='lat' dir='ltr'><strong>velut</strong></span> <span class='ocrx_word' id='word_1_429' title='bbox 1396 2965 1506 3004; x_wconf 88' lang='lat' dir='ltr'><strong>alter</strong></span> <span class='ocrx_word' id='word_1_430' title='bbox 1544 2964 1703 3014; x_wconf 85' lang='lat' dir='ltr'><strong>Numa,</strong></span> <span class='ocrx_word' id='word_1_431' title='bbox 1747 2963 1980 3015; x_wconf 85' lang='lat' dir='ltr'><strong>Imperium</strong></span> 
     </span>
     <span class='ocr_line' id='line_1_56' title="bbox 1099 3023 1979 3079; baseline -0.003 -12"><span class='ocrx_word' id='word_1_432' title='bbox 1099 3040 1207 3079; x_wconf 85' lang='lat' dir='ltr'><strong>pace</strong></span> <span class='ocrx_word' id='word_1_433' title='bbox 1238 3025 1450 3076; x_wconf 85' lang='lat' dir='ltr'><strong>refovere,</strong></span> <span class='ocrx_word' id='word_1_434' title='bbox 1482 3039 1607 3078; x_wconf 90' lang='lat' dir='ltr'><strong>quam</strong></span> <span class='ocrx_word' id='word_1_435' title='bbox 1640 3025 1752 3066; x_wconf 85' lang='lat' dir='ltr'><strong>bello</strong></span> <span class='ocrx_word' id='word_1_436' title='bbox 1783 3023 1979 3078; x_wconf 87' lang='lat' dir='ltr'><strong>proferre</strong></span> 
     </span>
     <span class='ocr_line' id='line_1_57' title="bbox 1099 3088 1980 3139; baseline -0.003 -10"><span class='ocrx_word' id='word_1_437' title='bbox 1099 3090 1274 3130; x_wconf 87' lang='lat' dir='ltr'><strong>maluit:</strong></span> <span class='ocrx_word' id='word_1_438' title='bbox 1303 3089 1446 3129; x_wconf 80' lang='lat' dir='ltr'><strong>dicere</strong></span> <span class='ocrx_word' id='word_1_439' title='bbox 1467 3089 1634 3139; x_wconf 87' lang='lat' dir='ltr'><strong>solitus,</strong></span> <span class='ocrx_word' id='word_1_440' title='bbox 1667 3090 1679 3111; x_wconf 89' lang='lat'>‘</span> <span class='ocrx_word' id='word_1_441' title='bbox 1698 3088 1824 3127; x_wconf 89' lang='lat' dir='ltr'><strong>malle</strong></span> <span class='ocrx_word' id='word_1_442' title='bbox 1856 3100 1901 3127; x_wconf 84' lang='lat' dir='ltr'><strong>se</strong></span> <span class='ocrx_word' id='word_1_443' title='bbox 1934 3101 1980 3126; x_wconf 89' lang='lat' dir='ltr'><strong>u-</strong></span> 
     </span>
     <span class='ocr_line' id='line_1_58' title="bbox 1099 3150 1982 3203; baseline -0.003 -11"><span class='ocrx_word' id='word_1_444' title='bbox 1099 3165 1198 3192; x_wconf 89' lang='lat' dir='ltr'><strong>num</strong></span> <span class='ocrx_word' id='word_1_445' title='bbox 1230 3154 1369 3192; x_wconf 87' lang='lat' dir='ltr'><strong>civem</strong></span> <span class='ocrx_word' id='word_1_446' title='bbox 1398 3162 1584 3200; x_wconf 72' lang='lat' dir='ltr'><strong>servare,</strong></span> <span class='ocrx_word' id='word_1_447' title='bbox 1613 3163 1737 3203; x_wconf 88' lang='lat' dir='ltr'><strong>quam</strong></span> <span class='ocrx_word' id='word_1_448' title='bbox 1758 3150 1872 3190; x_wconf 83' lang='lat' dir='ltr'><strong>mille</strong></span> <span class='ocrx_word' id='word_1_449' title='bbox 1891 3151 1982 3189; x_wconf 85' lang='lat' dir='ltr'><strong>hos-</strong></span> 
     </span>
     <span class='ocr_line' id='line_1_59' title="bbox 1100 3212 1980 3266; baseline -0.007 -9"><span class='ocrx_word' id='word_1_450' title='bbox 1100 3222 1165 3259; x_wconf 74' lang='lat' dir='ltr'><strong>tes</strong></span> <span class='ocrx_word' id='word_1_451' title='bbox 1185 3214 1406 3257; x_wconf 68' lang='lat' dir='ltr'><strong>occidere!</strong></span> <span class='ocrx_word' id='word_1_452' title='bbox 1425 3215 1566 3257; x_wconf 86' lang='lat' dir='ltr'><strong>Julius</strong></span> <span class='ocrx_word' id='word_1_453' title='bbox 1587 3215 1877 3266; x_wconf 83' lang='lat' dir='ltr'><strong>Capitolinus:</strong></span> <span class='ocrx_word' id='word_1_454' title='bbox 1907 3212 1980 3265; x_wconf 91' lang='lat' dir='ltr'><strong>qui</strong></span> 
     </span>
     <span class='ocr_line' id='line_1_60' title="bbox 1102 3276 1980 3331; baseline -0.008 -11"><span class='ocrx_word' id='word_1_455' title='bbox 1102 3286 1147 3320; x_wconf 85' lang='lat' dir='ltr'><strong>et</strong></span> <span class='ocrx_word' id='word_1_456' title='bbox 1164 3281 1256 3319; x_wconf 89' lang='lat' dir='ltr'><strong>haec</strong></span> <span class='ocrx_word' id='word_1_457' title='bbox 1275 3279 1397 3319; x_wconf 89' lang='lat' dir='ltr'><strong>addit</strong></span> <span class='ocrx_word' id='word_1_458' title='bbox 1414 3293 1441 3331; x_wconf 59' lang='grc' dir='ltr'><strong>ε,</strong></span> <span class='ocrx_word' id='word_1_459' title='bbox 1456 3279 1577 3319; x_wconf 90' lang='lat' dir='ltr'><strong>Titus</strong></span> <span class='ocrx_word' id='word_1_460' title='bbox 1598 3277 1792 3317; x_wconf 84' lang='lat' dir='ltr'><strong>Aurelius</strong></span> <span class='ocrx_word' id='word_1_461' title='bbox 1808 3276 1980 3315; x_wconf 83' lang='lat' dir='ltr'><strong>Fulvius</strong></span> 
     </span>
     <span class='ocr_line' id='line_1_61' title="bbox 1102 3337 1980 3383; baseline -0.008 0"><span class='ocrx_word' id='word_1_462' title='bbox 1102 3343 1307 3383; x_wconf 84' lang='lat' dir='ltr'><strong>Boionius</strong></span> <span class='ocrx_word' id='word_1_463' title='bbox 1353 3341 1592 3382; x_wconf 87' lang='lat' dir='ltr'><strong>Antoninus</strong></span> <span class='ocrx_word' id='word_1_464' title='bbox 1629 3340 1732 3380; x_wconf 87' lang='lat' dir='ltr'><strong>Pius</strong></span> <span class='ocrx_word' id='word_1_465' title='bbox 1768 3337 1880 3377; x_wconf 86' lang='lat' dir='ltr'><strong>‘fuit</strong></span> <span class='ocrx_word' id='word_1_466' title='bbox 1915 3339 1980 3377; x_wconf 87' lang='lat' dir='ltr'><strong>vir</strong></span> 
     </span>
     <span class='ocr_line' id='line_1_62' title="bbox 1103 3403 1980 3459; baseline -0.007 -11"><span class='ocrx_word' id='word_1_467' title='bbox 1103 3406 1242 3448; x_wconf 84' lang='lat' dir='ltr'><strong>forma</strong></span> <span class='ocrx_word' id='word_1_468' title='bbox 1258 3407 1524 3459; x_wconf 78' lang='lat' dir='ltr'><strong>conspicuus,</strong></span> <span class='ocrx_word' id='word_1_469' title='bbox 1539 3404 1707 3456; x_wconf 83' lang='lat' dir='ltr'><strong>ingenio</strong></span> <span class='ocrx_word' id='word_1_470' title='bbox 1727 3403 1881 3453; x_wconf 62' lang='lat' dir='ltr'><strong>clam-⁴1,</strong></span> <span class='ocrx_word' id='word_1_471' title='bbox 1895 3414 1980 3442; x_wconf 89' lang='lat' dir='ltr'><strong>mo·</strong></span> 
     </span>
    </p>
   </div>
  </div>
 </body>
</html>
