2300 3906
305 203 414 256 620
873 216 969 255 ci..
1009 212 1362 254 CLAUDIAM
1404 211 1573 252 xxn.

310 333 543 387 Occulto
566 335 762 388 saevire
785 337 949 396 vetat,
986 333 1252 401 prodesse
1274 332 1517 384 remittit.

310 418 458 472 Haec
482 424 535 472 et
558 419 830 471 amicitias
855 418 1020 484 longo
1045 416 1175 484 plus
1201 422 1447 483 tempore
1470 415 1672 477 firmat,

310 502 689 571 Mansuroque
716 503 1008 554 adamante
1034 502 1171 568 ligat
1192 518 1206 566 3
1243 517 1344 552 nec
1369 500 1577 551 mobile
1600 502 1779 551 mutat

309 586 628 654 Ingenium3
667 605 857 655 parvae
884 588 1120 654 strepitu
1145 603 1249 638 nec
1277 585 1496 654 vincula
1520 601 1688 637 noxae
2067 580 2139 632 40

310 672 561 724 Dissolvi
587 674 814 739 patitur,
840 688 943 723 nec
969 671 1212 723 fastidire
1238 670 1476 738 priorem

308 754 565 808 Allicitur
589 757 841 809 veniente
868 772 1046 808 novo:
1085 755 1381 807 benefacta
1403 759 1598 817 tenere,

310 837 594 906 Respuere
620 840 860 892 offensas
881 840 1085 902 facilis,
1125 839 1437 907 pariterque
1459 837 1684 888 minoris

311 921 494 975 Officii
520 925 814 991 magnique
833 939 1061 983 memor,
1101 938 1359 989 superare
1383 922 1623 971 laborat:

308 1004 495 1073 thue
521 1007 708 1058 hostes
735 1007 920 1067 armis,
946 1005 1158 1055 meritis
1185 1006 1264 1055 sie
1291 1004 1461 1055 vincit
1487 1002 1719 1053 amicos.
2071 1000 2146 1055 45

309 1088 457 1141 Haec
484 1090 638 1142 fovet
665 1092 956 1155 absentes;
994 1090 1116 1142 haec
1146 1089 1307 1155 longe
1337 1089 1459 1140 sola
1482 1087 1711 1138 remotis

309 1241 416 1282 hibet
433 1253 570 1281 nocere
587 1241 699 1291 clam,
717 1240 915 1291 permittit
931 1240 1115 1289 adjuvare
1133 1240 1256 1279 clam.
1304 1238 1406 1278 Hoec
1434 1238 1555 1277 etiam
1574 1236 1703 1276 Fides
1721 1235 1925 1290 confirmat
1950 1232 2147 1274 amicitias

308 1295 441 1347 magis
462 1307 511 1334 ac
532 1295 664 1346 magis
679 1295 777 1333 serie
797 1294 994 1344 temporis,
1013 1299 1048 1332 et
1070 1294 1264 1332 connectit
1285 1299 1437 1331 catena
1461 1292 1578 1331 velut
1597 1303 1650 1330 ex
1686 1291 1893 1330 adamante
1927 1290 2115 1328 duraturo
2133 1302 2148 1327 .-

307 1361 429 1400 neque
446 1349 658 1398 permittit
676 1348 823 1388 mutari
841 1348 1006 1386 indolem
1025 1348 1156 1394 levem,
1171 1360 1289 1398 neque
1307 1347 1401 1385 sinit
1422 1358 1565 1384 nexum
1583 1344 1784 1384 amicitiae
1818 1343 1958 1382 resolvi
1989 1353 2145 1382 rumore

309 1402 454 1441 erroris
481 1401 680 1441 leviusculi
694 1415 709 1446 ,·
736 1413 855 1451 neque
884 1401 1073 1440 titillatur
1106 1406 1347 1440 contemnere
1371 1400 1542 1450 primum
1580 1398 1777 1446 amicum,
1824 1397 1999 1436 veniente
2034 1407 2148 1435 novo.

311 1455 438 1494 Fides
467 1456 549 1494 haec
577 1459 733 1506 promta
760 1460 825 1493 est
845 1466 1070 1493 conservare
1089 1453 1287 1507 beneficia,
1319 1453 1482 1501 rejicere
1496 1453 1643 1504 culpas,
1663 1455 1703 1490 et
1722 1451 1926 1490 recordata
1943 1449 2147 1500 ‹equaliter-

309 1509 517 1561 qfficiorum
537 1513 574 1548 et
595 1508 780 1556 majorum
796 1512 834 1547 et
853 1509 1058 1557 minorum,
1091 1511 1220 1547 tentat
1247 1507 1402 1546 vincere
1415 1520 1429 1546 .·
1459 1510 1495 1545 et
1528 1510 1573 1545 ut
1591 1510 1769 1555 superat
1785 1505 1911 1543 hostes
1923 1503 2058 1552 armis,
2090 1502 2149 1541 sic

310 1566 350 1601 et
365 1565 520 1613 superat
539 1562 682 1601 amicos
696 1562 899 1614 beneficiis.
955 1561 1059 1600 Hoec
1076 1559 1184 1600 fides
1198 1561 1375 1612 protegit
1391 1559 1588 1599 absentes:
1615 1559 1698 1598 haec
1728 1569 1807 1596 una
1836 1557 2018 1608 providet
2045 1567 2147 1596 sum-

1079 1686 1126 1701 ‘6
1131 1684 1349 1701 ‘N‘O‘NO
1354 1686 1377 1700 O

310 1783 553 1823 Antv.--37
582 1783 728 1822 servire
759 1782 878 1823 Med.
917 1793 1003 1822 sec.
1037 1782 1140 1822 Put.
1171 1780 1330 1821 Petav.
1361 1792 1448 1821 sec.
1470 1780 1614 1821 Oxon.
1633 1792 1700 1833 pr.
1719 1780 1788 1822 ed.
1803 1782 1949 1821 Parm.
1976 1792 2147 1820 sermone

309 1839 434 1877 Voss.
471 1849 527 1876 m.
556 1849 620 1888 pr.
658 1837 781 1876 Leid.
816 1849 903 1876 sec.
936 1849 993 1874 m.
1029 1848 1095 1888 pr.
1140 1835 1278 1874 soevire
1297 1835 1366 1874 vel
1385 1835 1530 1874 servire
1549 1836 1657 1885 Reg.
1691 1839 1811 1884 negat
1830 1836 1918 1875 inc.
1939 1835 2149 1874 Heius.—

310 1894 363 1930 38
390 1895 474 1942 post
494 1892 607 1940 longo
632 1891 790 1930 Moret.
807 1902 896 1929 sec.
929 1893 1019 1941 post
1037 1890 1105 1929 vel
1123 1890 1212 1940 plus
1229 1889 1330 1928 Vat.
1360 1900 1426 1939 pr.
1444 1888 1599 1928 Petav.
1620 1894 1723 1928 tert.
1743 1889 1829 1927 duo
1849 1888 1994 1928 Oxon.
2021 1890 2153 1927 servat

310 1945 438 1984 Farn.
475 1944 629 1991 format
653 1945 811 1983 Moret.
839 1946 1033 1982 sem—39
1061 1955 1136 1981 non
1155 1942 1274 1981 Prie.
1317 1941 1443 1980 nobile
1458 1941 1580 1982 Med.
1598 1947 1738 1993 quart.
1758 1942 1918 1981 Moret.
1938 1953 2026 1981 sec.
2060 1941 2146 1982 inc.

310 1997 575 2037 Heius—40
600 2009 735 2046 parvae
766 2002 852 2035 tres
882 1996 1030 2036 Medd.
1051 1996 1153 2036 Put.
1181 1995 1344 2034 Thuan.
1368 1996 1532 2034 Mazar.
1566 1995 1845 2035 Pat.Bonon.
1865 1995 2039 2034 Tholos.
2055 1998 2147 2034 tres

311 2050 463 2089 PetaV.
493 2049 672 2089 totidem
707 2049 858 2088 Ambr.
879 2050 1006 2088 Voss.
1041 2050 1145 2089 Lov.
1184 2049 1343 2087 Moret.
1380 2049 1585 2088 sec.Vat.
1617 2048 1755 2089 Livin.
1775 2050 1884 2089 Exc.
1904 2049 2084 2089 Gevart.
2104 2053 2151 2088 et

314 2104 496 2143 Lucens.
525 2115 592 2153 pr.
615 2103 795 2154 Raphel.
819 2103 967 2142 Barth.
995 2114 1115 2153 parvo
1136 2102 1328 2141 Florent.
1347 2113 1403 2140 m.
1424 2113 1488 2153 pr.
1510 2101 1650 2141 Oxon.
1673 2114 1735 2153 pr.
1757 2103 1878 2142 Med.
1899 2108 2040 2155 quart.
2060 2101 2147 2142 inc.

313 2156 465 2196 Heins.
501 2155 599 2195 edd.
618 2157 759 2196 Vicet.
791 2156 915 2197 Junt.
938 2155 1039 2195 Ald.
1067 2155 1222 2207 Isingr.
1264 2156 1419 2194 vincula
1445 2154 1546 2195 Put.
1567 2167 1664 2195 enm
1680 2157 1818 2206 glossa
1836 2156 1866 2195 i.
1886 2169 1922 2196 e.
1938 2155 2152 2196 amoris.—

312 2213 363 2250 41
394 2210 622 2250 Dissolvens
639 2211 801 2249 Thuan.
830 2222 876 2248 ne
898 2210 1024 2248 Farn.
1053 2210 1242 2248 minorem
1269 2209 1427 2248 Moret.
1447 2212 1623 2260 pr.—-42
1654 2209 1843 2249 Allicitur
1860 2210 2151 2250 Pru-„Petam

313 2275 377 2314 pr.
398 2276 454 2303 m.
474 2274 559 2303 sec.
581 2264 746 2303 Bonon.
768 2263 929 2302 Moret.
953 2274 1041 2301 sec.
1070 2261 1171 2302 Ald.
1201 2262 1377 2302 Illicitur
1395 2263 1495 2302 Vat.
1514 2268 1616 2304 tert.
1631 2263 1770 2302 Oisel.
1792 2263 1911 2305 Med.
1940 2275 2025 2303 sec.
2044 2263 2150 2303 Put.

313 2316 421 2367 Reg.
441 2317 597 2356 Petav.
616 2329 702 2356 sec.
723 2316 807 2355 duo
827 2314 973 2355 Ambr.
992 2316 1097 2355 Var.
1127 2317 1213 2355 LL.
1236 2328 1259 2354 e
1279 2328 1412 2366 marg.
1433 2316 1580 2357 Parm.
1600 2317 1706 2357 Exc.
1728 2318 1912 2356 Lucens.
1931 2329 2018 2357 sec.
2047 2316 2152 2356 Alli.-

312 2371 415 2410 citus
434 2371 593 2409 Mon-et.
615 2382 681 2420 pr.
711 2369 920 2408 Allicitum
935 2369 1032 2408 Pal.
1049 2370 1169 2409 Rott.
1186 2369 1307 2408 Med.
1331 2381 1394 2420 pr.
1414 2369 1582 2410 Thuan.
1603 2371 1766 2410 Mazar.
1784 2373 1810 2413 J
1818 2383 1888 2411 un.
1909 2383 1976 2421 pr.
1994 2371 2154 2411 Petav.

313 2428 418 2463 tert.
448 2422 640 2462 Illicitum
662 2427 748 2464 vet.
770 2423 881 2473 Gyr.
895 2423 995 2462 Vat.
1015 2434 1102 2462 sec.
1122 2423 1243 2462 Med.
1265 2428 1368 2462 tert.
1399 2423 1547 2462 Illicite
1566 2424 1692 2463 Farn.
1712 2425 1833 2463 Med.
1854 2430 1957 2464 tert.
1977 2423 2152 2463 Tholos.

312 2475 463 2515 Ambr.
494 2480 599 2515 tert.
629 2475 751 2515 Leid.
779 2488 863 2515 sec.
885 2476 1028 2515 Oxou.
1050 2487 1136 2515 sec.
1156 2476 1264 2515 Exc.
1287 2476 1467 2515 Gevart.
1497 2475 1659 2515 Illicitoe
1677 2477 1804 2517 Voss.
1832 2478 2028 2517 Allectum
2045 2477 2150 2517 Vat.

313 2529 453 2582 quint.
484 2530 637 2569 Petav.
670 2540 738 2580 pr.
767 2541 823 2567 m.
839 2541 905 2578 pr.
936 2529 1118 2568 Illectum
1133 2529 1234 2568 Vat.
1255 2534 1396 2581 quart.
1417 2529 1516 2569 Pat.
1546 2530 1721 2569 Illic-itur
1740 2532 1808 2570 vel
1823 2530 2032 2570 Allicitum
2049 2531 2153 2571 Vnt.

312 2595 380 2635 pr.
413 2582 583 2622 Illic-itur
600 2583 665 2621 vel
702 2582 898 2621 Illicitum
936 2582 1021 2622 inc.
1055 2581 1205 2621 Heins.
1254 2582 1401 2621 Illicite
1433 2589 1478 2622 et
1515 2583 1791 2623 emendatum
1822 2584 2028 2624 Allicitum
2047 2585 2152 2624 Lov.

312 2636 461 2675 Illicite
494 2636 563 2674 vel
600 2636 794 2676 Allectum
826 2636 934 2676 Exc.
969 2635 1246 2675 Schott.—-43
1265 2635 1410 2682 facilis
1442 2636 1562 2675 Med.
1594 2642 1694 2677 tert.
1722 2638 1830 2678 Exc.
1865 2639 2045 2678 Lucens.
2081 2649 2152 2690 pr.

304 2688 448 2737 faciles
465 2689 584 2728 Leid.
617 2701 681 2739 pr.
715 2701 812 2728 cum
834 2689 1162 2740 quatuordecim
1192 2688 1286 2728 aliis
1313 2695 1359 2729 et
1391 2690 1498 2730 Exc.
1531 2690 1711 2730 Gevart.
1742 2704 1838 2743 quae
1854 2697 1952 2743 post
1978 2691 2154 2731 minoris.

312 2741 471 2782 τελείαν
501 2741 672 2792 στιγμὴν
704 2742 991 2781 habent.—44
1018 2742 1169 2781 laboras
1205 2741 1303 2781 Pal.
1325 2741 1448 2782 Med.
1482 2754 1545 2793 pr.
1571 2743 1839 2785 Timum—45
1878 2745 2002 2785 armis
2026 2745 2154 2785 hostes

313 2794 418 2838 Ald.
463 2796 584 2836 hostis
613 2797 778 2836 Bonon.
808 2795 908 2835 Pat.
941 2795 1111 2836 TholoS.
1144 2796 1227 2835 duo
1256 2794 1407 2836 Ambr.
1447 2795 1578 2837 vincet
1603 2797 1766 2839 Mazar.
1793 2799 1919 2839 vincis
1937 2799 2040 2839 Vat.
2060 2809 2147 2840 sec.

1146 2929 1322 2972 NOTAE

370 3026 421 3063 37
467 3023 648 3074 Occulta]
703 3024 831 3064 Fides
850 3024 1067 3076 permittit
1086 3026 1198 3065 clam
1267 3024 1458 3065 admittit
1477 3026 1605 3066 ullam
1625 3026 1860 3067 levitatem.

315 3084 519 3138 prodesse
537 3086 792 3138 hominibus,
820 3093 865 3127 at
891 3088 1044 3127 saevire
1064 3092 1109 3128 et
1125 3099 1195 3129 ex·
1317 3091 1372 3128 42
1411 3089 1632 3138 Benefacta
1666 3089 1814 3140 tenere]
1883 3090 2152 3131 Couservare

314 3149 437 3200 plere
455 3154 574 3189 tecta
593 3155 638 3189 et
662 3151 836 3190 occulta
863 3150 961 3190 odia
989 3163 1073 3191 non
1102 3163 1197 3204 per·
1265 3150 1509 3190 memoriam
1529 3149 1729 3191 beneficii
1749 3152 1938 3192 aiiorum.

315 3211 464 3253 mittit.
1319 3215 1371 3254 43
1417 3212 1633 3265 Respicere]
1702 3213 1936 3266 Negligere
1971 3213 2153 3256 offensas

369 3277 423 3314 89
449 3274 687 3326 Adamante]
742 3275 869 3316 Fides
888 3277 1045 3318 amicos
1074 3277 1198 3331 ligat,
1266 3287 1344 3318 seu
1362 3276 1478 3316 leves
1493 3276 1669 3328 injurias
1688 3276 1767 3317 sibi
1788 3277 1944 3318 illatas.

318 3338 435 3378 velut
452 3350 566 3378 nexu
585 3338 767 3391 quodam
786 3338 1072 3393 adamantino,
1093 3341 1107 3364 ‘
1126 3352 1201 3380 ne·
1318 3343 1373 3380 46
1403 3340 1526 3380 Fovet
1557 3340 1753 3392 absentes]
1810 3340 1965 3382 Animo
1996 3343 2152 3384 calum-

318 3412 402 3455 que
438 3406 580 3443 mutat
623 3402 842 3455 ingenium
881 3403 1068 3456 mobi1e‚’
1114 3415 1201 3444 non
1266 3401 1347 3445 niis
1366 3408 1412 3443 et
1429 3402 1716 3445 delationibus
1736 3404 1956 3459 impervie.
