2300 3906
585 216 650 253 IN
691 216 773 255 vt.
814 215 990 256 coNS.
1028 215 1261 254 HONOR.
1308 215 1586 255 PRAEFAT.

180 331 510 400 Blandaque
534 333 760 399 largitur
783 333 985 386 frustra
1009 334 1500 401 sitientibusaegris

251 415 492 481 Irriguus
516 415 696 480 gelido
723 416 928 482 pocula
952 418 1106 469 fonte
1130 434 1316 486 sopor.

179 498 277 550 Me
304 514 521 566 quoque
549 497 830 550 Musarum
853 501 1092 552 studium
1114 501 1218 552 sub
1244 506 1404 553 nocte
1431 502 1609 554 silenti

251 580 481 634 Artibus
508 582 741 633 assuetis
770 584 1048 635 solicitare
1074 583 1235 635 solet.

181 663 438 730 Namque
462 664 580 729 poli
606 666 791 718 media
816 668 1087 719 stellantis
1105 668 1162 718 in
1188 681 1312 718 arce
1334 666 1563 720 videbar

252 745 398 798 Ante
426 747 599 813 pedes
627 751 823 800 summi
851 752 1094 802 carmina
1117 749 1255 802 ferre
1273 748 1457 801 Jovis.

182 828 374 896 thue
397 829 545 881 favet
570 848 812 896 somnuS,
838 833 1176 901 plaudebant
1195 832 1441 885 Numina
1465 832 1647 897 dictis,

253 911 324 964 Et
343 913 661 965 circumfusi
689 931 850 967 sacra
876 932 1079 968 corona
1104 917 1271 968 chori.

182 996 500 1048 Enceladus
525 997 658 1048 mihi
682 1011 901 1052 carmen
926 1006 1062 1065 erat,
1088 1002 1415 1068 vinctusque
1442 1000 1738 1070 Typhoeus
1760 1018 1773 1054 t

252 1078 370 1132 Hic
397 1081 547 1131 subit
571 1079 862 1146 Inarimen,
888 1085 1031 1136 hunc
1057 1086 1238 1152 gravis
1265 1085 1432 1136 AEtna
1457 1085 1658 1136 domat.

1928 418 1999 469 10

1934 833 2007 885 15

179 1220 334 1248 somnus
350 1209 573 1249 humectans
587 1211 657 1250 dat
672 1214 805 1264 potum
819 1217 979 1261 gratum
993 1213 1192 1253 inutiliter
1210 1224 1263 1253 ex
1284 1212 1402 1261 fonte
1414 1213 1574 1263 frigido
1591 1212 1752 1263 ‹egrotis
1777 1212 2008 1252 sitientibus.

180 1262 303 1302 Amor
337 1263 769 1303 Musarumccnsuevit
794 1277 866 1315 per
894 1270 1043 1305 noctem
1070 1268 1234 1306 tacitam
1265 1268 1438 1315 excitare
1469 1266 1587 1305 etiam
1617 1278 1677 1305 me
1705 1267 1756 1305 ad
1787 1266 2012 1304 exercitati·

180 1327 270 1355 ones
300 1315 448 1355 solitas.
523 1316 682 1356 Etenim
709 1318 870 1359 videbar
906 1319 1008 1357 mihi
1039 1320 1083 1358 in
1116 1320 1200 1370 ipso
1229 1318 1381 1369 palatio
1412 1319 1499 1357 coeli
1536 1318 1717 1357 micantis
1739 1317 1853 1366 ferre
1881 1328 2013 1357 versus

181 1369 234 1407 ad
267 1370 387 1419 pedes
417 1369 532 1408 Jovis
562 1370 763 1421 supremi;
809 1375 847 1409 et
882 1374 927 1409 ut
963 1384 1077 1423 sopor
1113 1373 1233 1420 juvat
1285 1371 1458 1419 somnia,
1494 1371 1571 1410 Dii
1608 1375 1646 1410 et
1681 1371 1814 1409 cohors
1857 1374 2013 1409 sacrata

181 1424 300 1460 coetus
327 1423 472 1462 circum
500 1422 686 1473 stipantis
719 1424 1002 1474 applaudebant
1036 1424 1162 1463 verbis
1198 1423 1316 1463 meis.
1386 1424 1696 1474 Argumentum
1731 1435 1906 1462 versuum
1936 1434 2014 1461 me-

181 1485 291 1514 orum
325 1478 411 1514 erat
449 1476 684 1527 Enceladus,
722 1481 761 1516 et
805 1477 1007 1528 Typhoeus
1053 1478 1212 1528 ligatus.
1282 1476 1367 1516 Hic
1398 1476 1508 1526 jacet
1544 1475 1615 1516 sub
1647 1475 1817 1516 Inarime
1831 1488 1845 1521 ;
1891 1476 2015 1514 AEtna

952 1565 1246 1581 OOOOOOOOOOOO

184 1617 524 1671 ed.}Parm.-—10
542 1621 597 1659 Et
618 1621 755 1671 riguus
784 1621 885 1661 Put.
916 1621 1104 1671 Inriguus
1122 1620 1284 1662 Auson.
1306 1623 1429 1662 Voss.
1448 1621 1522 1674 qui
1549 1621 1616 1661 hic
1638 1620 1811 1660 desinit.
1841 1619 2017 1670 Inriguis

185 1672 343 1713 Moret.
364 1685 449 1713 sec.
477 1684 592 1725 sapor
611 1675 716 1715 Cod.
733 1675 966 1714 Bartholin.
986 1686 1098 1725 sopor
1116 1676 1183 1714 vel
1200 1687 1315 1726 sapor
1335 1676 1458 1715 Voss.
1472 1678 1662 1714 sem—11
1685 1674 1812 1713 studio
1826 1674 2015 1713 Florent-

182 1725 325 1764 studiis
343 1726 500 1766 Moret.
518 1731 692 1777 pua—12
718 1728 885 1767 assiduis
905 1740 982 1778 pro
1013 1728 1177 1767 assuetis
1195 1729 1296 1768 Vat.
1334 1739 1399 1779 pr.
1431 1731 1471 1767 2.
1509 1727 1604 1766 Pal.
1640 1726 1745 1766 Cod.
1778 1725 2016 1766 Bartholin.

184 1778 303 1818 Med.
325 1790 387 1830 pr.
409 1779 561 1819 Petav.
581 1793 644 1831 pr.
661 1781 783 1831 Voss,
803 1787 848 1820 et
881 1779 1030 1820 Ambr.
1052 1784 1117 1832 pr.
1151 1782 1252 1822 Vat.
1286 1786 1421 1833 quart.
1454 1786 1500 1820 et
1530 1780 1666 1833 quint.
1696 1779 1763 1819 ed.
1799 1779 1942 1818 Parm.
1970 1783 2018 1818 et

184 1831 326 1871 Vicet.
352 1832 562 1881 invigilare
587 1833 699 1881 jubet
715 1846 792 1885 pro
810 1833 1007 1874 solicitare
1034 1834 1129 1873 solet
1147 1832 1293 1873 Ambr.
1314 1838 1413 1873 tert.
1431 1834 1527 1873 soles
1552 1833 1712 1872 Moret.
1734 1844 1797 1884 pr.
1818 1831 2019 1871 Heinsius

185 1895 306 1935 seqq.
336 1884 405 1922 hic
440 1890 668 1924 notaverat
690 1900 699 1924 :
739 1888 750 1909 ‘
769 1887 839 1926 De
874 1887 1045 1926 somniis
1081 1886 1178 1925 vide
1203 1886 1355 1926 similia
1389 1886 1504 1937 apud
1537 1886 1739 1925 Nonnum
1766 1884 1856 1924 Lib.
1888 1888 1954 1924 42.
1973 1893 2019 1935 p.

187 1938 306 1976 1096.
335 1935 403 1975 ed.
436 1937 545 1976 Lub.
576 1936 752 1978 Petron.
790 1951 831 1990 p.
867 1941 932 1978 33.
970 1938 1041 1979 ed.
1070 1939 1226 1978 Weitz.
1282 1940 1477 1979 Ciceron.
1506 1938 1601 1978 init.
1635 1939 1777 1978 Somn.
1816 1937 1933 1987 Scip.
1973 1941 2020 1975 et

184 1989 358 2029 Lucret.
378 1989 474 2028 Lib.
491 1989 676 2030 Ἀπ’-13
686 1992 853 2042 Jamque
864 1992 1038 2031 Tholos.
1054 1992 1245 2031 stellantis
1258 1993 1327 2030 vel
1340 1992 1514 2031 sublatus
1524 1991 1624 2030 vat.
1641 2003 1726 2030 sec.
1744 1992 1783 2029 2.
1796 1989 1917 2028 Voss.
1933 1999 2021 2029 sec.

185 2042 378 2082 stellantis
396 2043 464 2082 vel
481 2043 631 2082 stellati
659 2044 777 2083 Med.
799 2056 863 2095 pr.
904 2045 1028 2083 medio
1047 2044 1240 2083 stellantis
1257 2044 1301 2083 in
1319 2044 1412 2086 orbe,
1426 2044 1538 2094 Reg.
1567 2047 1677 2082 nocte
1696 2054 1774 2094 pro
1793 2054 1882 2081 arce
1899 2040 2003 2080 Med
2016 2070 2027 2080 .

187 2101 291 2136 tert.
329 2096 410 2135 cede
430 2096 497 2135 vel
518 2100 604 2135 arte
624 2096 720 2136 Pal.
742 2097 861 2136 Med.
891 2101 1064 2148 pr.—-15
1099 2097 1226 2148 thue
1244 2096 1375 2146 favet,
1404 2097 1547 2135 somnis
1575 2097 1699 2135 Voss.
1727 2107 1794 2146 pr.
1839 2096 2021 2144 Dumque

187 2149 376 2189 Florent.
415 2148 543 2200 Atque
562 2149 683 2189 Med.
705 2162 791 2190 sec.
810 2149 924 2197 fovet
941 2150 1059 2189 Med.
1082 2161 1167 2190 sec.
1208 2149 1418 2189 laudabant
1436 2149 1596 2188 numina
1614 2148 1712 2187 ditis
1725 2148 1890 2187 Tholos.
1917 2147 2020 2186 votis

187 2213 267 2254 pro
285 2202 404 2242 dictis
420 2201 523 2243 Jnn.
544 2207 738 2244 sec.—16
758 2202 846 2250 fori
867 2216 942 2252 pro
962 2203 1068 2242 chori
1090 2202 1188 2243 Vat.
1215 2203 1460 2255 quint.—-l7
1489 2202 1716 2253 vinctusque
1735 2200 1871 2242 Oisel.
1902 2198 2022 2238 Med.

189 2260 290 2295 tert.
310 2255 410 2295 Put.
427 2255 580 2296 Petav.
601 2268 687 2295 sec.
707 2255 873 2295 Tholos.
892 2256 976 2295 duo
995 2255 1146 2295 Ambr.
1174 2256 1332 2295 Moret.
1354 2268 1442 2295 sec.
1463 2255 1586 2296 Leid.
1616 2267 1681 2306 pr.
1702 2261 1747 2293 et
1773 2265 1858 2293 sec.
1879 2266 1936 2292 m.
1958 2263 2021 2303 pr.

187 2310 385 2359 victusque
404 2318 549 2348 omnes
566 2310 689 2349 Vatt.
709 2309 804 2349 Pal.
822 2309 947 2348 Farn.
980 2309 1097 2349 Prie.
1124 2308 1230 2350 Cod.
1250 2308 1596 2348 Bartholin.——18
1624 2307 1747 2346 Hunc
1762 2307 1909 2357 premit
1930 2305 2022 2344 Ina·

188 2361 307 2401 rimes
326 2361 430 2401 Cod.
449 2362 688 2401 Bartholin.
703 2363 806 2402 Vat.
828 2374 895 2412 pr.
917 2366 962 2400 et
981 2373 1068 2401 see.
1088 2365 1126 2401 2.
1141 2362 1243 2400 item
1263 2362 1399 2413 quint.
1417 2367 1461 2399 et
1480 2361 1574 2399 Pal.
1603 2360 1687 2399 Hic
1698 2359 1804 2398 subit
1822 2358 2022 2398 Inarimen

190 2415 290 2454 Vat.
309 2414 447 2454 Livin.
466 2415 494 2456 J
499 2427 568 2454 un.
587 2427 654 2466 pr.
675 2418 712 2454 1.
733 2414 874 2454 Oxou.
895 2426 958 2464 pr.
984 2417 1024 2453 2.
1047 2415 1130 2453 duo
1147 2413 1298 2453 Leidd.
1320 2413 1404 2452 duo
1423 2412 1543 2452 Med.
1566 2417 1653 2452 tres
1673 2412 1825 2450 Petav.
1843 2410 2022 2450 totidem

191 2466 339 2506 Ambr.
359 2467 464 2506 Lov.
484 2468 644 2506 Moret.
664 2479 750 2507 sec.
766 2467 888 2506 Voss.
926 2472 1029 2506 tert.
1062 2467 1222 2506 Mazar.
1253 2466 1418 2506 Thuan.
1452 2465 1557 2515 Reg.
1587 2467 1626 2505 2.
1657 2462 1823 2503 Bonon.
1844 2462 2022 2502 Thalos.

191 2519 285 2560 Ine.
305 2518 458 2558 Heius.
478 2521 584 2560 Exc.
601 2519 782 2560 Gevart.
806 2519 984 2559 Lucens.
1006 2531 1071 2570 pr.
1088 2518 1191 2558 Var.
1213 2518 1298 2558 LL.
1319 2530 1344 2558 e
1372 2530 1507 2568 marg.
1540 2517 1678 2557 Parm.
1706 2516 1849 2567 premit
1867 2516 2022 2555 Petav.

192 2585 257 2625 pr.
276 2584 333 2613 m.
354 2583 441 2612 sec.
469 2571 644 2612 Inarime
661 2572 728 2613 ed.
746 2571 891 2613 Vicet.
921 2572 1120 2612 Inarimen
1142 2576 1227 2611 tres
1245 2571 1367 2611 Vatt.
1387 2571 1521 2611 Oisel.
1550 2576 1637 2611 vet.
1658 2570 1766 2621 Gyr.
1807 2570 1908 2609 hucne
1936 2579 2024 2620 pre-

1026 2652 1203 2693 NOTAE

250 2735 303 2772 16
333 2731 592 2783 circumfusi]
639 2733 774 2775 Quasi
803 2745 881 2785 ego
914 2732 1078 2772 medius

196 2796 308 2836 inter
325 2796 400 2835 hos
415 2807 594 2835 orarem.

250 2861 300 2898 17
330 2857 565 2908 Enceladus]
586 2857 720 2909 Gigas
734 2858 859 2898 AEtna
876 2859 1079 2911 superim-

1145 2732 1279 2782 facta‚
1294 2743 1369 2772 seu
1383 2731 1572 2780 Inarime,
1586 2730 1747 2781 rejecta
1774 2728 1911 2779 prima
1925 2729 2025 2770 lite-

1147 2808 1207 2846 ra,
1235 2800 1284 2835 ut
1304 2806 1419 2845 saepe
1435 2792 1508 2832 fit:
1539 2793 1658 2832 dicta
1677 2791 1806 2831 etiam
1827 2791 2027 2844 Prochyta

1146 2857 1223 2898 ἀπὸ
1240 2859 1311 2898 τοῦ
1326 2855 1525 2909 προχύειν,
1538 2854 1786 2907 profundere,
1803 2854 1915 2906 quod
1945 2860 2029 2895 ter-

196 2921 338 2974 posita
356 2932 613 2972 oppressus:
643 2921 696 2959 de
716 2921 797 2960 hoc
828 2920 941 2961 alibi.
988 2921 1078 2961 Per

197 2984 460 3024 Enceladum
484 2984 738 3035 intelligitur
770 2984 982 3034 Alaricus,
1002 2996 1079 3036 per

196 3048 444 3100 Typhoeum
484 3046 632 3087 Gildo.
688 3047 886 3100 Uterque
941 3049 1079 3088 victus

196 3114 267 3150 est
282 3122 307 3149 a
321 3110 556 3150 Stilichone
575 3110 652 3150 sub
672 3111 872 3162 auspiciis
885 3111 1079 3152 Honorii.

258 3172 476 3226 Typhoeus]
524 3173 710 3213 Inarime
745 3174 887 3214 Insula
906 3187 1080 3227 oppres-

201 3245 305 3284 sus;
352 3235 405 3275 de
436 3236 518 3276 hoc
550 3237 681 3276 etiam
714 3237 830 3277 alibi.
906 3239 1080 3280 Inarime

204 3301 346 3337 autem
360 3298 550 3339 Homero
565 3298 691 3351 ἄριμοι
708 3314 718 3340 :
740 3300 837 3340 hinc
852 3299 907 3341 εἶν
921 3300 1081 3353 ἆρίμσις,

205 3363 251 3398 et
286 3359 528 3412 conjunctis
557 3361 622 3401 his
661 3362 836 3404 vocibus
876 3365 1081 3406 Einarime

1146 2934 1206 2962 1*ae
1227 2926 1345 2961 motu
1380 2919 1515 2960 effusa
1532 2920 1601 2959 sit.
1658 2918 1739 2958 His
1766 2917 1908 2969 adjice
1938 2919 2027 2959 Pli-

1146 2986 1276 3036 nium,
1289 2998 1342 3025 ex
1358 2998 1441 3038 quo
1454 2987 1466 3008 ‘
1482 2985 1698 3036 Prochyta
1713 2995 1797 3023 non
1813 2983 1866 3023 ab
1879 2983 2026 3024 AEneae

1146 3049 1326 3100 nutrice,
1344 3048 1418 3088 sed
1446 3047 1545 3100 quia
1573 3045 1748 3099 profusa
1773 3046 1826 3086 ab
1857 3046 2029 3087 AEnaria

1147 3116 1257 3161 erat,
1275 3111 1448 3151 AEnaria
1467 3111 1563 3162 ipsa
1592 3122 1617 3149 a
1642 3109 1828 3150 statione
1857 3110 2027 3148 navium

1146 3174 1309 3223 AEneae‚
1328 3172 1517 3213 Homero
1538 3172 1724 3212 Inarime
1752 3171 1884 3221 dicta,
1903 3171 2026 3211 Grae-

1149 3237 1210 3277 cis
1239 3237 1487 3287 Pithecusa,
1517 3249 1600 3276 non
1631 3249 1655 3276 a
1688 3235 1901 3276 simiarum
1923 3234 2026 3273 mul-

1147 3302 1349 3353 titudine,
1369 3306 1416 3342 ut
1445 3301 1572 3354 aliqui
1607 3299 1922 3348 existimavere,
1948 3295 2023 3337 sed

1147 3377 1172 3405 a
1189 3364 1345 3417 figlinis
1364 3363 1665 3406 doliariorum!
