2300 3906
18 2588 26 2857 1

21 2860 29 3123 ἱ

720 236 800 276 DE
842 236 1039 275 nanno
1078 236 1299 276 enrico
1342 236 1463 275 ms.
1893 223 2001 278 ‘767

185 350 351 403 Dicta
374 350 571 402 dabat:
610 350 774 401 simul
797 356 1032 404 externis
1059 358 1343 421 praecepta
1368 353 1579 406 ferebat
1887 352 1997 405 580

182 434 449 487 Auxiliis.
523 434 652 484 Ibat
676 436 886 500 patiens
912 437 1134 489 ditionis
1158 437 1389 499 AlanuS,

183 516 312 580 Qua
338 522 539 567 nostrae
558 515 777 582 jussere
804 520 980 571 tubae:
1021 526 1358 587 mortemque
1382 519 1676 587 petendam

182 599 294 651 Pro
323 600 483 649 Latio
510 598 698 649 docuit
724 603 897 666 gentis
917 604 1221 670 praeclarus
1249 604 1477 670 Alanae3

183 681 289 734 Cui
314 689 507 732 natura
533 682 729 733 breves
757 686 954 736 animis
978 688 1287 752 ingentibus
1314 693 1468 738 artus

183 764 472 827 Finxerat,
499 765 831 834 immanique
857 770 1052 821 oculos
1078 770 1345 822 infecerat
1368 771 1467 822 ira.

180 847 516 908 Vulneribus
542 865 671 914 pars
697 852 850 903 nulla
875 857 1071 905 vacat:
1109 854 1463 921 rescissaque
1491 855 1667 907 contis

181 931 373 984 Gloria
397 931 588 984 foedati
614 935 864 1000 splendet
881 938 1177 1005 jactantior
1201 939 1331 989 oris.

181 1015 284 1067 Ille
304 1019 483 1067 tamen
510 1017 800 1069 mandante
826 1021 1023 1086 procul
1051 1022 1352 1074 Stilichone
1379 1023 1559 1074 citatis

178 1126 287 1186 mode
306 1124 514 1186 peditibus,
532 1126 642 1164 modo
660 1128 827 1166 catervis
856 1132 1094 1180 equestribus
1109 1145 1121 1169 .·
1149 1137 1186 1172 et
1219 1145 1298 1172 una
1317 1133 1439 1173 dabat
1458 1134 1643 1173 mandata
1664 1133 1798 1183 copiis
1830 1134 2005 1174 externis

177 1179 448 1240 auxiliaribus.
503 1179 652 1218 Alanus
670 1180 867 1220 incedebat
885 1184 1062 1223 obediens
1092 1185 1268 1235 imperio,
1297 1198 1367 1236 quo
1395 1186 1553 1225 buccina
1585 1190 1717 1226 noum
1754 1186 1927 1226 vocavit.-
1963 1191 2003 1227 et

180 1231 268 1270 dux
284 1232 447 1270 illustris
464 1232 633 1270 nationis
657 1233 789 1272 Alanae
808 1238 977 1274 ostendit
998 1241 1157 1276 mortem
1181 1249 1260 1276 esse
1278 1240 1529 1289 oppetendam
1557 1251 1627 1289 pro
1648 1239 1796 1284 Italia,·
1822 1240 1883 1278 cui
1907 1239 2005 1279 duci

178 1289 321 1346 natura
327 1284 571 1333 formaverat
589 1298 726 1336 corpus
739 1300 899 1337 parvam
922 1302 998 1338 pro
1018 1290 1148 1328 animo
1162 1302 1317 1340 magno,
1335 1296 1370 1329 et
1391 1293 1617 1330 accenderat
1635 1291 1715 1341 ipsi
1730 1292 2004 1340 ocalosfurore

178 1338 372 1377 terribili.-
401 1339 503 1377 locus
521 1339 645 1378 nullus
663 1340 854 1388 corporis
876 1341 995 1381 ducis
1015 1346 1120 1381 caret
1132 1344 1278 1392 plagis,
1309 1346 1348 1381 et
1377 1343 1494 1382 honor
1507 1344 1588 1382 oris
1614 1345 1822 1394 vulnerati,
1850 1350 1887 1384 et
1915 1345 2006 1384 coesi

178 1390 302 1431 hastis
318 1392 519 1443 superbior
536 1394 667 1431 micat.
726 1393 994 1434 Nihilominus
1008 1395 1073 1435 ille
1089 1395 1192 1446 dux,
1223 1395 1440 1435 Stilichone
1467 1397 1578 1446 longe
1597 1396 1771 1449 jubente,
1791 1397 2004 1445 festinavit

1895 771 2006 826 585

949 1498 1240 1514 OOOOOOOOOOOO

181 1563 331 1605 Ambr.
353 1570 452 1604 tert.
483 1566 610 1606 edicta
627 1567 728 1608 vat.
748 1572 851 1608 tert.
874 1573 1072 1620 praecepta
1093 1570 1160 1608 vel
1180 1570 1310 1610 edicta
1329 1570 1446 1610 Prie.
1467 1570 1792 1609 Florent.—581
1826 1569 2006 1609 Halanas

182 1619 284 1658 Vat.
304 1623 580 1670 quarte—582
612 1621 724 1665 Quod
758 1622 917 1661 Moret.
938 1635 1004 1673 pr.
1053 1623 1179 1667 Quam
1214 1624 1318 1662 Lov.
1361 1623 1519 1673 petebat
1555 1635 1628 1672 pro
1663 1624 1866 1673 petendam
1900 1623 2007 1664 Exc-

184 1671 371 1711 Lucens.
387 1676 606 1712 sem—583
633 1674 745 1722 genti
764 1676 922 1715 Moret.
944 1687 1007 1724 pr.
1051 1676 1182 1724 gentis
1201 1678 1415 1726 praeclarus
1433 1676 1459 1716 J
1466 1688 1531 1714 un.
1558 1688 1620 1725 pr.
1642 1676 1725 1714 duo
1748 1675 1889 1714 Oxon.
1920 1674 2006 1715 duo

182 1724 334 1764 Laida.
367 1727 579 1775 proeclarus
599 1728 665 1766 vel
697 1726 905 1778 proefectus
923 1729 1026 1767 Vat.
1049 1728 1320 1779 quint—584
1352 1729 1438 1773 Quo
1458 1741 1534 1780 pro
1558 1730 1633 1766 Cui
1667 1728 1813 1767 Ambr.
1847 1732 2006 1766 tert.—

183 1781 260 1817 585
292 1778 458 1817 Fixerat
478 1777 626 1818 Ambr.
647 1785 748 1819 tert.
790 1781 1003 1832 infinxerat
1024 1793 1100 1831 pro
1118 1781 1310 1829 infecerat
1347 1782 1459 1821 idem
1492 1782 1777 1820 Ambr.-—586
1802 1793 1897 1830 pars
1922 1781 2005 1820 ulla

183 1830 310 1870 Farn.
352 1831 583 1891 rescissaque
600 1832 698 1873 Vat.
718 1834 855 1884 quint.
874 1835 979 1873 Exc.
999 1834 1121 1873 Laeti.
1162 1835 1377 1885 recissuque
1402 1835 1516 1874 Med.
1536 1840 1675 1885 quart.
1697 1835 1804 1872 Exo.
1826 1834 2006 1874 Lucens.

184 1894 272 1944 sec.
300 1895 516 1933 rescisaque
537 1885 698 1924 Moret.
719 1899 782 1936 pr.
824 1888 1021 1938 recisaque
1041 1892 1128 1926 tres
1147 1889 1270 1927 Vatt.
1292 1888 1414 1927 Rott.
1435 1889 1537 1927 Lov.
1557 1889 1655 1927 Jnn.
1678 1899 1741 1936 pr.
1763 1887 1846 1925 dno
1865 1885 2007 1925 Oxon.

181 1948 378 1987 rect-saque
396 1937 463 1973 vel
483 1937 718 1987 rescissaque
737 1939 861 1979 Farn.
903 1940 1055 1979 cunctis
1072 1941 1175 1979 Vat.
1195 1945 1294 1980 tert.
1315 1942 1418 1979 Lov.
1442 1940 1562 1979 Leid.
1582 1952 1647 1990 pr.
1668 1952 1723 1977 m.
1743 1951 1828 1976 sec.
1858 1939 2007 1978 cunctis

183 1989 268 2029 duo
289 1990 409 2028 Vatt.
430 1989 546 2030 Prie.
564 1990 684 2030 Rott.
707 1990 840 2031 Oisel.
862 1994 966 2032 Exc.
986 1994 1171 2032 Lucens.
1191 2005 1279 2033 sec.
1320 1994 1443 2031 contis
1460 1994 1620 2031 Thuan.
1643 1993 1806 2030 Mazar.
1823 1991 1905 2028 duo
1927 1991 2009 2029 Pe·

184 2048 269 2082 taV.
292 2042 390 2082 Pat.
411 2041 494 2081 duo
515 2042 665 2082 Ainbr.
694 2045 861 2094 sumptis
883 2046 1070 2084 Florent.
1087 2057 1182 2084 cum
1203 2046 1343 2095 glossa
1357 2045 1384 2084 i.
1401 2058 1433 2084 e.
1449 2046 1602 2084 lanceis.
1635 2045 1751 2082 certis
1772 2044 1838 2081 vel
1857 2043 2007 2081 cunctis

185 2095 293 2146 Reg.
335 2096 483 2134 cunctis
504 2097 569 2135 vel
588 2096 710 2136 contis
730 2097 845 2136 Prie.
882 2099 988 2137 Exc.
1010 2099 1133 2137 Laeti.
1181 2099 1328 2137 cunctis
1346 2099 1415 2136 vel
1444 2098 1606 2147 comptis
1623 2098 1717 2135 Pal.
1750 2096 1869 2135 Med.
1892 2108 2013 2145 pr.—

184 2152 263 2188 587
289 2149 492 2199 splendent
514 2148 658 2189 Ambr.
679 2154 779 2190 tert.
806 2151 906 2190 Vat.
925 2156 1062 2202 quart.
1088 2153 1235 2201 gaudet
1249 2151 1510 2202 splendentior
1530 2151 1597 2189 vel
1615 2151 1788 2199 splendet
1796 2148 2014 2197 jactantior

186 2201 344 2243 Petav.
367 2206 603 2242 te1·t.-588
632 2204 817 2242 mandare
835 2204 959 2243 Leid.
981 2217 1046 2256 pr.
1068 2217 1120 2244 m.
1141 2217 1228 2246 sec.
1248 2204 1369 2244 Med.
1391 2216 1474 2244 sec.
1521 2205 1705 2244 mandata
1734 2203 1893 2241 Moret.
1927 2212 2013 2242 sec.

1013 2305 1188 2345 NOTAE

1187 2385 1265 2421 585
1295 2380 1513 2431 Infecerat]
1547 2380 1675 2420 Oculi
1694 2383 1816 2418 erant
1835 2379 1947 2418 torvi
1968 2383 2014 2419 et

1131 2443 1285 2484 infecti
1314 2443 1473 2493 furore,
1491 2443 1609 2495 quasi
1631 2442 1814 2494 quodam
1834 2452 2014 2492 veneno,

1135 2518 1219 2558 quo
1241 2506 1308 2544 vel
1327 2505 1587 2557 aspicientes
1609 2508 1800 2545 necaret.

192 2433 196 2435 Α
238 2387 316 2423 583
347 2383 589 2433 Proeclaras]
617 2384 723 2423 Dux
742 2383 910 2423 scilicet
926 2383 1065 2434 gentis

187 2446 337 2486 Alanae
355 2460 367 2495 3
388 2447 546 2486 dicitur
562 2446 703 2487 Saulus
723 2458 747 2484 a
766 2446 994 2486 nonnullis.

240 2512 320 2549 584
350 2508 427 2547 Cui
445 2506 604 2557 natura]
668 2507 781 2548 Huic
818 2506 930 2557 duci,
955 2507 1067 2559 quod

190 2569 528 2620 rarum'Alanis,
564 2581 742 2620 parvum
778 2581 934 2620 corpus
960 2575 1068 2620 erat,

188 2634 263 2674 sed
297 2633 460 2672 animus
497 2633 673 2684 ingens:
704 2632 747 2671 id
784 2633 896 2684 quod
930 2637 975 2672 et
1005 2633 1067 2672 di-

189 2697 303 2736 citur
341 2696 396 2735 de
428 2696 588 2747 Tydeo,
619 2699 630 2717 ‘
658 2691 798 2746 Major
835 2695 877 2733 in
915 2695 1068 2746 exiguo

189 2759 401 2811 regnabat
438 2764 615 2810 pectore
653 2758 817 2798 virtus?
873 2757 934 2798 At
964 2759 1069 2810 Pyr-

190 2823 289 2861 rhus
326 2821 440 2872 apud
475 2820 727 2861 Frontinum
757 2820 932 2862 dicebat
969 2821 1070 2860 duci

190 2884 346 2924 milites
383 2883 621 2934 deligenti:
681 2883 693 2904 ‘
715 2883 912 2925 Grandes
950 2883 1074 2935 elige,

195 2959 275 3003 ego
295 2945 433 2986 fortes
457 2945 657 2987 reddam!
707 2946 799 2984 Hos
821 2958 901 2984 non
924 2946 1074 2996 proba-

191 3009 268 3049 bat
285 3009 464 3058 Statius,
479 3021 573 3047 cum
595 3009 687 3047 haec
709 3009 892 3047 canebat
911 3022 920 3048 :
941 3010 1074 3050 ‘Lux-

192 3069 336 3112 uriant
357 3077 490 3120 arum,
512 3069 733 3121 effusaque
753 3071 957 3120 sanguine
975 3072 1074 3111 laxo

193 3135 391 3177 Membra
419 3133 595 3176 natant.'
653 3134 773 3172 Livio
795 3135 935 3184 placet
967 3135 1075 3173 ‘nle-

195 3189 266 3250 dia
293 3197 490 3237 militaris
509 3195 716 3235 staturaz'
754 3197 908 3238 Tacito
938 3197 966 3234 ii
989 3198 1075 3247 pla-

197 3251 310 3310 cent,
353 3259 502 3312 quibus
551 3265 651 3298 sunt
696 3259 708 3281 ‘
732 3260 840 3303 dura
877 3272 1074 3311 corpora,

196 3320 334 3368 stricti
354 3328 486 3373 artus,
504 3322 647 3363 minax
666 3322 824 3376 vultus,
839 3322 974 3377 major
987 3322 1076 3365 ani-

197 3385 257 3428 mi
277 3383 430 3441 vigor.'
716 3376 720 3380 ’

1187 2573 1267 2608 586
1297 2569 1552 2619 Rescissaque
1567 2566 1712 2617 contis]
1751 2566 1851 2606 Non
1881 2565 2015 2617 gloria

1136 2631 1320 2670 rescissa
1357 2636 1422 2669 est
1459 2631 1593 2669 contis
1643 2641 1715 2669 seu
1747 2628 1895 2678 hastis,
1924 2628 2016 2676 ,sed

1136 2694 1269 2745 gloria
1301 2692 1490 2732 nascitur
1524 2703 1576 2730 ex
1607 2704 1681 2731 ore
1726 2691 1950 2730 vulnerato
1969 2694 2017 2730 et

1137 2755 1314 2794 rescisso
1329 2754 1474 2794 hastis.
1495 2755 1574 2793 Est
1589 2751 1766 2792 effectus
1780 2764 1859 2804 pro
1874 2762 2015 2806 causa,

1138 2818 1462 2870 metonymicffis.

1192 2883 1270 2919 687
1302 2879 1474 2930 Foedati]
1504 2878 1603 2919 Oris
1624 2878 1760 2928 plagis
1780 2883 1826 2916 et
1846 2874 2019 2916 cicatri-

1140 2943 1259 2983 cibus
1275 2941 1422 2982 foedati
1443 2941 1578 2992 gloria
1598 2946 1664 2979 est
1672 2939 1924 2991 jactantior,
1937 2938 2019 2979 hoc

1141 3012 1224 3057 est,
1237 3006 1388 3048 ducem
1402 3005 1519 3043 illum
1534 3002 1638 3045 facit
1650 3002 1959 3057 Jactantiorem
1974 3003 2021 3039 et

1141 3069 1445 3121 superb10rem.
1502 3067 1560 3106 Et
1591 3070 1656 3106 est
1690 3076 1818 3104 causa
1850 3074 1928 3114 pro
1961 3059 2021 3101 ef-

1142 3131 1275 3174 fectu.
1330 3130 1428 3170 Alia
1464 3128 1631 3169 dicitnr.
1660 3139 1750 3167 esse
1796 3131 2020 3166 nautarum

1143 3196 1407 3234 Batavorum
1427 3191 1552 3239 ratio,
1587 3191 1656 3242 qui
1693 3190 1784 3241 poti
1822 3188 1937 3240 quasi
1956 3187 2019 3225 lu·

1144 3257 1283 3296 dendo
1303 3256 1384 3298 sibi
1404 3255 1589 3297 invicem
1618 3265 1693 3293 ora
1724 3250 1907 3292 cultellis
1939 3248 2019 3288 dis-

1142 3326 1318 3364 secant:
1343 3331 1397 3359 ex
1417 3317 1632 3359 Claverio.

1195 3387 1274 3428 588
1302 3382 1378 3423 Ille
1404 3380 1554 3434 tamen]
1599 3378 1694 3420 Etsi
1714 3374 1924 3429 superbus
1957 3371 2013 3415 ob
