2300 3906
13 3361 26 3812 ἱ

612 196 679 234 m
725 195 1089 239 Eu'rROPmM
1132 197 1253 237 mn.
1297 199 1358 238 11.
1797 190 1912 243 545.

82 309 330 364 Indoluit
354 310 612 378 genitrix-3
649 313 762 362 tum
784 312 865 364 sic
885 318 1162 366 commota
1185 314 1459 381 profatur:

80 393 210 446 Hoc
235 394 366 446 mihi
394 394 514 461 jam
540 394 750 461 pridem
776 395 1046 449 Lachesis
1073 399 1374 464 grandaeva
1399 398 1641 452 canebat

78 477 416 544 Augurium:
457 478 714 545 Phrygiae
742 495 908 532 casus
933 484 1149 534 venisse
1174 498 1474 549 supremOS,

78 561 364 627 Delapsus
391 565 619 612 testatur
643 578 808 629 apex.
885 563 1037 628 Heu,
1064 566 1326 632 sanguine
1350 567 1534 633 qualis
1789 567 1901 622 290

78 643 196 697 Ibit
221 644 539 710 Sangarius,
565 650 909 714 quantasque
935 648 1207 700 cadavera
1230 650 1365 699 lenti

78 727 352 780 Maeandri
377 744 611 796 passura
633 731 850 782 moras!
890 731 1189 783 immobilis
1213 733 1390 784 haeret

76 810 395 863 Terminus:
433 812 557 865 haec
581 813 790 865 dudum
815 818 948 867 nato
974 815 1233 882 placuere
1258 815 1521 869 Tonanti.

79 894 191 946 Par
217 901 274 946 et
298 895 539 948 finitimis
564 897 783 950 luctus:
820 899 1132 965 frustraque
1154 898 1313 966 Lyaei

77 978 134 1030 N
137 994 206 1030 on
231 978 544 1031 defensuros
570 981 829 1048 implorat
852 981 1035 1049 Lydia
1057 982 1298 1050 thyrsos,
1788 985 1899 1039 295

75 1144 166 1180 runt
186 1141 310 1181 tibias
344 1143 488 1184 buxeus
504 1144 675 1185 silentes.
732 1145 871 1185 Mater
904 1146 1065 1197 Cybele
1095 1147 1315 1196 ingemuit.-
1342 1150 1426 1186 tum
1452 1148 1599 1200 afflicta
1627 1149 1687 1188 ita
1707 1149 1899 1199 loquitur.-

72 1193 257 1235 Lachesis
274 1209 416 1237 annosa
432 1198 693 1250 praesagiebat
710 1199 808 1238 mihi
823 1199 1053 1247 jamdudum
1072 1200 1142 1238 hoc
1160 1200 1397 1249 auspicium.-
1425 1205 1560 1239 vertex
1578 1213 1758 1240 corruens
1774 1202 1898 1251 signi·

60 1246 306 1299 ficatsatum
323 1251 503 1291 ultimum
523 1252 714 1303 Phrygiae
726 1252 924 1292 accidisse.
977 1253 1066 1292 Heu
1082 1254 1102 1292 Ι
1131 1254 1271 1297 Qualis
1289 1252 1508 1302 Sangarius
1515 1252 1622 1303 fluet
1640 1254 1694 1292 ob
1714 1267 1901 1306 cruorem,

71 1304 110 1339 et
139 1307 302 1352 quantos
330 1306 518 1344 cadavera
547 1306 764 1345 toleratura
794 1310 885 1345 sunt
903 1305 1038 1356 flexus
1069 1306 1267 1345 Maeandri
1303 1305 1439 1344 tardi!
1492 1306 1625 1344 Limes
1657 1307 1899 1346 inconcussus

73 1359 215 1396 manet.
271 1356 372 1396 Haec
393 1357 634 1409 ‚iampridem
662 1362 813 1398 statuta
842 1364 932 1398 sunt
950 1371 974 1397 a
996 1360 1089 1411 filio
1118 1361 1228 1398 Jove.
1286 1360 1344 1398 Et
1362 1360 1489 1398 clades
1505 1359 1646 1398 similis
1673 1365 1739 1399 est
1757 1360 1898 1399 vicinis

75 1407 268 1449 cladibus
287 1423 299 1460 3
324 1423 370 1450 ac
385 1411 514 1463 Lydia
532 1412 684 1452 invocat
701 1412 901 1453 inutiliter
917 1413 1050 1452 hastas
1068 1413 1219 1452 Bacchi
1235 1424 1310 1452 non
1341 1417 1652 1464 propugnatur-as
1685 1426 1745 1453 se.
1787 1414 1899 1453 Jam-

841 1547 960 1563 OOOOO
967 1547 1135 1562 OOO‘OOO

74 1649 196 1690 buxos
213 1651 372 1693 Mor-et.
392 1656 612 1693 sem—28⁷
641 1656 723 1692 tum
741 1653 842 1694 Vat.
859 1665 923 1705 pr.
942 1658 987 1693 et
1018 1657 1118 1693 tert.
1138 1652 1258 1693 Leid.
1276 1665 1361 1693 sec.
1382 1653 1488 1692 Exc.
1506 1653 1684 1694 Gevart.
1713 1658 1900 1692 commota

76 1704 178 1744 Vat.
195 1707 262 1755 pr.
284 1710 330 1744 et
349 1711 450 1745 tert.
470 1706 591 1746 Rott.
612 1706 746 1747 Oisel.
773 1707 962 1746 Florent.
982 1707 1067 1745 duo
1085 1707 1203 1746 Med.
1228 1708 1336 1757 Reg.
1355 1707 1515 1746 Thnan.
1549 1707 1710 1745 Mazar.
1744 1707 1897 1746 Petav.

75 1769 162 1797 sec.
182 1759 345 1797 Bonon.
366 1758 515 1799 Ambr.
549 1772 611 1810 pr.
648 1759 772 1799 Leid.
799 1772 862 1810 pr.
882 1759 965 1798 duo
986 1759 1127 1799 Oxou.
1157 1767 1245 1799 vet.
1280 1760 1384 1811 Gyr.
1403 1761 1504 1798 Vat.
1522 1760 1658 1800 Livin.
1686 1760 1790 1798 irata
1810 1765 1899 1798 tres

73 1810 193 1850 Vatt.
214 1810 308 1850 Pal.
329 1812 453 1851 Fam.
477 1812 589 1852 Prie.
614 1812 731 1852 Med.
753 1825 817 1863 pr.
846 1814 950 1851 Exc.
972 1813 1095 1851 Laeti.
1123 1813 1228 1851 irata
1248 1814 1315 1851 vel
1334 1817 1520 1851 commota
1539 1813 1776 1851 Put.—288
1810 1813 1899 1851 Hoc

71 1863 147 1902 tibi
165 1864 322 1903 Mazar.
337 1867 550 1912 grandaeva
576 1866 677 1904 vat.
713 1877 776 1915 pr.
813 1866 932 1904 Rott.
953 1866 1140 1904 Florent.
1177 1866 1204 1906 J
1211 1878 1277 1904 un.
1311 1877 1374 1915 pr.
1396 1865 1516 1903 Leid.
1539 1877 1623 1904 sec.
1645 1866 1765 1903 Med.
1799 1871 1898 1905 tert.

72 1922 158 1956 vet.
195 1916 300 1967 Gyr.
329 1918 428 1956 Vat.
458 1918 591 1958 Livin.
636 1919 811 1965 longoeva
842 1924 1026 1969 quatuor
1054 1918 1173 1956 Vatt.
1213 1919 1305 1958 Pal.
1345 1918 1472 1955 Farn.
1504 1918 1608 1957 Exc.
1641 1917 1899 1957 Laeti.-289

56 1969 266 2019 *Phr-ugia»
284 1971 387 2010 Exc.
408 1971 665 2011 Laeti—290
693 1971 882 2021 Dilapsns
900 1970 984 2009 duo
1002 1971 1121 2009 Vatt.
1153 1971 1314 2009 Mazar.
1335 1971 1491 2010 Petav.
1526 1982 1594 2020 pr,
1627 1970 1725 2009 Pat.
1748 1969 1899 2011 Ambr.

70 2031 138 2074 pr.
175 2023 298 2062 ambo
334 2024 491 2063 Mor-et.
527 2037 618 2076 apes
648 2025 751 2063 Var.
786 2024 876 2064 LL.
913 2024 980 2063 ed.
1020 2022 1284 2062 Antv.—29l
1316 2023 1407 2061 Ibat
1454 2023 1571 2062 Leid.
1603 2035 1687 2063 sec.
1728 2036 1780 2062 m.
1814 2035 1898 2063 sec.

71 2079 279 2127 tantasque
313 2077 472 2117 Moret.
510 2090 574 2128 pr.
611 2081 867 2128 quantumque
906 2078 973 2115 vei
1008 2080 1242 2127 quantasque
1278 2077 1437 2116 Moret.
1476 2079 1692 2115 sea—292
1717 2089 1900 2127 pressura

72 2129 231 2170 Mon-et.
265 2141 351 2170 sec.
387 2131 585 2171 cadavere
615 2133 740 2170 lentus
773 2131 979 2170 Maeander
1004 2142 1164 2180 passure
1200 2129 1465 2181 conjiciebat
1497 2129 1778 2169 Heius—293
1807 2133 1899 2169 nato

0 2195 1 2207 ¹
72 2182 216 2222 dudum
232 2183 332 2223 Vat.
369 2196 431 2235 pr.
467 2184 559 2224 Pal.
577 2184 696 2224 Med.
729 2187 928 2235 piu—294
958 2184 1102 2222 Parcet
1133 2183 1247 2222 Prie.
1269 2184 1354 2222 Par
1390 2187 1428 2222 et
1448 2184 1548 2222 vat.
1584 2195 1647 2233 pr.
1681 2189 1725 2222 et
1760 2183 1898 2234 quint.

72 2234 172 2276 Jun.
192 2248 257 2286 pr.
278 2237 382 2276 Lov.
416 2250 469 2277 m.
503 2250 586 2278 sec.
607 2237 754 2277 Ambr.
789 2243 890 2277 tert.
908 2237 1009 2276 Vat.
1045 2237 1184 2275 Livin.
1220 2237 1342 2275 Paret
1364 2236 1556 2288 finitimis
1575 2236 1710 2276 Colin.
1731 2236 1898 2287 Gryph.

59 2287 252 2341 finitimis
265 2289 413 2331 Ambr.
430 2295 532 2330 tert.
553 2291 637 2330 dno
657 2290 806 2330 Medd.
836 2296 881 2330 et
900 2291 1053 2329 Petav.
1075 2291 1181 2329 Exc.
1202 2290 1313 2329 Laeti
1334 2297 1379 2328 et
1396 2290 1578 2328 Lucens.
1612 2301 1675 2339 pr.
1702 2289 1900 2340 finitimus

74 2341 195 2383 Leid.
224 2355 288 2393 pr.
320 2349 367 2383 et
394 2343 545 2394 viginti
581 2343 716 2384 Codd.
751 2343 849 2383 Ald.
867 2343 989 2384 Junt.
1028 2343 1183 2394 [singr.
1212 2342 1352 2395 Raph.
1387 2342 1454 2382 cd.
1483 2342 1624 2381 Vicet.
1647 2343 1746 2381 Var.
1767 2343 1851 2381 LL.
1872 2354 1897 2381 e

73 2405 205 2447 marg.
225 2396 368 2436 Parm.
390 2397 593 2450 finitimus
611 2398 679 2437 vel
698 2397 893 2450 finitimis
911 2397 1012 2437 vat.
1041 2397 1176 2448 quint.
1198 2396 1301 2446 Reg.
1328 2396 1468 2435 Oxon.
1495 2397 1691 2446 lin—295
1721 2395 1901 2448 imploret

904 2515 1081 2556 NOTAE

75 2623 359 2673 celebrantes,
406 2627 653 2675 presserunt
716 2622 846 2663 tibias
895 2635 949 2662 ex
1016 2622 1131 2661 ultra
1150 2621 1213 2661 ire
1232 2621 1345 2661 licet.

77 2686 194 2727 buxo
214 2686 368 2727 factas.
1070 2687 1149 2724 293
1170 2683 1378 2734 placuere]
1407 2682 1583 2722 Dudum
1603 2682 1767 2735 placuit
1780 2681 1898 2737 Jovi,

128 2754 207 2791 288
234 2749 433 2801 Lachesis]
487 2750 583 2789 Una
614 2749 847 2789 Parcarum
888 2747 948 2788 sic
1016 2752 1065 2787 ut
1084 2747 1248 2798 periret
1266 2746 1474 2797 Phrygia.

75 2812 194 2855 dicta
211 2812 286 2853 ἀπὸ
303 2814 373 2852 τοῦ
389 2811 622 2864 λαγχάνειν,
651 2811 802 2862 sortiri,
837 2811 948 2864 quod
1071 2813 1150 2848 294
1181 2810 1279 2858 Par,
1299 2808 1387 2858 lfa]
1444 2810 1605 2848 Luctus
1637 2813 1782 2851 noster
1818 2819 1898 2860 par

74 2878 277 2917 sortiatur
311 2878 524 2929 ducatque
566 2889 618 2916 ea
670 2888 765 2928 quae
804 2874 951 2914 futura
1018 2877 1084 2912 est
1102 2871 1325 2911 finitimis:
1359 2870 1439 2910 hoc
1466 2876 1548 2920 est,
1579 2870 1793 2921 proximus
1814 2875 1899 2920 est,

75 2945 186 2980 sunt.
1018 2936 1130 2976 idem
1152 2940 1219 2975 est
1238 2948 1286 2975 ac
1308 2935 1342 2974 si
1380 2947 1478 2974 mox
1509 2935 1742 2985 accideret,
1777 2946 1827 2974 ac
1863 2933 1900 2977 si

127 3006 204 3042 291
237 2978 505 3054 Quantasuue]
536 3003 706 3042 Quanto
744 2998 949 3049 sanguine
1016 2998 1199 3038 finitima
1233 2998 1344 3036 mala
1364 2997 1523 3037 forent.

74 3063 300 3116 Sangarius
325 3064 477 3104 fluvius
497 3063 752 3103 foedabitur?
807 3063 951 3103 Quan-
1071 3064 1148 3100 295
1179 3060 1327 3112 Lydia]
1357 3061 1527 3099 Baccho
1546 3071 1666 3100 sacra
1683 3065 1763 3100 est.

77 3132 144 3168 tas
163 3140 299 3168 moras
318 3140 516 3180 passurus
552 3134 620 3167 est
653 3125 876 3166 Maeander
894 3127 950 3165 ob
1076 3123 1262 3174 Thyrsos]
1291 3123 1482 3175 Thyrsus
1503 3127 1571 3162 est
1594 3123 1717 3161 hasta
1736 3120 1900 3173 pampi-

77 3191 308 3231 cadavera?
530 3212 562 3239 ς,
1018 3186 1082 3225 nis
1102 3186 1169 3225 vel
1188 3185 1355 3226 hederis
1382 3186 1591 3237 involuta,
1611 3196 1735 3237 quam
1755 3189 1900 3237 gesta-

131 3257 210 3294 ²92
255 3254 486 3305 Immobilis]
542 3252 659 3293 Finis
700 3253 855 3305 cuique
891 3251 953 3291 rei
1018 3250 1095 3291 bat
1113 3249 1324 3294 Bacchus.

78 3317 351 3368 praescriptus
383 3318 520 3357 haeret
555 3316 794 3368 immobilis,
813 3327 952 3369 neque
1325 3335 1332 3343 ·
1544 3336 1555 3360 g

186 3382 336 3436 Delph.
352 3387 390 3423 et
411 3384 507 3426 Var.
524 3385 631 3426 Clas.
922 3382 1064 3422 claud.
1694 3381 1721 3418 2
1740 3375 1790 3415 M
