2300 3906
866 186 941 226 LA
956 189 1026 228 us
1065 189 1344 233 sERnNAE.
1912 189 2019 242 855

205 296 426 351 Claram
451 299 775 369 Scipiadum
798 307 987 359 taceat
1013 309 1275 364 Cornelia
1297 317 1534 379 gentem,

203 381 381 450 Seque
405 384 585 436 minus
604 386 781 453 jactet
811 389 1034 459 Libycis
1059 396 1250 448 dotata
1273 399 1519 465 tropaeis.

203 463 438 517 Cardine
465 472 522 518 tu
546 470 759 534 gemino
787 472 973 526 laurus
1000 478 1298 543 praetendis
1325 480 1538 533 avitas:

200 546 338 599 Inde
366 548 708 617 Caledoniis,
735 553 1087 611 Australibus
1112 562 1238 613 inde
1262 568 1546 630 parentum
1946 566 2020 620 45

190 628 445 698 -Cingeris
470 636 708 689 exuviis,
786 640 1038 694 Necdum
1063 644 1438 697 moderamina
1458 646 1645 700 mundi

200 713 487 769 Sumserat
511 718 608 770 illa
635 720 853 787 domUS,
877 742 1001 777 cum
1024 731 1076 778 te
1103 727 1316 779 Lucina
1339 729 1520 781 beatis

198 797 400 851 Ederet
424 805 692 855 astrorum
717 806 908 861 radiis,
986 808 1035 860 Ο
1062 811 1308 863 maxima
1331 828 1504 865 rerum

198 880 423 936 Gloria!
463 892 595 951 post
619 891 852 954 genitam
878 891 1073 946 didicit
1097 910 1322 962 regnare
1352 897 1629 951 Serenam.

272 966 422 1031 Quid
448 970 668 1037 dignum
691 991 988 1029 memorare
1013 979 1141 1043 tuis,
1175 979 1477 1048 Hispania,
1504 984 1659 1035 terris
1949 988 2020 1041 50

195 1130 341 1180 uicum,
370 1125 407 1159 et
439 1122 584 1182 retudit
610 1136 718 1164 arma
741 1126 1001 1169 Gaetulorum.
1058 1131 1241 1171 Cornelia
1258 1132 1375 1172 sileat
1391 1144 1514 1182 genus
1544 1132 1693 1173 illustre
1714 1134 1949 1186 Scipionum,
1980 1140 2020 1176 et

196 1183 324 1211 minus
342 1176 514 1236 venditet
532 1188 586 1225 se,
613 1177 844 1228 locupletata
861 1181 1040 1221 victoriis
1057 1183 1210 1232 Africae
1223 1199 1235 1223 :
1276 1188 1335 1235 tu,
1368 1197 1392 1224 o
1413 1186 1582 1235 Serena,
1611 1186 1775 1237 proesers
1793 1187 1922 1227 lauros
1940 1189 2023 1228 avi-

197 1227 260 1264 tas
278 1238 328 1265 ex
346 1229 492 1278 duplici
508 1230 665 1278 regione
685 1233 830 1271 mundi
847 1247 856 1272 ε
887 1235 976 1274 hinc
1003 1238 1155 1275 ornaris
1171 1237 1306 1288 spoliis
1341 1237 1499 1287 Sentice,
1526 1238 1616 1277 inde
1635 1240 1860 1279 meridianis
1878 1241 2023 1293 spoliis

190 1283 397 1340 parentum
416 1285 595 1321 tuorum:
619 1288 657 1322 et
675 1285 809 1324 domus
826 1288 895 1325 illa
912 1288 1245 1329 Theodosiorum
1265 1292 1431 1329 nondum
1448 1295 1601 1340 ceperat
1618 1293 1790 1340 regimen
1808 1294 1923 1343 orbis,
1936 1307 2022 1333 cum

196 1330 346 1371 Lucina
363 1340 521 1384 pareret
541 1339 593 1385 te,
607 1338 688 1375 luce
705 1338 877 1378 siderum
886 1339 1062 1387 favente.
1129 1343 1165 1379 0
1179 1343 1293 1381 honos
1309 1343 1477 1381 omnium
1492 1345 1835 1393 proestantissimus
1849 1346 1867 1385 !
1894 1349 2026 1385 domus

200 1383 410 1426 Theodosia
425 1388 567 1429 didicit
587 1391 777 1441 imperare
789 1397 879 1442 post
899 1392 1082 1433 Serenam
1100 1399 1248 1434 natam.
1308 1396 1413 1440 Quid
1431 1396 1595 1445 dignum
1612 1397 1833 1446 regionibus
1853 1399 1932 1438 tuis
1949 1411 2025 1438 vox

975 1497 1270 1512 eeeeeeeeeee

196 1557 302 1597 Cod.
334 1559 479 1610 Epigr.
503 1560 650 1602 Ambr.
698 1563 837 1603 Getuli
869 1565 933 1615 qui
965 1565 1081 1605 Med.
1109 1570 1305 1605 sem—42
1333 1566 1554 1618 Scipiadem
1582 1568 1679 1608 Vat.
1699 1580 1784 1608 sec.
1806 1569 2021 1619 Buslid.——

195 1614 247 1650 43
265 1612 419 1659 jactata
440 1625 518 1664 pro
536 1617 672 1655 dotata
693 1617 790 1657 Vat.
809 1629 872 1667 pr.
911 1619 1041 1657 ditata
1060 1618 1215 1659 Petav.
1244 1632 1307 1670 pr.
1347 1621 1555 1671 triumphis
1574 1633 1652 1672 pro
1671 1621 1828 1672 tropoeis
1853 1623 2020 1664 Buslid.

195 1667 301 1704 ·—44
334 1667 515 1707 Carmine
537 1668 633 1708 Vat.
654 1681 737 1710 sec.
766 1671 831 1722 qui
849 1671 890 1717 in
910 1683 987 1722 pro
1006 1676 1049 1710 tu
1070 1670 1218 1712 Ambr.
1237 1684 1301 1723 pr.
1330 1674 1460 1711 laurus
1476 1674 1575 1713 Vat.
1597 1686 1659 1724 pr.
1689 1675 1816 1713 tauros
1835 1675 1866 1713 F
1869 1676 2021 1718 lorent.

196 1721 285 1757 tres
307 1719 424 1758 Med.
451 1721 535 1760 inc.
555 1722 704 1761 Heins.
735 1724 837 1763 Put.
857 1725 1021 1764 Thuan.
1043 1726 1207 1764 Bonon.
1229 1725 1312 1764 duo
1332 1726 1484 1766 PetaV.
1503 1727 1586 1765 duo
1608 1726 1755 1767 Ambr.
1776 1728 1934 1767 Moret.
1954 1741 2020 1780 pr.

196 1769 302 1811 Cod.
322 1773 471 1822 Epigr.
494 1772 643 1815 Ambr.
679 1778 783 1817 Exc.
818 1777 1000 1818 Lucens.
1023 1790 1086 1829 pr.
1118 1784 1163 1817 et
1196 1779 1295 1818 Pat.
1318 1791 1402 1818 rec.
1445 1780 1574 1819 lauros
1587 1780 1774 1830 ...amicas
1800 1781 2021 1820 Rustici.—

193 1826 244 1862 45
272 1825 439 1874 petitum
458 1839 535 1876 pro
563 1834 768 1878 parentum
791 1828 938 1870 Ambr.
968 1835 1179 1870 tert.—-46
1211 1832 1400 1882 Congeris
1419 1832 1536 1872 Med.
1567 1838 1708 1883 quart.
1753 1834 1904 1872 exuviis
1922 1835 2022 1875 vat.

195 1888 260 1927 pr.
281 1877 429 1917 Ambr.
452 1885 553 1918 tert.
574 1881 673 1922 Vat.
701 1882 841 1923 Livin.
871 1885 977 1922 Exc.
1006 1885 1103 1922 Pat.
1124 1895 1209 1923 rec.
1243 1897 1297 1924 m.
1331 1897 1414 1924 sec.
1462 1885 1634 1924 excubiis
1665 1886 1749 1924 duo
1778 1887 1895 1926 Vatt.
1925 1888 2020 1928 Pal.

194 1930 318 1969 Rott.
339 1932 470 1970 wisel.
516 1935 654 1972 nedum
683 1936 802 1974 Med.
824 1949 908 1976 sec.
954 1937 1088 1976 mundi
1108 1938 1176 1975 vel
1208 1949 1337 1976 rerum
1368 1937 1639 1977 'rhum—48
1670 1939 1832 1987 Ederet,
1862 1942 1928 1989 &a
1961 1940 2023 1979 ita

195 1983 441 2023 emendavit
460 1985 549 2025 haec
570 1987 616 2026 C.
638 1987 880 2029 Gevartdn
900 1990 1039 2039 Epist.
1060 1989 1112 2028 ad
1130 1989 1354 2029 Heinsium
1373 1990 1472 2028 data
1487 1989 1755 2041 Antverpiae‚
1775 1991 1873 2031 Kal.
1893 1992 2022 2033 Mart.

197 2047 388 2076 MDchl.
409 2038 482 2076 ubi
512 2038 775 2090 Scaligerum
797 2042 838 2080 in
860 2042 1001 2081 Libris
1022 2043 1076 2081 de
1102 2042 1279 2082 Emeud.
1298 2043 1445 2093 Temp.
1467 2050 1538 2081 aut
1558 2048 1677 2083 certe
1706 2044 1760 2082 ad
1793 2044 2023 2084 Eusebium

193 2088 305 2129 hunc
326 2091 464 2130 locum
501 2104 583 2131 non
607 2094 709 2132 satis
729 2094 892 2145 cepisse
911 2100 1044 2135 notat.
1091 2095 1259 2134 Addidit
1280 2096 1381 2134 Vat.
1401 2107 1489 2134 sec.
1521 2095 1669 2136 Ambr.
1700 2101 1800 2136 tert.
1846 2098 2026 2138 Adaerat

197 2141 331 2183 Oisel.
368 2145 439 2196 qui
472 2151 514 2184 et
543 2159 618 2186 non
637 2148 811 2186 maxima
830 2148 1128 2187 exhibet.—49
1154 2160 1226 2199 per
1249 2148 1426 2197 genitam
1446 2148 1550 2187 Put.
1593 2149 1833 2188 domitam...
1850 2150 2029 2191 Scienem

195 2196 359 2239 Buslid.
389 2197 546 2239 Serenae
568 2201 667 2241 Vat.
688 2213 751 2252 pr.
768 2201 947 2254 figuram
977 2213 1054 2254 pro
1075 2197 1261 2241 Ser-enain
1283 2202 1490 2241 Fun-50
1518 2202 1650 2252 regnis
1664 2203 1765 2242 Vat.
1784 2206 1884 2243 tert.
1903 2204 2024 2245 Rott.

1028 2327 1201 2368 NOTAE

250 2423 302 2460 42
334 2420 534 2472 Cornelia]
575 2422 758 2462 Illustris
776 2427 821 2462 et
840 2421 969 2462 docta
1000 2420 1076 2461 foe-
1147 2427 1193 2461 et
1211 2421 1426 2472 felicibus,
1446 2420 1564 2473 quasi
1592 2421 1662 2460 illa
1683 2406 2021 2463 Theodosiorum

194 2483 325 2533 mina,
343 2484 634 2524 Gracchorum
651 2489 800 2535 mater,
815 2483 902 2523 filia
919 2483 1077 2534 Scipio·
1145 2484 1306 2531 domus,
1321 2490 1364 2523 te
1382 2484 1542 2535 genita,
1561 2481 1676 2523 facta
1691 2482 1823 2523 fuerit
1837 2483 2021 2526 felicior.

195 2545 494 2589 nis-Africani
530 2547 720 2598 majoris,
772 2547 843 2599 qui
881 2544 1075 2585 Africam

196 2609 440 2661 Poenosque
459 2610 637 2650 domuit.

249 2677 301 2712 43
334 2674 500 2724 Dotata]
552 2673 716 2711 Puellae
759 2674 960 2712 Romanae
995 2686 1076 2724 pro

196 2735 297 2776 dote
318 2737 626 2786 computabant
646 2742 690 2775 et
712 2741 912 2787 paternos
933 2737 1076 2776 trium-

196 2799 316 2851 phos,
336 2811 408 2837 seu
432 2800 605 2849 gloriam
629 2799 817 2838 victoriis
838 2800 1077 2840 collectam.

248 2865 300 2901 45
334 2861 572 2911 Caledoniis]
600 2862 807 2912 Scoticis3
835 2866 846 2884 ‘
868 2875 963 2901 nam
984 2875 1075 2902 eam

195 2924 344 2966 insulae
366 2932 548 2975 purtem,
570 2937 662 2976 quae
684 2937 795 2964 nunc
825 2926 968 2966 Scotia
996 2931 1076 2975 est,

198 2988 477 3029 Caledoniam
514 2988 613 3026 olim
653 2990 930 3039 appellatam,
980 3002 1075 3029 cum

199 3062 255 3091 ex
275 3051 383 3100 aliis,
420 3057 509 3089 tum
544 3064 594 3089 ex
628 3052 778 3091 Tacito
813 3053 996 3091 maxime
1028 3052 1077 3091 li-

199 3114 331 3167 quet!
361 3115 596 3154 Cluverius..

253 3178 468 3216 Parentum
496 3177 667 3227 exuviis]
724 3178 840 3218 Quas
875 3184 1076 3228 parentes

199 3238 280 3290 tui,
310 3239 570 3279 Theodosius
600 3245 645 3278 et
664 3240 894 3290 Honorius,
923 3242 1080 3280 retule-

203 3306 315 3341 runt.

264 3364 316 3404 4⁷
345 3363 487 3404 Beatis
502 3364 647 3420 radiis]
674 3364 817 3408 Astris
837 3365 1085 3408 faventibus

1143 2546 1228 2586 Alii
1248 2547 1413 2598 legunt,
1441 2559 1527 2586 cum
1558 2550 1597 2585 te
1624 2546 1775 2586 Lucina
1793 2546 1915 2586 beatis
1936 2549 2020 2587 Aa·

1144 2612 1253 2649 deret
1271 2615 1464 2649 astrorum
1482 2610 1619 2661 radiis,
1651 2609 1695 2649 id
1726 2615 1809 2660 est,
1842 2610 2023 2652 adderet

1146 2680 1190 2713 te
1207 2673 1415 2712 sideribus
1434 2673 1594 2724 mundi,
1611 2684 1683 2712 seu
1704 2673 1893 2724 personis
1907 2674 2023 2725 prin-

1143 2737 1329 2788 cipibus,

1197 2803 1251 2839 49
1279 2800 1432 2839 Didicit
1463 2798 1647 2849 regnare]
1690 2798 1847 2850 Ingens
1877 2799 2021 2839 adula-

1145 2862 1230 2901 tio:
1262 2862 1380 2913 quasi
1400 2862 1597 2900 nimirum
1631 2866 1744 2900 astra
1778 2862 2022 2903 distulerint

1146 2924 1368 2975 imperium
1389 2924 1634 2971 Theodosii,
1664 2936 1883 2976 quousque
1902 2917 2025 2964 Sere·

1144 3000 1199 3026 na
1217 2994 1477 3027 nasceretur.

1149 3062 1153 3068 ·
1198 3055 1250 3090 50
1280 3050 1496 3101 Hispania]
1526 3054 1537 3072 ‘
1555 3047 1701 3088 Terris
1725 3049 1918 3089 omnibus
1938 3053 2023 3089 ter-

1145 3127 1192 3153 ra
1209 3113 1390 3162 felicior,
1411 3114 1476 3151 cui
1494 3111 1756 3162 excolendae,
1769 3119 1897 3164 atque
1914 3111 2022 3154 adeo

1147 3176 1347 3226 ditandae,
1359 3175 1603 3226 impensius,
1616 3187 1739 3226 quam
1755 3173 1909 3213 ceteris
1920 3184 2020 3223 gen-

1150 3241 1263 3280 tibus
1284 3251 1507 3291 supremus
1529 3239 1600 3278 ille
1621 3249 1761 3277 rerum
1787 3234 2020 3276 fabricator

1149 3301 1356 3355 indulsit,'
1373 3303 1454 3343 διο.
1483 3300 1660 3342 Latinus
1679 3298 1879 3339 Pacatus.
