2300 3906
306 205 414 259 798
834 218 929 260 οι..
970 208 1326 259 cunnum
1368 211 1604 254 xxviii.

310 313 474 391 Colla
494 338 679 390 levant
703 336 931 405 pulcher
954 334 1204 396 TicinuS,
1224 338 1280 386 et
1305 332 1509 386 Addua
1532 333 1659 385 visu
2027 330 2134 384 195

311 420 584 484 CoeruluS,
609 425 666 472 et
690 419 852 471 velox
877 415 1126 480 Athesis,
1151 417 1453 485 tardusque
1477 421 1665 470 meatu

312 505 578 567 MinciuS,
604 505 769 569 inque
794 517 988 553 novem
1013 517 1344 568 consurgens
1369 517 1471 554 ora
1491 502 1777 555 Timavus,

309 588 593 641 Insultant
618 602 807 642 omnes
830 584 1084 654 profugO,
1111 590 1427 653 pacataque
1447 585 1638 638 laetum

309 672 554 725 Invitant
579 672 649 723 ad
675 676 834 739 prata
859 686 1047 740 pecus.
1118 668 1246 721 Jam
1273 669 1432 721 Pana
1457 669 1741 738 Lycaeum,

308 755 346 806 J
351 772 439 808 am
465 756 728 825 Dryadas
753 760 1038 819 revocant,
1067 759 1123 807 et
1147 754 1355 807 rustica
1377 755 1601 806 numina
1626 753 1875 806 Faunos,

381 840 472 892 Tu
493 845 713 909 quoque
726 857 848 899 ,non
871 856 1104 909 parvum
1130 839 1349 902 Getico,
1377 838 1624 901 Verona,
1650 837 1929 906 triumpho

310 922 585 993 Adjungis
611 924 923 977 cumulum:
961 938 1061 975 nec
1084 924 1214 991 plus
1240 923 1516 975 Pollentia
1539 924 1702 975 rebus

312 1003 559 1059 Contulit
580 1006 868 1070 AusoniiS,
897 1012 998 1059 aut
1020 1007 1226 1059 moenia
1250 1006 1485 1059 vindicis
1512 1005 1695 1060 Astae.

314 1089 429 1142 Hic
455 1107 660 1155 rursuS,
688 1091 818 1143 dum
844 1096 1014 1160 pacta
1038 1095 1241 1154 movet,
1277 1090 1602 1159 damnisque
1626 1095 1856 1144 coactus

2031 751 2138 804 200

301 1198 515 1251 formosus,
550 1206 590 1241 et
616 1202 760 1241 Addua
788 1203 973 1241 coeruleus
997 1201 1107 1250 facie
1137 1203 1324 1243 attollunt
1369 1202 1499 1254 capita
1528 1201 1729 1243 humentia
1760 1213 1814 1241 ex
1839 1198 2039 1241 littoribus
2068 1198 2148 1252 syl·

310 1255 435 1300 rosim
462 1260 502 1295 et
530 1254 656 1294 simul
687 1255 851 1295 Athesis
881 1256 996 1303 celer,
1021 1269 1067 1295 uc
1098 1256 1274 1296 Mincius
1302 1257 1428 1297 lentus
1459 1268 1589 1306 cursu,
1624 1260 1663 1296 et
1699 1255 1883 1295 Timavus
1913 1255 2068 1304 erigens
2099 1265 2144 1292 se

311 1307 354 1346 ἰιι
382 1319 518 1347 novem
550 1309 677 1348 ostia:
705 1321 835 1348 omnes
866 1309 907 1347 hi
941 1307 1063 1347 fluvii
1095 1309 1266 1348 illudunt
1298 1309 1474 1348 Alarico
1497 1309 1694 1360 fugienti,
1722 1313 1761 1348 et
1794 1307 1969 1347 excitant
2002 1318 2148 1357 greges

312 1361 422 1400 1aetos
440 1363 491 1400 ud
506 1373 648 1412 pascua
664 1362 831 1413 placida.
885 1363 980 1400 dam
999 1366 1182 1401 revocant
1209 1362 1322 1401 Pana
1354 1362 1552 1414 Dycaenm,
1571 1362 1660 1410 jam
1691 1362 1889 1413 Dryades,
1918 1364 1957 1400 et
1976 1361 2147 1409 Faunos,

313 1413 420 1452 Deos
438 1418 627 1463 agrestes.
682 1415 742 1453 Tu
760 1415 894 1463 etiam,
922 1426 947 1453 o
975 1414 1145 1464 Verona,
1176 1415 1290 1454 addis
1319 1416 1491 1465 gloriam
1518 1427 1595 1454 non
1623 1415 1854 1454 mediocrem
1871 1413 2047 1453 victorioe
2069 1413 2148 1451 Ge·

313 1466 404 1504 ticae
419 1479 432 1505 .·
459 1479 580 1517 neque
601 1468 809 1517 Pollentia,
844 1479 963 1518 neque
982 1468 1109 1507 ultrix
1126 1469 1218 1508 urbs
1233 1469 1334 1507 Asta
1354 1469 1482 1518 magis
1508 1468 1621 1507 auxit
1637 1468 1840 1518 imperium
1859 1467 2007 1506 Italiae.
2064 1465 2149 1506 Hic

314 1518 514 1559 Alaricus
533 1521 677 1561 iterum
693 1522 786 1561 dum
803 1521 974 1560 concutit
996 1520 1168 1570 soedera,
1196 1525 1235 1559 et
1254 1523 1415 1560 adactus
1432 1520 1621 1570 cladibus,
1648 1523 1774 1559 tentat
1799 1524 2022 1570 permutare
2046 1531 2148 1569 proe-

1080 1599 1374 1614 θθθθθθθθθθθθ

313 1651 443 1679 omnes
463 1650 541 1691 pro
561 1651 692 1678 amnes
711 1639 794 1678 inc.
818 1639 1110 1679 Heins.—l95
1144 1637 1275 1676 Tieius
1291 1638 1412 1678 Med.
1435 1644 1571 1691 quart.
1603 1637 1813 1690 Tociusque
1827 1639 1951 1678 ardua
1969 1637 1996 1678 J
2002 1650 2070 1678 un.
2084 1648 2148 1690 pr.

315 1691 448 1732 Ticius
467 1696 506 1731 et
523 1693 664 1732 Ardua
697 1692 839 1732 Oxou.
858 1705 926 1743 pr.
975 1692 1109 1731 Ticius
1125 1695 1241 1742 atque
1259 1693 1384 1731 ardua
1404 1692 1549 1732 Oxon.
1582 1704 1667 1732 sec.
1715 1692 1874 1732 Ticinus
1891 1696 2006 1744 atque
2025 1692 2149 1731 ardua

316 1745 401 1785 duo
420 1744 575 1785 Leidd.
617 1748 657 1784 et
676 1746 818 1784 Addua
839 1746 996 1784 Moret.
1026 1757 1091 1797 pr.
1121 1746 1226 1784 Exc.
1249 1745 1371 1785 Laeti.
1412 1749 1526 1797 atque
1543 1746 1628 1786 duo
1647 1746 1767 1786 Vatt.
1790 1746 1906 1785 Prie.
1927 1746 2045 1786 Rott.
2065 1744 2151 1785 duo

316 1798 437 1838 Med.
460 1800 564 1838 Lov.
582 1798 750 1838 Tholos.
780 1799 863 1839 inc.
886 1799 1040 1838 Heins.
1071 1799 1174 1838 Put.
1194 1798 1304 1850 Reg.
1323 1799 1489 1840 Thuan.
1510 1800 1672 1839 Mazar.
1693 1800 1858 1839 Bonon.
1890 1804 1978 1839 tres
2000 1800 2151 1840 Petav-

316 1851 385 1892 ed.
403 1852 547 1892 Vicet.
570 1852 676 1891 Exc.
699 1853 881 1893 Lucens.
914 1865 980 1903 pr.
999 1853 1105 1892 Var.
1126 1852 1215 1892 LL.
1248 1863 1272 1891 e
1292 1864 1426 1904 marg.
1447 1854 1593 1893 Parm.
1621 1855 1724 1892 adua
1745 1854 1864 1893 Rottz.
1886 1847 1970 1891 duo
1999 1851 2149 1893 Medd.

316 1905 464 1945 Ambr.
484 1910 584 1944 tert.
605 1906 672 1945 ed.
692 1905 836 1946 Vicet.
874 1906 1016 1946 Addua
1036 1906 1192 1946 PetaV.
1213 1918 1278 1956 pr.
1295 1906 1463 1946 Thuan.
1483 1908 1592 1947 Exc.
1614 1907 1798 1946 Lucens.
1820 1918 1886 1957 pr.
1914 1907 2040 1945 ardua
2061 1910 2150 1946 tres

315 1960 437 1998 Vatt.
459 1958 595 1998 Oisel.
616 1959 805 1998 Florent.
826 1958 910 1999 duo
929 1958 1051 2000 Med.
1070 1959 1172 1999 Put.
1203 1959 1309 2011 Reg.
1329 1960 1415 2000 duo
1435 1960 1588 2000 Petav.
1619 1961 1782 2000 Bonon.
1801 1959 1970 1999 Tholos.
2001 1957 2151 2000 Ambr-

317 2023 402 2051 sec.
424 2013 526 2051 Lov.
547 2012 704 2051 Moret.
735 2024 818 2051 sec.
840 2012 935 2052 Var.
959 2013 1043 2052 LL.
1075 2012 1145 2051 ed.
1174 2011 1307 2052 Antv.
1336 2015 1455 2053 ardea
1474 2015 1575 2054 Vat.
1597 2019 1700 2054 tert.
1720 2026 1776 2052 m.
1797 2024 1882 2053 sec.
1902 2013 2061 2052 Μαι-οι.
2083 2023 2151 2065 ρι’.

318 2064 461 2104 Abdua
479 2065 563 2104 inc.
584 2066 739 2104 Heius.
761 2064 857 2105 Ald.
885 2065 1026 2105 Abdum
1047 2066 1112 2104 vel
1135 2067 1271 2105 Ardua
1298 2067 1604 2107 Mezen—198
1633 2068 1847 2106 Exsultunt
1868 2066 1937 2106 vel
1956 2066 2153 2105 [multant

318 2117 441 2157 Med.
474 2121 715 2157 tert.-200
744 2118 928 2169 Dryades
958 2118 1041 2157 duo
1073 2119 1196 2157 Vatt.
1231 2118 1324 2159 Pal.
1360 2120 1487 2159 Farn.
1524 2121 1646 2160 Rott.
1689 2119 1977 2171 Dryadasduo
2001 2117 2155 2160 Leidd.

320 2169 464 2210 Oxon.
485 2182 553 2222 pr.
578 2170 697 2210 Med.
720 2175 823 2211 tert.
843 2171 946 2211 Put.
968 2171 1077 2222 Reg.
1096 2171 1259 2222 Mazar.
1280 2173 1446 2212 Bonon.
1466 2172 1549 2211 dno
1577 2174 1731 2212 Petav.
1764 2178 1851 2212 tres
1871 2170 2021 2211 Ambr.
2044 2173 2150 2212 Lov-

318 2222 481 2263 Moret.
501 2235 585 2263 sec.
605 2224 703 2263 Vat.
726 2223 866 2264 Livin.
903 2226 1008 2264 Exc.
1044 2225 1228 2265 Lucens.
1259 2237 1323 2276 pr.
1351 2237 1397 2264 ac
1416 2220 1565 2265 rustica
1595 2225 1701 2265 Lov.
1719 2228 1758 2264 et
1780 2232 1868 2264 tres
1889 2224 2007 2266 Vatt.
2028 2222 2150 2266 Prie.

319 2275 457 2316 Oisel.
488 2276 576 2325 jam
595 2274 747 2316 Ambr.
770 2282 870 2317 tert.
917 2277 1005 2326 jum
1024 2277 1178 2317 rustica
1208 2275 1360 2318 Ambr.
1382 2290 1444 2330 pr.
1464 2285 1510 2317 et
1530 2279 1591 2318 sie
1611 2279 1743 2319 Gesn.
1763 2283 1806 2317 et
1826 2278 1893 2318 ed.
1915 2276 2148 2329 Bipont.—-

316 2333 396 2369 201
455 2341 547 2369 arvo
567 2329 722 2370 Petav.
743 2340 830 2370 sec.
849 2330 951 2370 Var.
971 2330 1055 2370 LL.
1078 2330 1148 2369 ed.
1168 2329 1303 2370 Autv.
1334 2337 1383 2370 ut
1411 2337 1458 2371 et
1488 2333 1648 2371 Neroua
1667 2343 1742 2382 pro
1769 2332 1919 2372 Verona
1938 2333 2041 2371 Var.
2062 2331 2151 2371 LL.

320 2382 389 2422 ed.
451 2385 677 2422 nim-203
719 2389 772 2422 a'n
791 2383 932 2422 moenia
951 2383 1053 2424 Jun.
1076 2392 1140 2435 pr.
1171 2383 1322 2434 judicis
1350 2396 1428 2436 pro
1445 2384 1614 2425 vindicis
1630 2386 1757 2425 Farn.
1799 2385 1923 2424 hastoe
1944 2397 2022 2436 pro
2038 2383 2153 2424 Asta

319 2447 465 2475 omnes
487 2434 610 2475 Vatt.
631 2436 726 2475 Pal.
747 2437 872 2475 Fam.
891 2436 1011 2475 Prie.
1031 2437 1151 2477 Rott.
1171 2436 1305 2477 Oisel.
1326 2442 1507 2490 quatuor
1529 2438 1647 2478 Med.
1676 2438 1784 2488 Reg.
1802 2439 1966 2477 Thuan.
1985 2439 2150 2478 Mazar-

319 2494 410 2528 ἴτε-8
430 2489 583 2528 Petav.
604 2489 770 2529 Bonon.
792 2489 892 2530 Pat.
911 2489 1082 2530 Tholos.
1101 2489 1187 2529 duo
1218 2489 1370 2530 Ambr.
1392 2491 1518 2531 Leid.
1540 2504 1606 2542 pr.
1642 2491 1746 2531 Exc.
1768 2492 1952 2531 Lucens.
1986 2503 2051 2542 pr.
2082 2490 2154 2530 ed.

319 2542 462 2582 Vicet.
480 2542 635 2582 Sched.
653 2542 767 2583 Gud.
786 2543 890 2582 Var.
914 2544 1001 2583 LL.
1035 2542 1104 2582 ed.
1139 2542 1271 2584 Antv.
1303 2550 1351 2584 et
1379 2556 1511 2595 marg.
1532 2545 1676 2584 Parm.
1711 2545 1754 2583 in
1777 2546 1930 2586 Petav.
1961 2557 2024 2597 pr.
2060 2548 2155 2584 erat

321 2595 479 2646 glossa,
497 2595 525 2636 i.
539 2607 580 2636 e.
609 2596 950 2636 Ravenna—204
982 2597 1062 2641 Qua·
1081 2609 1215 2636 rursus
1229 2599 1327 2638 Vat.
1343 2604 1483 2650 quart.
1500 2599 1589 2648 J’um
1605 2599 1673 2637 vel
1687 2600 1778 2638 dum
1797 2598 1940 2638 Oxou.
1957 2610 2021 2650 pr.
2037 2601 2158 2649 pacta

319 2652 431 2690 voret
452 2648 594 2689 Oxon.
612 2661 701 2690 sec.
737 2653 856 2701 pacta
874 2654 1004 2689 manet
1038 2651 1165 2690 Farn.
1189 2655 1308 2703 prata
1335 2651 1407 2692 ed.
1428 2651 1572 2693 Vicet.
1609 2656 1729 2704 pacta
1760 2653 1867 2692 Exc.
1887 2652 2066 2692 Lucem.
2089 2663 2155 2704 pr.

377 2762 454 2810 19⁵
489 2769 665 2823 Mnus,
687 2770 849 2821 Addua,
875 2770 1051 2819 Athesis,
1074 2717 1339 2811 ΤὶιὴῗρΤέῗι
1371 2771 1473 2812 urbs
1508 2772 1812 2825 pulcherrima,
1871 2771 2155 2825 munitissima

320 2833 409 2884 vus]
436 2832 642 2874 Totidem
658 2838 760 2874 nunt
787 2832 979 2875 flumina.
1033 2835 1106 2874 De
1133 2834 1207 2874 Ti·
1272 2834 1488 2886 Venetioe,
1507 2848 1532 2875 a
1549 2835 1688 2877 Gallis
1704 2835 1878 2875 condita
1897 2834 2006 2874 duce
2019 2834 2155 2874 Bren-

322 2907 458 2948 mavo,
477 2909 624 2949 supra.

378 2962 458 2999 199
485 2960 600 2999 Pana
630 2959 833 3012 Lyceum]
892 2961 1014 3000 Pana
1050 2973 1209 3002 numen

323 3019 450 3071 ruris,
479 3021 563 3060 coli
593 3022 766 3062 solitum
797 3022 842 3062 in
879 3023 1034 3077 Lycaeo
1063 3029 1207 3065 monte

322 3081 540 3132 Arcadiae,
556 3083 597 3122 in
619 3084 802 3125 Graecia.

351 3149 456 3186 -201
508 3146 680 3197 Verona]
725 3147 1021 3188 Proculdubio
1057 3150 1206 3190 multae

323 3208 565 3249 extiterunt
598 3207 837 3249 Gothorum
869 3210 1028 3261 clades,
1065 3218 1207 3253 aucto·

326 3283 422 3311 rum
456 3270 618 3311 invidia
651 3277 748 3323 post
779 3272 1053 3314 interfectum
1089 3275 1207 3315 Stili-

325 3333 505 3378 chonem
525 3345 702 3385 pressae.
760 3334 945 3386 Verona,
963 3348 1088 3387 quam
1105 3337 1207 3377 Gal-

324 3395 463 3438 lienus
470 3395 714 3450 Imperator
723 3397 896 3441 vocavit
907 3398 1210 3451 Gallienioenm,

1274 2910 1346 2946 no,
1377 2898 1491 2938 unde
1521 2904 1567 2939 et
1597 2899 1698 2939 olim
1730 2899 1916 2940 Brenona
1935 2896 2066 2945 dicta,
2096 2899 2154 2935 ex

1274 2953 1531 3010 Mnnstero]
1543 2961 1597 3000 ad
1617 2973 1742 3014 quam
1761 2958 1946 3011 contigit
1964 2957 2155 2998 secunda

1277 3024 1516 3065 Gothorum
1533 3024 1690 3063 clades.

1327 3090 1408 3128 202
1439 3087 1650 3138 Pollentia]
1681 3084 1823 3126 Hodie
1843 3085 2046 3125 Palanza:
2077 3083 2154 3125 sed

1274 3148 1329 3189 de
1349 3149 1427 3188 hac
1445 3161 1587 3199 supra.

1326 3213 1406 3250 203
1442 3210 1619 3251 Vindicis
1650 3209 1782 3261 Acte]
1835 3208 1945 3250 Asta
1982 3219 2155 3263 quoque

1274 3274 1375 3315 urbs
1414 3282 1496 3324 est,
1532 3276 1584 3313 ad
1624 3287 1750 3326 qnam
1786 3276 1982 3328 suspicor
2019 3286 2156 3315 οπεος

1275 3337 1405 3377 etiam
1425 3349 1519 3377 esse
1538 3337 1718 3378 Gothos.

1329 3402 1410 3441 204
1442 3400 1566 3440 Pacta
1583 3400 1727 3453 movet]
1753 3398 1958 3441 Concutit
1971 3410 2022 3440 uc
2040 3398 2155 3441 labe·
