2300 3906
317 212 432 267 650
882 225 978 264 ci..
1018 219 1372 262 cLAumANt
1414 219 1582 259 xxn.

326 358 400 413 Et
422 359 566 412 sacri
594 357 790 411 Mariae
816 360 1026 423 partus,
1104 352 1313 406 Lucina
1335 354 1557 407 labores

326 443 577 496 Solatur:
617 441 825 493 residet
841 439 1077 506 fulgente
1102 454 1374 506 puerpera
1385 439 1551 490 lecto.

325 527 571 580 Solicitae
589 527 757 593 juxta
782 524 1087 593 pallescunt
1114 523 1319 589 gaudia
1345 522 1556 574 matris,

325 611 655 679 Susceptum
680 625 911 678 puerum
936 607 1200 659 redimitae
1228 610 1471 674 tempora
1495 603 1774 673 Nymphae
2039 600 2147 653 345,

324 694 462 748 Auri
489 696 634 747 fonte
653 696 853 746 lavant.
927 693 1165 744 Teneros
1186 691 1254 742 de
1281 689 1507 741 stamine
1531 689 1694 750 risuS,
2089 702 2092 704 ’

325 778 673 847 Vagitusque
700 778 887 830 audire
927 780 1107 844 putes.
1183 775 1220 826 J
1226 791 1314 826 am
1342 777 1588 825 creverat
1612 771 1789 824 infans

329 862 439 916 Ore
463 864 640 915 ferens
667 867 906 930 patrem:
946 860 1048 913 sed
1073 875 1208 912 avus
1234 858 1495 910 maturior
1517 858 1626 909 aevi

323 947 534 1006 ,Martia
556 951 770 998 recturo
789 945 952 996 tradit
968 947 1255 1011 praecepta
1277 942 1487 1007 nepoti.

325 1031 490 1083 Parte
511 1033 619 1082 alia
644 1030 856 1097 spumis
879 1029 1155 1080 fucantem
1180 1027 1371 1078 Serica
1393 1024 1567 1077 fraena
2044 1021 2151 1075 350

328 1115 672 1182 SanguineiS,
699 1115 891 1182 primae
919 1113 1167 1180 signatus
1194 1112 1325 1164 flore
1344 1111 1614 1179 juventae,
1902 1115 1906 1119 '

327 1260 480 1300 Lucina
498 1261 713 1300 consolatur
732 1270 989 1310 puerperam
1009 1257 1271 1297 laborantem.-
1301 1257 1391 1295 haec
1409 1257 1513 1295 sedet
1532 1256 1573 1294 in
1595 1253 1715 1294 cubili
1732 1253 1970 1304 splendente.
2027 1251 2154 1313 Prope
2195 1260 2201 1269 ·

327 1318 452 1352 mater
466 1314 587 1352 anxia
601 1318 638 1352 et
658 1315 794 1352 laetans
810 1313 941 1363 pallet.
1002 1311 1195 1362 Nympha„²
1213 1311 1340 1361 capite
1358 1313 1538 1348 coronat-o
1566 1308 1726 1346 abluunt
1755 1307 1794 1345 in
1819 1305 1936 1355 fonte
1962 1317 2077 1344 aureo
2094 1316 2156 1343 zn-

318 1366 475 1414 funtem
488 1371 581 1406 natu
589 1381 638 1405 m.
697 1368 842 1405 Credas
863 1375 904 1403 te
923 1366 1056 1403 audire
1074 1364 1177 1403 risus
1197 1365 1354 1403 tenellos
1373 1367 1411 1401 et
1432 1363 1607 1411 vagitum
1626 1374 1676 1399 ex
1694 1362 1786 1399 tela.
1839 1361 2007 1410 Jamque
2024 1356 2157 1406 infans

327 1420 487 1459 habens
503 1422 652 1459 vultum
667 1419 832 1458 similem
856 1419 964 1470 patvi
997 1418 1185 1456 Honorio
1214 1420 1410 1455 creverat.-
1437 1417 1504 1454 sed
1523 1427 1618 1454 avus
1642 1414 1819 1453 Stilicho
1838 1416 2015 1452 maturus
2040 1414 2158 1472 aetate

326 1474 398 1512 dat
429 1475 658 1512 documenta
688 1473 839 1511 Martia
873 1472 1005 1522 nepoti
1035 1473 1282 1510 moderatum
1319 1470 1498 1509 Orbem.
1554 1470 1619 1506 Ex
1653 1470 1766 1518 parte
1796 1465 2159 1526 alterunchenus

329 1525 438 1565 filins
461 1526 706 1565 Stilichonis
740 1527 915 1576 depictus
946 1524 988 1563 in
1010 1524 1115 1575 flore
1138 1526 1280 1574 primoe
1298 1523 1519 1571 juventutis
1549 1520 1729 1560 domabat
1757 1531 1894 1571 equum
1920 1518 2158 1570 inficientem

1094 1642 1389 1658 aeaeaeaeaeaeaeaeaeaeaeae

330 1727 409 1762 342
437 1735 565 1762 sacros
581 1723 742 1762 Moret.
761 1735 826 1773 pr.
850 1727 992 1773 partus
1012 1722 1159 1762 Mariae
1172 1722 1290 1762 Med.
1310 1727 1410 1776 tert.
1429 1721 1528 1761 Pat.
1567 1725 1706 1772 portus
1721 1721 1847 1760 Voss.
1866 1732 1923 1760 m.
1943 1732 2010 1772 pr.
2056 1720 2160 1760 dolo-

330 1789 391 1815 res
411 1775 533 1815 Leid.
554 1788 616 1826 pr.
637 1777 739 1815 Vat.
760 1788 825 1826 pr.
844 1783 889 1815 et
910 1782 1013 1815 tert.
1035 1776 1128 1815 Pal.
1154 1777 1274 1815 Rott.
1304 1775 1437 1815 Oisel.
1463 1775 1631 1814 OE'huan.
1650 1774 1813 1814 Mazar,
1830 1773 1935 1816 Jun.
1956 1779 2000 1812 et
2019 1773 2160 1814 Oxon.

331 1843 395 1881 pr.
424 1835 509 1869 vet.
536 1830 643 1881 Gyn
669 1830 774 1869 Exc.
804 1829 914 1868 Laeti
942 1836 987 1869 et
1006 1830 1183 1868 Lucens.
1206 1841 1268 1879 pr.
1313 1828 1461 1869 labores
1478 1830 1601 1870 Voss.
1621 1840 1715 1869 cum
1739 1826 2034 1867 novemdecim
2054 1827 2159 1878 aliis,

332 1884 438 1923 Exc.
469 1883 646 1922 Gevart.
680 1882 781 1922 Ald.
816 1884 883 1922 ed.
919 1883 1060 1922 Parm.
1097 1888 1142 1922 et
1174 1883 1317 1923 Vicet.
1375 1883 1525 1922 dolores
1557 1883 1626 1922 vel
1658 1881 1806 1921 labores
1843 1880 1984 1921 Oxon.
2009 1892 2161 1924 sec.—

330 1939 409 1975 343
428 1936 539 1984 Justa
556 1937 658 1974 Var.
684 1937 766 1975 LL.
787 1935 855 1975 ed.
876 1936 1007 1975 Antv.
1050 1940 1195 1975 matres
1213 1935 1332 1976 Med.
1353 1941 1454 1976 tert.
1474 1936 1636 1975 Mazar.
1665 1935 1749 1974 inc.
1777 1934 1929 1976 Heius.
1950 1934 2019 1986 qui
2040 1934 2161 1973 matri

332 1988 676 2028 rescribit—345
708 1988 938 2040 Suspectum
970 1990 1094 2028 Voss.
1124 2002 1180 2029 m.
1215 2002 1276 2040 pr.
1322 1990 1546 2029 redimitum
1576 1990 1680 2038 Reg.
1715 1988 1856 2028 Oxon.
1888 2000 1951 2038 pr.
2004 1999 2162 2038 cor-pore

334 2041 482 2082 Ambr.
502 2044 702 2094 pra—346
731 2043 859 2080 levant
878 2043 980 2082 Jun.
1008 2054 1071 2093 pr.
1095 2043 1190 2082 Vat.
1211 2055 1296 2082 sec.
1315 2044 1441 2082 Fam.
1477 2043 1519 2082 in
1536 2041 1701 2082 stamine
1714 2042 1840 2081 Voss.
1862 2042 1964 2081 Lov.
1995 2041 2164 2081 Bonon.

331 2095 498 2134 Thalos.
527 2096 609 2145 inc.
640 2094 790 2134 Heins.
825 2095 947 2134 ambo
968 2096 1125 2134 Moret.
1155 2101 1243 2134 tres
1277 2094 1427 2142 Ambr.
1454 2097 1560 2135 Exc.
1593 2096 1772 2136 Gevart.
1802 2095 1984 2135 Lucens.
2004 2106 2069 2146 pr.
2090 2093 2162 2134 ed.

332 2148 476 2188 Vicet.
504 2149 690 2187 stramine
712 2149 863 2186 Petav.
886 2160 971 2187 sec.
989 2160 1042 2187 m.
1062 2160 1147 2187 sec.
1189 2149 1231 2187 in
1249 2149 1418 2188 stamina
1439 2149 1557 2188 Med.
1579 2156 1677 2188 tert.
1701 2151 1797 2188 Put.
1819 2148 1908 2188 tres
1929 2149 2082 2188 Petav.
2113 2149 2161 2187 de

333 2201 499 2240 stamine
517 2202 617 2239 Vat.
639 2213 701 2252 pr.
731 2206 777 2240 et
796 2206 897 2241 tert.
919 2202 1011 2240 Pal.
1030 2201 1163 2241 Oisel.
1184 2202 1288 2241 Exc.
1311 2201 1435 2241 Laeti.
1463 2204 1511 2240 de
1530 2203 1596 2240 vel
1615 2203 1658 2241 in
1672 2202 2000 2242 stamine-Oxou.
2022 2212 2163 2242 sec.—

333 2258 409 2294 34⁷
448 2255 614 2303 Vagitus
643 2255 744 2294 Jun.
779 2258 978 2305 pr.—348
1003 2267 1145 2304 gerens
1165 2255 1323 2294 Moret.
1345 2267 1408 2305 pr.
1453 2256 1518 2293 sed
1543 2267 1637 2293 avus
1669 2255 1789 2295 Leid.
1822 2267 1885 2306 pr.
1913 2261 1958 2294 et
1975 2254 2162 2295 sedecim

333 2307 502 2358 scripti,
523 2309 628 2347 Exc.
650 2307 827 2347 Gevart.
849 2307 1032 2347 Lucens.
1064 2319 1150 2347 sec.
1181 2313 1228 2346 et
1259 2308 1412 2348 schoa.
1432 2307 1545 2347 Gud.
1589 2307 1729 2347 stilico
1756 2320 1833 2359 pro
1859 2310 1926 2347 sed
1951 2319 2049 2347 avus
2074 2313 2161 2347 tres

332 2361 451 2399 Vatt.
472 2360 567 2398 Pal.
590 2361 715 2400 Farn.
743 2361 863 2399 Rott.
915 2360 1052 2400 stilico
1074 2362 1139 2400 vel
1158 2362 1226 2400 sed
1241 2372 1335 2400 avus
1353 2362 1543 2401 Florent.
1581 2366 1738 2400 matura
1755 2362 1916 2400 verendo
1935 2361 2020 2400 duo
2040 2360 2161 2401 Med.

331 2414 411 2453 inc.
428 2413 578 2452 Heius.
592 2413 745 2453 Petav.
762 2425 846 2453 see.
861 2414 958 2453 Pat.
974 2414 1123 2454 Ambr.
1139 2426 1225 2453 sec.
1243 2415 1347 2454 Exc.
1364 2414 1544 2455 Gevart.
1559 2415 1740 2454 Lucens.
1758 2427 1822 2464 pr.
1850 2427 1930 2453 aevo
1946 2414 2030 2452 duo
2040 2414 2162 2453 Vatt.

332 2467 425 2506 Pal.
444 2467 570 2505 Farn.
597 2467 750 2505 Petav.
768 2478 831 2520 pr.
851 2471 896 2506 et
913 2468 1013 2506 Vat.
1035 2472 1134 2506 tert.
1154 2479 1207 2507 m.
1227 2479 1313 2508 sec.
1359 2468 1434 2507 oevi
1450 2468 1696 2520 quindecim
1717 2467 1805 2515 alii,
1825 2468 1927 2506 item
1949 2469 2053 2507 Exc.
2075 2466 2161 2507 Ge-

334 2526 439 2559 vart.
466 2522 531 2558 sed
545 2532 641 2558 avus
658 2523 813 2558 matura
831 2522 996 2559 verendo
1018 2519 1138 2561 Leid.
1153 2532 1242 2560 see.
1270 2525 1426 2560 matura
1440 2522 1602 2560 verendo
1619 2526 1663 2560 et
1682 2521 1955 2560 emendatum
1972 2519 2164 2560 matur-ior

332 2585 413 2612 «evo
432 2573 553 2612 Leid.
572 2585 634 2624 pr.
662 2575 728 2611 sed
747 2585 840 2612 avus
854 2578 1009 2612 matura
1022 2576 1185 2613 verendo
1203 2574 1270 2613 vel
1285 2574 1425 2614 Stilico
1443 2574 1637 2614 maturior
1649 2574 1725 2615 oevi
1744 2573 1860 2615 Prie.
1882 2574 1987 2626 Reg.
2006 2573 2163 2614 PetaV.

336 2631 436 2665 tert.
458 2627 561 2665 LoV.
581 2627 841 2665 νοω-349
869 2631 1028 2666 venturo
1057 2627 1177 2668 Leid.
1198 2639 1283 2667 sec.
1308 2640 1362 2667 ιιι.
1391 2639 1454 2678 ρι’.
1476 2627 1596 2667 Med.
1625 2632 1724 2668 tert.
1742 2628 1868 2668 Voss.
1888 2640 1942 2667 m.
1963 2639 2029 2679 pr.
2050 2628 2160 2668 Exc.

335 2678 513 2718 Gevart.
553 2680 696 2718 vectori
717 2680 844 2720 Farn.
885 2682 1045 2720 dederat
1065 2681 1147 2721 inc.
1168 2680 1451 2723 Heins.—350
1468 2680 1674 2729 fucantem
1694 2681 1853 2721 Mazar.
1874 2681 1980 2721 Exc.
1997 2681 2163 2722 Schott.

333 2733 372 2770 V
375 2744 434 2771 ar.
455 2733 538 2772 LL.
560 2732 625 2772 ed.
645 2732 776 2772 Antv.
803 2734 1023 2782 signantem
1045 2734 1159 2774 Prie.
1175 2747 1231 2773 m.
1251 2746 1336 2774 see.
1364 2733 1597 2786 firmantem
1617 2735 1769 2773 PetaV.
1792 2739 1894 2774 tert.
1920 2738 2164 2786 spumantem

333 2785 481 2825 Ambr.
492 2793 561 2837 pr.
575 2785 658 2825 duo
674 2787 792 2826 Vatt.
807 2787 900 2825 Pal.
914 2786 998 2826 duo
1011 2787 1128 2826 Med.
1140 2788 1302 2827 Thuan.
1313 2788 1466 2827 Petav.
1481 2799 1545 2839 pr.
1562 2800 1617 2827 m.
1635 2800 1697 2838 pr.
1712 2787 1780 2827 ed.
1794 2787 1935 2827 Vicet.
1955 2789 2164 2828 undantem

334 2839 493 2878 Moret.
514 2851 601 2879 sec.
639 2839 861 2887 fumantem
879 2841 980 2881 Jun.
1001 2852 1065 2891 pr.
1086 2841 1228 2880 Oxon.
1261 2853 1344 2880 sec.
1373 2840 1457 2880 duo
1491 2840 1643 2880 Leidd.
1676 2841 1858 2881 totidem
1883 2842 2004 2880 Vatt.
2033 2842 2161 2881 Farn.

336 2892 454 2932 Prie.
477 2893 596 2932 Rott.
620 2893 754 2932 Oisel.
777 2893 961 2933 Florent.
983 2893 1066 2933 duo
1087 2893 1204 2934 Med.
1237 2895 1319 2935 inc.
1353 2894 1503 2934 Heius.
1538 2895 1649 2934 Exc.
1684 2894 1793 2934 Laeti
1827 2898 1873 2933 et
1891 2895 2074 2934 Lucens.
2095 2906 2161 2945 pr.-

308 2945 440 2984 ·Var.
473 2946 560 2986 LL.
594 2958 618 2985 e
651 2958 786 2998 marg.
815 2947 958 2989 Parm.
992 2946 1125 2995 sortia
1140 2946 1263 2997 frena
1289 2948 1450 2987 Thuan.
1495 2948 1602 2993 seria
1631 2948 1926 2990 Maza—351
1956 2948 2161 3000 Purpureo

2298 2905 2300 2954 ἰ

1153 3070 1335 3112 NOTAE
2296 2979 2300 3085 i

334 3159 568 3200 animatum
588 3170 682 3198 esse
701 3171 726 3198 a
745 3159 955 3201 Minerva.
1275 3162 1460 3202 solicita.

387 3224 466 3262 343
496 3221 688 3271 fulgente
705 3222 822 3273 lecto]
863 3223 997 3277 Auro,
1022 3227 1212 3278 gemmis,
1332 3228 1413 3265 346
1439 3223 1688 3276 Aurifonte]
1718 3225 1769 3265 In
1803 3225 1916 3277 pelvi
1949 3238 2079 3266 aurea
2098 3227 2159 3267 la-

334 3296 536 3337 purpnra.
1278 3292 1379 3327 vant
1398 3286 1618 3328 infantem.

387 3350 466 3388 344
503 3347 746 3399 Pallescunt]
799 3349 899 3388 Non
935 3350 1090 3402 gaudia
1121 3351 1218 3402 pal*
1336 3353 1416 3389 350
1445 3351 1678 3403 Fucantem]
1720 3350 2006 3406 Inficientem‚
2043 3364 2159 3407 spar-

333 3411 519 3462 leseunt,
537 3410 613 3451 sed
632 3415 772 3451 mater
799 3411 1006 3464 gaudens,
1022 3419 1069 3454 et
1087 3413 1210 3455 simul
1282 3419 1468 3467 gentem.

2295 3507 2300 3509 .
2292 3424 2300 3491 .-.·κ.
2297 3407 2300 3411 .
