<?xml version="1.0" encoding="UTF-8"?>
<!DOCTYPE html PUBLIC "-//W3C//DTD XHTML 1.0 Transitional//EN"
    "http://www.w3.org/TR/xhtml1/DTD/xhtml1-transitional.dtd">
<html xmlns="http://www.w3.org/1999/xhtml" xml:lang="en" lang="en">
 <head>
  <title>
</title>
<meta http-equiv="Content-Type" content="text/html;charset=utf-8" />
  <meta name='ocr-system' content='tesseract 3.04.00' />
  <meta name='ocr-capabilities' content='ocr_page ocr_carea ocr_par ocr_line ocrx_word'/>
</head>
<body>
  <div class='ocr_page' id='page_1' title='image "./operaomniaexedit02clauuoft_0412.png"; bbox 0 0 2300 3906; ppageno 0'>
   <div class='ocr_carea' id='block_1_1' title="bbox 335 198 446 252">
    <p class='ocr_par' dir='ltr' id='par_1_1' title="bbox 335 198 446 252">
     <span class='ocr_line' id='line_1_1' title="bbox 335 198 446 252; baseline -0.018 0"><span class='ocrx_word' id='word_1_1' title='bbox 335 198 446 252; x_wconf 84' lang='grc'>914</span> 
     </span>
    </p>
   </div>
   <div class='ocr_carea' id='block_1_2' title="bbox 342 319 1800 813">
    <p class='ocr_par' dir='ltr' id='par_1_2' title="bbox 342 319 1800 813">
     <span class='ocr_line' id='line_1_2' title="bbox 345 319 1791 400; baseline -0.01 -15"><span class='ocrx_word' id='word_1_2' title='bbox 345 331 696 400; x_wconf 84' lang='lat' dir='ltr'>Conjugium,</span> <span class='ocrx_word' id='word_1_3' title='bbox 725 326 1055 394; x_wconf 84' lang='lat' dir='ltr'>Stygiosque</span> <span class='ocrx_word' id='word_1_4' title='bbox 1079 321 1214 372; x_wconf 82' lang='lat' dir='ltr'>velit</span> <span class='ocrx_word' id='word_1_5' title='bbox 1238 336 1337 387; x_wconf 88' lang='lat' dir='ltr'>pro</span> <span class='ocrx_word' id='word_1_6' title='bbox 1364 319 1490 371; x_wconf 89' lang='lat' dir='ltr'>Sole</span> <span class='ocrx_word' id='word_1_7' title='bbox 1515 335 1791 371; x_wconf 84' lang='lat' dir='ltr'>recessus.</span> 
     </span>
     <span class='ocr_line' id='line_1_3' title="bbox 346 405 1569 479; baseline -0.009 -12"><span class='ocrx_word' id='word_1_8' title='bbox 346 414 512 468; x_wconf 87' lang='lat' dir='ltr'>Certa</span> <span class='ocrx_word' id='word_1_9' title='bbox 538 409 837 479; x_wconf 81' lang='lat' dir='ltr'>requirenti</span> <span class='ocrx_word' id='word_1_10' title='bbox 863 405 1081 457; x_wconf 84' lang='lat' dir='ltr'>tandem</span> <span class='ocrx_word' id='word_1_11' title='bbox 1108 405 1384 456; x_wconf 83' lang='lat' dir='ltr'>sententia</span> <span class='ocrx_word' id='word_1_12' title='bbox 1410 405 1569 456; x_wconf 89' lang='lat' dir='ltr'>sedit.</span> 
     </span>
     <span class='ocr_line' id='line_1_4' title="bbox 419 489 1567 557; baseline -0.009 -7"><span class='ocrx_word' id='word_1_13' title='bbox 419 499 686 550; x_wconf 82' lang='lat' dir='ltr'>Hennaeae</span> <span class='ocrx_word' id='word_1_14' title='bbox 713 492 893 544; x_wconf 84' lang='lat' dir='ltr'>Cereri</span> <span class='ocrx_word' id='word_1_15' title='bbox 922 491 1104 557; x_wconf 89' lang='lat' dir='ltr'>proles</span> <span class='ocrx_word' id='word_1_16' title='bbox 1131 493 1325 556; x_wconf 87' lang='lat' dir='ltr'>optata</span> <span class='ocrx_word' id='word_1_17' title='bbox 1354 489 1567 540; x_wconf 81' lang='lat' dir='ltr'><strong>virebat</strong></span> 
     </span>
     <span class='ocr_line' id='line_1_5' title="bbox 343 572 1766 644; baseline -0.007 -11"><span class='ocrx_word' id='word_1_18' title='bbox 343 582 553 644; x_wconf 84' lang='lat' dir='ltr'>Unica3</span> <span class='ocrx_word' id='word_1_19' title='bbox 591 595 693 629; x_wconf 86' lang='lat' dir='ltr'>nec</span> <span class='ocrx_word' id='word_1_20' title='bbox 720 577 911 628; x_wconf 76' lang='lat' dir='ltr'><strong>tribuit</strong></span> <span class='ocrx_word' id='word_1_21' title='bbox 937 575 1183 627; x_wconf 79' lang='lat' dir='ltr'>sobolem</span> <span class='ocrx_word' id='word_1_22' title='bbox 1207 574 1423 624; x_wconf 85' lang='lat' dir='ltr'>Lucina</span> <span class='ocrx_word' id='word_1_23' title='bbox 1449 572 1766 636; x_wconf 85' lang='lat' dir='ltr'>secundam,</span> 
     </span>
     <span class='ocr_line' id='line_1_6' title="bbox 343 658 1800 731; baseline -0.007 -14"><span class='ocrx_word' id='word_1_24' title='bbox 343 666 626 731; x_wconf 77' lang='lat' dir='ltr'>Fessaque</span> <span class='ocrx_word' id='word_1_25' title='bbox 651 665 778 729; x_wconf 84' lang='lat' dir='ltr'>post</span> <span class='ocrx_word' id='word_1_26' title='bbox 803 662 1013 728; x_wconf 88' lang='lat' dir='ltr'>primos</span> <span class='ocrx_word' id='word_1_27' title='bbox 1039 661 1321 711; x_wconf 77' lang='lat' dir='ltr'>haeserunt</span> <span class='ocrx_word' id='word_1_28' title='bbox 1348 658 1565 709; x_wconf 85' lang='lat' dir='ltr'>viscera</span> <span class='ocrx_word' id='word_1_29' title='bbox 1589 660 1800 724; x_wconf 87' lang='lat' dir='ltr'>partus,</span> 
     </span>
     <span class='ocr_line' id='line_1_7' title="bbox 342 744 1698 813; baseline -0.006 -12"><span class='ocrx_word' id='word_1_30' title='bbox 342 747 666 801; x_wconf 82' lang='lat' dir='ltr'>Infoecunda</span> <span class='ocrx_word' id='word_1_31' title='bbox 692 745 912 813; x_wconf 87' lang='lat' dir='ltr'>quidem</span> <span class='ocrx_word' id='word_1_32' title='bbox 937 762 950 809; x_wconf 90' lang='lat'>;</span> <span class='ocrx_word' id='word_1_33' title='bbox 990 744 1085 796; x_wconf 88' lang='lat' dir='ltr'>sed</span> <span class='ocrx_word' id='word_1_34' title='bbox 1115 744 1325 796; x_wconf 86' lang='lat' dir='ltr'>cunctis</span> <span class='ocrx_word' id='word_1_35' title='bbox 1351 744 1514 794; x_wconf 87' lang='lat' dir='ltr'>altior</span> <span class='ocrx_word' id='word_1_36' title='bbox 1539 745 1698 794; x_wconf 82' lang='lat' dir='ltr'>extat</span> 
     </span>
    </p>
   </div>
   <div class='ocr_carea' id='block_1_3' title="bbox 865 199 1647 247">
    <p class='ocr_par' dir='ltr' id='par_1_3' title="bbox 865 199 1647 247">
     <span class='ocr_line' id='line_1_8' title="bbox 865 199 1647 247; baseline -0.009 0"><span class='ocrx_word' id='word_1_37' title='bbox 865 210 960 247; x_wconf 81' lang='lat' dir='ltr'>CL.</span> <span class='ocrx_word' id='word_1_38' title='bbox 1002 201 1355 244; x_wconf 72' lang='lat' dir='ltr'><strong>CLAUDIAM</strong></span> <span class='ocrx_word' id='word_1_39' title='bbox 1400 199 1647 240; x_wconf 76' lang='lat' dir='ltr'>xxxin.</span> 
     </span>
    </p>
   </div>
   <div class='ocr_carea' id='block_1_4' title="bbox 2070 316 2178 369">
    <p class='ocr_par' dir='ltr' id='par_1_4' title="bbox 2070 316 2178 369">
     <span class='ocr_line' id='line_1_9' title="bbox 2070 316 2178 369; baseline -0.019 0"><span class='ocrx_word' id='word_1_40' title='bbox 2070 316 2178 369; x_wconf 68' lang='lat'>120</span> 
     </span>
    </p>
   </div>
   <div class='ocr_carea' id='block_1_5' title="bbox 2069 738 2179 792">
    <p class='ocr_par' dir='ltr' id='par_1_5' title="bbox 2069 738 2179 792">
     <span class='ocr_line' id='line_1_10' title="bbox 2069 738 2179 792; baseline -0.018 0"><span class='ocrx_word' id='word_1_41' title='bbox 2069 738 2179 792; x_wconf 73' lang='lat'>125</span> 
     </span>
    </p>
   </div>
   <div class='ocr_carea' id='block_1_6' title="bbox 336 890 2184 1107">
    <p class='ocr_par' dir='ltr' id='par_1_6' title="bbox 336 890 2184 1107">
     <span class='ocr_line' id='line_1_11' title="bbox 339 890 2182 948; baseline -0.005 -10"><span class='ocrx_word' id='word_1_42' title='bbox 339 901 379 938; x_wconf 84' lang='lat' dir='ltr'>et</span> <span class='ocrx_word' id='word_1_43' title='bbox 391 897 579 948; x_wconf 77' lang='lat' dir='ltr'>proefera!</span> <span class='ocrx_word' id='word_1_44' title='bbox 597 896 774 934; x_wconf 82' lang='lat' dir='ltr'>obscuras</span> <span class='ocrx_word' id='word_1_45' title='bbox 787 893 1026 933; x_wconf 75' lang='lat' dir='ltr'>inferorum</span> <span class='ocrx_word' id='word_1_46' title='bbox 1047 906 1231 934; x_wconf 82' lang='lat' dir='ltr'>cavernas</span> <span class='ocrx_word' id='word_1_47' title='bbox 1245 893 1439 944; x_wconf 86' lang='lat' dir='ltr'>aspectui</span> <span class='ocrx_word' id='word_1_48' title='bbox 1456 892 1574 932; x_wconf 84' lang='lat' dir='ltr'>Solis.</span> <span class='ocrx_word' id='word_1_49' title='bbox 1607 893 1775 931; x_wconf 79' lang='lat' dir='ltr'><strong><em>Tandem</em></strong></span> <span class='ocrx_word' id='word_1_50' title='bbox 1788 891 1870 931; x_wconf 87' lang='lat' dir='ltr'>hoc</span> <span class='ocrx_word' id='word_1_51' title='bbox 1884 890 2182 942; x_wconf 79' lang='lat' dir='ltr'>consiliumpla-</span> 
     </span>
     <span class='ocr_line' id='line_1_12' title="bbox 339 943 2184 1000; baseline -0.005 -9"><span class='ocrx_word' id='word_1_52' title='bbox 339 954 420 991; x_wconf 77' lang='lat' dir='ltr'>ouit</span> <span class='ocrx_word' id='word_1_53' title='bbox 434 951 459 991; x_wconf 87' lang='lat' dir='ltr'>J</span> <span class='ocrx_word' id='word_1_54' title='bbox 464 963 528 988; x_wconf 77' lang='lat' dir='ltr'>ovn</span> <span class='ocrx_word' id='word_1_55' title='bbox 547 949 736 1000; x_wconf 66' lang='lat' dir='ltr'>quaerenti</span> <span class='ocrx_word' id='word_1_56' title='bbox 750 953 897 987; x_wconf 84' lang='lat' dir='ltr'>certum</span> <span class='ocrx_word' id='word_1_57' title='bbox 911 948 1085 999; x_wconf 85' lang='lat' dir='ltr'>aliquid.</span> <span class='ocrx_word' id='word_1_58' title='bbox 1107 949 1243 986; x_wconf 83' lang='lat' dir='ltr'>Cereri</span> <span class='ocrx_word' id='word_1_59' title='bbox 1262 946 1715 998; x_wconf 78' lang='lat' dir='ltr'>Hennaeaeflorebatfilia</span> <span class='ocrx_word' id='word_1_60' title='bbox 1729 945 1858 994; x_wconf 79' lang='lat' dir='ltr'>unica,</span> <span class='ocrx_word' id='word_1_61' title='bbox 1871 945 1947 995; x_wconf 79' lang='lat' dir='ltr'>ipsi</span> <span class='ocrx_word' id='word_1_62' title='bbox 1961 943 2184 994; x_wconf 80' lang='lat' dir='ltr'>carissima,</span> 
     </span>
     <span class='ocr_line' id='line_1_13' title="bbox 336 999 2181 1053; baseline -0.004 -11"><span class='ocrx_word' id='word_1_63' title='bbox 336 1016 408 1043; x_wconf 74' lang='lat' dir='ltr'>nec</span> <span class='ocrx_word' id='word_1_64' title='bbox 426 1004 561 1042; x_wconf 77' lang='lat' dir='ltr'>Diana</span> <span class='ocrx_word' id='word_1_65' title='bbox 580 1002 689 1041; x_wconf 82' lang='lat' dir='ltr'><strong>dedit</strong></span> <span class='ocrx_word' id='word_1_66' title='bbox 703 1002 785 1053; x_wconf 83' lang='lat' dir='ltr'>ipsi</span> <span class='ocrx_word' id='word_1_67' title='bbox 793 1002 927 1053; x_wconf 76' lang='lat' dir='ltr'>filiam</span> <span class='ocrx_word' id='word_1_68' title='bbox 938 1003 1100 1041; x_wconf 78' lang='lat' dir='ltr'>alteram</span> <span class='ocrx_word' id='word_1_69' title='bbox 1114 1015 1129 1048; x_wconf 89' lang='lat'><em>;</em></span> <span class='ocrx_word' id='word_1_70' title='bbox 1150 1006 1186 1040; x_wconf 83' lang='lat' dir='ltr'>et</span> <span class='ocrx_word' id='word_1_71' title='bbox 1201 1002 1349 1040; x_wconf 76' lang='lat' dir='ltr'>viscera</span> <span class='ocrx_word' id='word_1_72' title='bbox 1362 1001 1454 1051; x_wconf 84' lang='lat' dir='ltr'>ejus</span> <span class='ocrx_word' id='word_1_73' title='bbox 1470 1000 1658 1039; x_wconf 81' lang='lat' dir='ltr'>exhausta</span> <span class='ocrx_word' id='word_1_74' title='bbox 1668 1003 1755 1050; x_wconf 82' lang='lat' dir='ltr'>post</span> <span class='ocrx_word' id='word_1_75' title='bbox 1765 999 1936 1049; x_wconf 82' lang='lat' dir='ltr'>primum</span> <span class='ocrx_word' id='word_1_76' title='bbox 1948 1001 2106 1048; x_wconf 78' lang='lat' dir='ltr'>partum</span> <span class='ocrx_word' id='word_1_77' title='bbox 2121 1009 2181 1036; x_wconf 89' lang='lat' dir='ltr'>re-</span> 
     </span>
     <span class='ocr_line' id='line_1_14' title="bbox 337 1050 2180 1107; baseline -0.004 -11"><span class='ocrx_word' id='word_1_78' title='bbox 337 1061 561 1097; x_wconf 77' lang='lat' dir='ltr'>manserunt</span> <span class='ocrx_word' id='word_1_79' title='bbox 579 1056 734 1096; x_wconf 75' lang='lat' dir='ltr'>sterilia</span> <span class='ocrx_word' id='word_1_80' title='bbox 753 1057 906 1107; x_wconf 81' lang='lat' dir='ltr'>quidem</span> <span class='ocrx_word' id='word_1_81' title='bbox 923 1068 936 1101; x_wconf 92' lang='lat'>,·</span> <span class='ocrx_word' id='word_1_82' title='bbox 964 1057 1029 1095; x_wconf 84' lang='lat' dir='ltr'>sed</span> <span class='ocrx_word' id='word_1_83' title='bbox 1049 1055 1142 1107; x_wconf 88' lang='lat' dir='ltr'>ipsa</span> <span class='ocrx_word' id='word_1_84' title='bbox 1161 1054 1419 1094; x_wconf 75' lang='lat' dir='ltr'>venerabilior</span> <span class='ocrx_word' id='word_1_85' title='bbox 1432 1054 1604 1103; x_wconf 79' lang='lat' dir='ltr'>assurgit</span> <span class='ocrx_word' id='word_1_86' title='bbox 1619 1052 1795 1093; x_wconf 77' lang='lat' dir='ltr'>omnibus</span> <span class='ocrx_word' id='word_1_87' title='bbox 1811 1050 2019 1099; x_wconf 81' lang='lat' dir='ltr'>matribus,</span> <span class='ocrx_word' id='word_1_88' title='bbox 2037 1055 2076 1091; x_wconf 77' lang='lat' dir='ltr'>et</span> <span class='ocrx_word' id='word_1_89' title='bbox 2097 1051 2180 1090; x_wconf 81' lang='lat' dir='ltr'>sola</span> 
     </span>
    </p>
   </div>
   <div class='ocr_carea' id='block_1_7' title="bbox 1104 1162 1398 1178">
    <p class='ocr_par' dir='ltr' id='par_1_7' title="bbox 1104 1162 1398 1178">
     <span class='ocr_line' id='line_1_15' title="bbox 1104 1162 1398 1178; baseline -0.007 0"><span class='ocrx_word' id='word_1_90' title='bbox 1104 1162 1398 1178; x_wconf 46' lang='lat' dir='ltr'>eeeeeeeeeeee</span> 
     </span>
    </p>
   </div>
   <div class='ocr_carea' id='block_1_8' title="bbox 336 1237 2181 1667">
    <p class='ocr_par' dir='ltr' id='par_1_8' title="bbox 336 1237 2181 1667">
     <span class='ocr_line' id='line_1_16' title="bbox 340 1237 2179 1296; baseline -0.004 -12"><span class='ocrx_word' id='word_1_91' title='bbox 340 1248 418 1284; x_wconf 90' lang='grc'>120</span> <span class='ocrx_word' id='word_1_92' title='bbox 450 1244 684 1294; x_wconf 68' lang='lat' dir='ltr'>Coniugium</span> <span class='ocrx_word' id='word_1_93' title='bbox 703 1245 770 1284; x_wconf 85' lang='lat' dir='ltr'>vel</span> <span class='ocrx_word' id='word_1_94' title='bbox 808 1245 1047 1285; x_wconf 80' lang='lat' dir='ltr'>Connubium</span> <span class='ocrx_word' id='word_1_95' title='bbox 1079 1246 1180 1284; x_wconf 86' lang='lat' dir='ltr'>Vat.</span> <span class='ocrx_word' id='word_1_96' title='bbox 1214 1244 1350 1296; x_wconf 88' lang='lat' dir='ltr'>quint.</span> <span class='ocrx_word' id='word_1_97' title='bbox 1391 1243 1604 1295; x_wconf 61' lang='lat' dir='ltr'>Stygiosne</span> <span class='ocrx_word' id='word_1_98' title='bbox 1635 1241 1726 1281; x_wconf 88' lang='lat' dir='ltr'>Pal.</span> <span class='ocrx_word' id='word_1_99' title='bbox 1760 1239 1968 1292; x_wconf 74' lang='lat' dir='ltr'>Stygiosve</span> <span class='ocrx_word' id='word_1_100' title='bbox 1987 1237 2179 1278; x_wconf 88' lang='lat' dir='ltr'>Florent.</span> 
     </span>
     <span class='ocr_line' id='line_1_17' title="bbox 339 1291 2176 1350; baseline -0.003 -13"><span class='ocrx_word' id='word_1_101' title='bbox 339 1299 424 1337; x_wconf 90' lang='lat' dir='ltr'>duo</span> <span class='ocrx_word' id='word_1_102' title='bbox 444 1299 565 1337; x_wconf 86' lang='lat' dir='ltr'>Med.</span> <span class='ocrx_word' id='word_1_103' title='bbox 590 1299 739 1338; x_wconf 82' lang='lat' dir='ltr'>Heius.</span> <span class='ocrx_word' id='word_1_104' title='bbox 763 1299 821 1337; x_wconf 90' lang='lat' dir='ltr'>H.</span> <span class='ocrx_word' id='word_1_105' title='bbox 842 1299 942 1338; x_wconf 73' lang='lat' dir='ltr'>Pur.</span> <span class='ocrx_word' id='word_1_106' title='bbox 964 1299 1069 1350; x_wconf 80' lang='lat' dir='ltr'>Reg.</span> <span class='ocrx_word' id='word_1_107' title='bbox 1093 1298 1235 1338; x_wconf 85' lang='lat' dir='ltr'>Oxon.</span> <span class='ocrx_word' id='word_1_108' title='bbox 1270 1310 1332 1349; x_wconf 88' lang='lat' dir='ltr'>pr.</span> <span class='ocrx_word' id='word_1_109' title='bbox 1353 1298 1506 1337; x_wconf 84' lang='lat' dir='ltr'>Petav.</span> <span class='ocrx_word' id='word_1_110' title='bbox 1526 1309 1610 1335; x_wconf 88' lang='lat' dir='ltr'>sec.</span> <span class='ocrx_word' id='word_1_111' title='bbox 1644 1295 1728 1334; x_wconf 89' lang='lat' dir='ltr'>duo</span> <span class='ocrx_word' id='word_1_112' title='bbox 1760 1295 1862 1335; x_wconf 89' lang='lat' dir='ltr'>Jun.</span> <span class='ocrx_word' id='word_1_113' title='bbox 1890 1294 1999 1331; x_wconf 80' lang='lat' dir='ltr'>Exc.</span> <span class='ocrx_word' id='word_1_114' title='bbox 2020 1291 2176 1350; x_wconf 68' lang='lat' dir='ltr'>PetaV.</span> 
     </span>
     <span class='ocr_line' id='line_1_18' title="bbox 339 1344 2179 1403; baseline -0.004 -14"><span class='ocrx_word' id='word_1_115' title='bbox 339 1358 478 1402; x_wconf 85' lang='lat' dir='ltr'>quart.</span> <span class='ocrx_word' id='word_1_116' title='bbox 505 1354 717 1400; x_wconf 79' lang='lat' dir='ltr'>persolvere</span> <span class='ocrx_word' id='word_1_117' title='bbox 736 1364 867 1390; x_wconf 79' lang='lat' dir='ltr'>census</span> <span class='ocrx_word' id='word_1_118' title='bbox 887 1364 963 1402; x_wconf 89' lang='lat' dir='ltr'>pro</span> <span class='ocrx_word' id='word_1_119' title='bbox 990 1365 1061 1403; x_wconf 84' lang='lat' dir='ltr'>pro</span> <span class='ocrx_word' id='word_1_120' title='bbox 1081 1351 1169 1391; x_wconf 84' lang='lat' dir='ltr'>Sole</span> <span class='ocrx_word' id='word_1_121' title='bbox 1199 1363 1373 1390; x_wconf 73' lang='lat' dir='ltr'>recessus</span> <span class='ocrx_word' id='word_1_122' title='bbox 1401 1351 1502 1390; x_wconf 88' lang='lat' dir='ltr'>Vat.</span> <span class='ocrx_word' id='word_1_123' title='bbox 1526 1355 1623 1388; x_wconf 83' lang='lat' dir='ltr'>tert.</span> <span class='ocrx_word' id='word_1_124' title='bbox 1643 1348 1736 1386; x_wconf 82' lang='lat' dir='ltr'>Pal.</span> <span class='ocrx_word' id='word_1_125' title='bbox 1760 1347 1843 1385; x_wconf 87' lang='lat' dir='ltr'>duo</span> <span class='ocrx_word' id='word_1_126' title='bbox 1873 1344 1993 1384; x_wconf 89' lang='lat' dir='ltr'>Med.</span> <span class='ocrx_word' id='word_1_127' title='bbox 2030 1344 2179 1382; x_wconf 82' lang='lat' dir='ltr'>Hems.</span> 
     </span>
     <span class='ocr_line' id='line_1_19' title="bbox 339 1398 2178 1455; baseline -0.005 -11"><span class='ocrx_word' id='word_1_128' title='bbox 339 1405 399 1444; x_wconf 88' lang='lat' dir='ltr'>H.</span> <span class='ocrx_word' id='word_1_129' title='bbox 422 1406 508 1443; x_wconf 86' lang='lat' dir='ltr'>Put</span> <span class='ocrx_word' id='word_1_130' title='bbox 546 1407 698 1445; x_wconf 87' lang='lat' dir='ltr'>Petav.</span> <span class='ocrx_word' id='word_1_131' title='bbox 718 1417 803 1444; x_wconf 87' lang='lat' dir='ltr'>sec.</span> <span class='ocrx_word' id='word_1_132' title='bbox 827 1406 1043 1455; x_wconf 81' lang='lat' dir='ltr'>persolvere</span> <span class='ocrx_word' id='word_1_133' title='bbox 1062 1417 1198 1444; x_wconf 81' lang='lat' dir='ltr'>census</span> <span class='ocrx_word' id='word_1_134' title='bbox 1212 1405 1279 1443; x_wconf 90' lang='lat' dir='ltr'>vel</span> <span class='ocrx_word' id='word_1_135' title='bbox 1305 1417 1377 1455; x_wconf 87' lang='lat' dir='ltr'>pro</span> <span class='ocrx_word' id='word_1_136' title='bbox 1397 1404 1474 1442; x_wconf 87' lang='lat' dir='ltr'>sole</span> <span class='ocrx_word' id='word_1_137' title='bbox 1492 1414 1661 1441; x_wconf 77' lang='lat' dir='ltr'>recessus</span> <span class='ocrx_word' id='word_1_138' title='bbox 1688 1402 1929 1449; x_wconf 78' lang='lat' dir='ltr'>Reg.-l2l</span> <span class='ocrx_word' id='word_1_139' title='bbox 1951 1398 2078 1436; x_wconf 83' lang='lat' dir='ltr'>Plura</span> <span class='ocrx_word' id='word_1_140' title='bbox 2100 1408 2178 1447; x_wconf 85' lang='lat' dir='ltr'>pro</span> 
     </span>
     <span class='ocr_line' id='line_1_20' title="bbox 340 1450 2179 1511; baseline -0.004 -15"><span class='ocrx_word' id='word_1_141' title='bbox 340 1459 463 1497; x_wconf 77' lang='lat' dir='ltr'>Certa</span> <span class='ocrx_word' id='word_1_142' title='bbox 495 1460 533 1496; x_wconf 84' lang='lat' dir='ltr'>V</span> <span class='ocrx_word' id='word_1_143' title='bbox 539 1464 595 1497; x_wconf 88' lang='lat' dir='ltr'>at.</span> <span class='ocrx_word' id='word_1_144' title='bbox 628 1458 764 1510; x_wconf 88' lang='lat' dir='ltr'>quint.</span> <span class='ocrx_word' id='word_1_145' title='bbox 808 1459 951 1497; x_wconf 81' lang='lat' dir='ltr'>mansit</span> <span class='ocrx_word' id='word_1_146' title='bbox 982 1458 1177 1497; x_wconf 75' lang='lat' dir='ltr'>sententia</span> <span class='ocrx_word' id='word_1_147' title='bbox 1213 1459 1369 1496; x_wconf 84' lang='lat' dir='ltr'>tandem</span> <span class='ocrx_word' id='word_1_148' title='bbox 1402 1455 1715 1495; x_wconf 55' lang='lat' dir='ltr'>Timolus—122</span> <span class='ocrx_word' id='word_1_149' title='bbox 1758 1453 1920 1511; x_wconf 64' lang='lat' dir='ltr'>Ennoeoe</span> <span class='ocrx_word' id='word_1_150' title='bbox 1948 1456 2035 1490; x_wconf 86' lang='lat' dir='ltr'>vet.</span> <span class='ocrx_word' id='word_1_151' title='bbox 2069 1450 2179 1501; x_wconf 72' lang='lat' dir='ltr'>Gyr.</span> 
     </span>
     <span class='ocr_line' id='line_1_21' title="bbox 336 1504 2178 1561; baseline -0.004 -11"><span class='ocrx_word' id='word_1_152' title='bbox 336 1511 508 1550; x_wconf 80' lang='lat' dir='ltr'>AEtnaeoe</span> <span class='ocrx_word' id='word_1_153' title='bbox 528 1511 626 1550; x_wconf 87' lang='lat' dir='ltr'>Vat.</span> <span class='ocrx_word' id='word_1_154' title='bbox 650 1523 712 1561; x_wconf 84' lang='lat' dir='ltr'>pr.</span> <span class='ocrx_word' id='word_1_155' title='bbox 734 1516 777 1549; x_wconf 80' lang='lat' dir='ltr'>et</span> <span class='ocrx_word' id='word_1_156' title='bbox 796 1523 884 1549; x_wconf 85' lang='lat' dir='ltr'>sec.</span> <span class='ocrx_word' id='word_1_157' title='bbox 919 1517 963 1549; x_wconf 88' lang='lat' dir='ltr'>et</span> <span class='ocrx_word' id='word_1_158' title='bbox 995 1512 1097 1549; x_wconf 86' lang='lat' dir='ltr'>Vat.</span> <span class='ocrx_word' id='word_1_159' title='bbox 1133 1510 1173 1549; x_wconf 92' lang='lat' dir='ltr'>d.</span> <span class='ocrx_word' id='word_1_160' title='bbox 1206 1510 1311 1547; x_wconf 91' lang='lat' dir='ltr'>item</span> <span class='ocrx_word' id='word_1_161' title='bbox 1346 1508 1483 1559; x_wconf 89' lang='lat' dir='ltr'>quint.</span> <span class='ocrx_word' id='word_1_162' title='bbox 1516 1506 1623 1546; x_wconf 90' lang='lat' dir='ltr'>Cod.</span> <span class='ocrx_word' id='word_1_163' title='bbox 1643 1505 1882 1543; x_wconf 79' lang='lat' dir='ltr'>Bartholm.</span> <span class='ocrx_word' id='word_1_164' title='bbox 1912 1504 2056 1542; x_wconf 77' lang='lat' dir='ltr'>Euneoe</span> <span class='ocrx_word' id='word_1_165' title='bbox 2077 1504 2178 1543; x_wconf 88' lang='lat' dir='ltr'>Vat.</span> 
     </span>
     <span class='ocr_line' id='line_1_22' title="bbox 339 1555 2181 1617; baseline -0.004 -15"><span class='ocrx_word' id='word_1_166' title='bbox 339 1569 442 1603; x_wconf 87' lang='lat' dir='ltr'>tert.</span> <span class='ocrx_word' id='word_1_167' title='bbox 475 1565 562 1602; x_wconf 87' lang='lat' dir='ltr'>Hec</span> <span class='ocrx_word' id='word_1_168' title='bbox 580 1575 674 1601; x_wconf 86' lang='lat' dir='ltr'>meoe</span> <span class='ocrx_word' id='word_1_169' title='bbox 694 1563 788 1601; x_wconf 90' lang='lat' dir='ltr'>Pal.</span> <span class='ocrx_word' id='word_1_170' title='bbox 816 1563 966 1601; x_wconf 77' lang='lat' dir='ltr'>nitebat</span> <span class='ocrx_word' id='word_1_171' title='bbox 985 1563 1089 1603; x_wconf 87' lang='lat' dir='ltr'>Jun.</span> <span class='ocrx_word' id='word_1_172' title='bbox 1111 1564 1311 1612; x_wconf 61' lang='lat' dir='ltr'>piu—123</span> <span class='ocrx_word' id='word_1_173' title='bbox 1338 1561 1484 1611; x_wconf 83' lang='lat' dir='ltr'>prolem</span> <span class='ocrx_word' id='word_1_174' title='bbox 1501 1560 1602 1598; x_wconf 83' lang='lat' dir='ltr'>vat.</span> <span class='ocrx_word' id='word_1_175' title='bbox 1625 1570 1710 1597; x_wconf 88' lang='lat' dir='ltr'>sec.</span> <span class='ocrx_word' id='word_1_176' title='bbox 1740 1558 1866 1596; x_wconf 85' lang='lat' dir='ltr'>Voss.</span> <span class='ocrx_word' id='word_1_177' title='bbox 1888 1568 1975 1617; x_wconf 58' lang='lat' dir='ltr'>sec:</span> <span class='ocrx_word' id='word_1_178' title='bbox 2017 1555 2181 1595; x_wconf 80' lang='lat' dir='ltr'>sobolem</span> 
     </span>
     <span class='ocr_line' id='line_1_23' title="bbox 337 1607 2179 1667; baseline -0.004 -12"><span class='ocrx_word' id='word_1_179' title='bbox 337 1615 478 1655; x_wconf 77' lang='lat' dir='ltr'>tribuit</span> <span class='ocrx_word' id='word_1_180' title='bbox 497 1616 524 1656; x_wconf 87' lang='lat' dir='ltr'>J</span> <span class='ocrx_word' id='word_1_181' title='bbox 531 1628 600 1654; x_wconf 89' lang='lat' dir='ltr'>un.</span> <span class='ocrx_word' id='word_1_182' title='bbox 624 1627 709 1655; x_wconf 86' lang='lat' dir='ltr'>sec.</span> <span class='ocrx_word' id='word_1_183' title='bbox 731 1617 838 1655; x_wconf 86' lang='lat' dir='ltr'>Exc.</span> <span class='ocrx_word' id='word_1_184' title='bbox 871 1615 1024 1656; x_wconf 83' lang='lat' dir='ltr'>PetaV.</span> <span class='ocrx_word' id='word_1_185' title='bbox 1057 1616 1335 1667; x_wconf 56' lang='lat' dir='ltr'>quarn—124</span> <span class='ocrx_word' id='word_1_186' title='bbox 1363 1614 1591 1665; x_wconf 76' lang='lat' dir='ltr'>requierunt</span> <span class='ocrx_word' id='word_1_187' title='bbox 1609 1612 1713 1652; x_wconf 86' lang='lat' dir='ltr'>Vat.</span> <span class='ocrx_word' id='word_1_188' title='bbox 1732 1622 1826 1659; x_wconf 76' lang='lat' dir='ltr'>sec.</span> <span class='ocrx_word' id='word_1_189' title='bbox 1865 1612 2090 1662; x_wconf 69' lang='lat' dir='ltr'>requierunt</span> <span class='ocrx_word' id='word_1_190' title='bbox 2112 1607 2179 1648; x_wconf 85' lang='lat' dir='ltr'>vel</span> 
     </span>
    </p>
   </div>
   <div class='ocr_carea' id='block_1_9' title="bbox 1175 1719 1351 1760">
    <p class='ocr_par' dir='ltr' id='par_1_9' title="bbox 1175 1719 1351 1760">
     <span class='ocr_line' id='line_1_24' title="bbox 1175 1719 1351 1760; baseline -0.006 0"><span class='ocrx_word' id='word_1_191' title='bbox 1175 1719 1351 1760; x_wconf 85' lang='lat' dir='ltr'>NOTAE</span> 
     </span>
    </p>
   </div>
   <div class='ocr_carea' id='block_1_10' title="bbox 330 1801 1226 3369">
    <p class='ocr_par' dir='ltr' id='par_1_10' title="bbox 335 1801 1225 1979">
     <span class='ocr_line' id='line_1_25' title="bbox 335 1801 1225 1852; baseline -0.001 -11"><span class='ocrx_word' id='word_1_192' title='bbox 335 1812 494 1850; x_wconf 80' lang='lat' dir='ltr'>amare,</span> <span class='ocrx_word' id='word_1_193' title='bbox 528 1806 575 1840; x_wconf 91' lang='lat' dir='ltr'>ut</span> <span class='ocrx_word' id='word_1_194' title='bbox 594 1801 707 1852; x_wconf 87' lang='lat' dir='ltr'>apud</span> <span class='ocrx_word' id='word_1_195' title='bbox 728 1801 982 1852; x_wconf 84' lang='lat' dir='ltr'><strong>Virgilium:</strong></span> <span class='ocrx_word' id='word_1_196' title='bbox 1011 1801 1023 1823; x_wconf 92' lang='lat'>‘</span> <span class='ocrx_word' id='word_1_197' title='bbox 1044 1802 1225 1841; x_wconf 86' lang='lat' dir='ltr'>Floren-</span> 
     </span>
     <span class='ocr_line' id='line_1_26' title="bbox 336 1863 1224 1917; baseline 0 -13"><span class='ocrx_word' id='word_1_198' title='bbox 336 1870 425 1904; x_wconf 90' lang='lat' dir='ltr'>tem</span> <span class='ocrx_word' id='word_1_199' title='bbox 442 1864 623 1916; x_wconf 79' lang='lat' dir='ltr'><strong>cytisum</strong></span> <span class='ocrx_word' id='word_1_200' title='bbox 637 1865 832 1917; x_wconf 87' lang='lat' dir='ltr'>seqnitur</span> <span class='ocrx_word' id='word_1_201' title='bbox 848 1864 1011 1904; x_wconf 82' lang='lat' dir='ltr'>lasciva</span> <span class='ocrx_word' id='word_1_202' title='bbox 1028 1863 1224 1915; x_wconf 66' lang='lat' dir='ltr'>capella!</span> 
     </span>
     <span class='ocr_line' id='line_1_27' title="bbox 336 1925 835 1979; baseline 0 -13"><span class='ocrx_word' id='word_1_203' title='bbox 336 1925 390 1966; x_wconf 91' lang='lat' dir='ltr'>Id</span> <span class='ocrx_word' id='word_1_204' title='bbox 412 1934 495 1977; x_wconf 92' lang='lat' dir='ltr'>est,</span> <span class='ocrx_word' id='word_1_205' title='bbox 515 1933 645 1976; x_wconf 88' lang='lat' dir='ltr'>amat,</span> <span class='ocrx_word' id='word_1_206' title='bbox 667 1927 835 1979; x_wconf 79' lang='lat' dir='ltr'>quaerit.</span> 
     </span>
    </p>

    <p class='ocr_par' dir='ltr' id='par_1_11' title="bbox 334 1989 1226 2219">
     <span class='ocr_line' id='line_1_28' title="bbox 391 1989 1223 2042; baseline -0.001 -12"><span class='ocrx_word' id='word_1_207' title='bbox 391 1994 467 2030; x_wconf 83' lang='lat'>121</span> <span class='ocrx_word' id='word_1_208' title='bbox 503 1990 694 2041; x_wconf 81' lang='lat' dir='ltr'>Tandem]</span> <span class='ocrx_word' id='word_1_209' title='bbox 737 1991 849 2030; x_wconf 91' lang='lat' dir='ltr'>Post</span> <span class='ocrx_word' id='word_1_210' title='bbox 867 1990 1040 2042; x_wconf 82' lang='lat' dir='ltr'>longam</span> <span class='ocrx_word' id='word_1_211' title='bbox 1061 1989 1223 2029; x_wconf 90' lang='lat' dir='ltr'>delibe-</span> 
     </span>
     <span class='ocr_line' id='line_1_29' title="bbox 334 2047 1226 2104; baseline -0.001 -12"><span class='ocrx_word' id='word_1_212' title='bbox 334 2053 560 2102; x_wconf 84' lang='lat' dir='ltr'>rationem,</span> <span class='ocrx_word' id='word_1_213' title='bbox 580 2053 703 2104; x_wconf 84' lang='lat' dir='ltr'>quasi</span> <span class='ocrx_word' id='word_1_214' title='bbox 730 2047 906 2104; x_wconf 81' lang='lat' dir='ltr'><strong>Jupiter</strong></span> <span class='ocrx_word' id='word_1_215' title='bbox 942 2053 1013 2092; x_wconf 90' lang='lat' dir='ltr'>din</span> <span class='ocrx_word' id='word_1_216' title='bbox 1034 2052 1226 2092; x_wconf 84' lang='lat' dir='ltr'>dubitas-</span> 
     </span>
     <span class='ocr_line' id='line_1_30' title="bbox 335 2115 1225 2160; baseline -0.002 -4"><span class='ocrx_word' id='word_1_217' title='bbox 335 2121 404 2156; x_wconf 87' lang='lat' dir='ltr'>set</span> <span class='ocrx_word' id='word_1_218' title='bbox 440 2129 492 2155; x_wconf 86' lang='lat' dir='ltr'>an</span> <span class='ocrx_word' id='word_1_219' title='bbox 519 2115 793 2155; x_wconf 82' lang='lat' dir='ltr'>satisfaceret</span> <span class='ocrx_word' id='word_1_220' title='bbox 827 2116 1039 2157; x_wconf 75' lang='lat' dir='ltr'>voluntati</span> <span class='ocrx_word' id='word_1_221' title='bbox 1073 2116 1225 2160; x_wconf 54' lang='lat' dir='ltr'>Pluto.</span> 
     </span>
     <span class='ocr_line' id='line_1_31' title="bbox 335 2190 413 2219; baseline 0.013 -1"><span class='ocrx_word' id='word_1_222' title='bbox 335 2190 413 2219; x_wconf 86' lang='lat' dir='ltr'>ms.</span> 
     </span>
    </p>

    <p class='ocr_par' dir='ltr' id='par_1_12' title="bbox 330 2240 1222 2596">
     <span class='ocr_line' id='line_1_32' title="bbox 389 2240 1222 2292; baseline -0.001 -12"><span class='ocrx_word' id='word_1_223' title='bbox 389 2240 595 2281; x_wconf 79' lang='lat' dir='ltr'>Sententia</span> <span class='ocrx_word' id='word_1_224' title='bbox 623 2242 745 2292; x_wconf 80' lang='lat' dir='ltr'>sedit]</span> <span class='ocrx_word' id='word_1_225' title='bbox 786 2242 866 2280; x_wconf 91' lang='lat' dir='ltr'>Est</span> <span class='ocrx_word' id='word_1_226' title='bbox 900 2241 943 2279; x_wconf 91' lang='lat' dir='ltr'>id</span> <span class='ocrx_word' id='word_1_227' title='bbox 976 2240 1089 2292; x_wconf 91' lang='lat' dir='ltr'>quod</span> <span class='ocrx_word' id='word_1_228' title='bbox 1123 2245 1222 2291; x_wconf 83' lang='lat' dir='ltr'>post</span> 
     </span>
     <span class='ocr_line' id='line_1_33' title="bbox 334 2303 1221 2354; baseline -0.005 -10"><span class='ocrx_word' id='word_1_229' title='bbox 334 2304 492 2345; x_wconf 87' lang='lat' dir='ltr'>multas</span> <span class='ocrx_word' id='word_1_230' title='bbox 527 2304 753 2342; x_wconf 89' lang='lat' dir='ltr'>dubitandi</span> <span class='ocrx_word' id='word_1_231' title='bbox 792 2304 904 2342; x_wconf 90' lang='lat' dir='ltr'>ultro</span> <span class='ocrx_word' id='word_1_232' title='bbox 938 2303 1135 2354; x_wconf 87' lang='lat' dir='ltr'>citroque</span> <span class='ocrx_word' id='word_1_233' title='bbox 1156 2314 1221 2340; x_wconf 89' lang='lat' dir='ltr'>ra-</span> 
     </span>
     <span class='ocr_line' id='line_1_34' title="bbox 333 2365 1220 2416; baseline -0.002 -9"><span class='ocrx_word' id='word_1_234' title='bbox 333 2367 490 2414; x_wconf 86' lang='lat' dir='ltr'>tiones,</span> <span class='ocrx_word' id='word_1_235' title='bbox 509 2366 683 2405; x_wconf 83' lang='lat' dir='ltr'>tandem</span> <span class='ocrx_word' id='word_1_236' title='bbox 705 2365 939 2407; x_wconf 87' lang='lat' dir='ltr'>concludit.</span> <span class='ocrx_word' id='word_1_237' title='bbox 985 2365 1220 2416; x_wconf 87' lang='lat' dir='ltr'>Virgilius:</span> 
     </span>
     <span class='ocr_line' id='line_1_35' title="bbox 334 2427 1222 2478; baseline -0.002 -10"><span class='ocrx_word' id='word_1_238' title='bbox 334 2430 347 2453; x_wconf 80' lang='lat'><strong><em>⁴</em></strong></span> <span class='ocrx_word' id='word_1_239' title='bbox 367 2430 424 2469; x_wconf 88' lang='lat' dir='ltr'>Et</span> <span class='ocrx_word' id='word_1_240' title='bbox 442 2428 566 2468; x_wconf 88' lang='lat' dir='ltr'>sedet</span> <span class='ocrx_word' id='word_1_241' title='bbox 585 2429 666 2468; x_wconf 89' lang='lat' dir='ltr'>hoc</span> <span class='ocrx_word' id='word_1_242' title='bbox 689 2428 856 2478; x_wconf 84' lang='lat' dir='ltr'>animo,&#39;</span> <span class='ocrx_word' id='word_1_243' title='bbox 872 2431 954 2468; x_wconf 74' lang='grc' dir='ltr'>διο.</span> <span class='ocrx_word' id='word_1_244' title='bbox 983 2427 1122 2478; x_wconf 87' lang='lat' dir='ltr'>Sedit,</span> <span class='ocrx_word' id='word_1_245' title='bbox 1143 2428 1222 2467; x_wconf 89' lang='lat' dir='ltr'>ita-</span> 
     </span>
     <span class='ocr_line' id='line_1_36' title="bbox 336 2492 1220 2546; baseline 0 -14"><span class='ocrx_word' id='word_1_246' title='bbox 336 2505 435 2546; x_wconf 90' lang='lat' dir='ltr'>que,</span> <span class='ocrx_word' id='word_1_247' title='bbox 455 2493 496 2531; x_wconf 90' lang='lat' dir='ltr'>id</span> <span class='ocrx_word' id='word_1_248' title='bbox 535 2499 614 2544; x_wconf 86' lang='lat' dir='ltr'>est,</span> <span class='ocrx_word' id='word_1_249' title='bbox 644 2493 766 2532; x_wconf 86' lang='lat' dir='ltr'>firme</span> <span class='ocrx_word' id='word_1_250' title='bbox 800 2493 981 2546; x_wconf 84' lang='lat' dir='ltr'>placuit,</span> <span class='ocrx_word' id='word_1_251' title='bbox 1015 2497 1062 2532; x_wconf 88' lang='lat' dir='ltr'>et</span> <span class='ocrx_word' id='word_1_252' title='bbox 1081 2492 1220 2532; x_wconf 89' lang='lat' dir='ltr'>animo</span> 
     </span>
     <span class='ocr_line' id='line_1_37' title="bbox 330 2556 799 2596; baseline 0 -1"><span class='ocrx_word' id='word_1_253' title='bbox 330 2556 465 2595; x_wconf 79' lang='lat' dir='ltr'>infixa</span> <span class='ocrx_word' id='word_1_254' title='bbox 486 2562 552 2596; x_wconf 89' lang='lat' dir='ltr'>est</span> <span class='ocrx_word' id='word_1_255' title='bbox 569 2557 799 2596; x_wconf 87' lang='lat' dir='ltr'>sententia.</span> 
     </span>
    </p>

    <p class='ocr_par' dir='ltr' id='par_1_13' title="bbox 332 2619 1223 3369">
     <span class='ocr_line' id='line_1_38' title="bbox 390 2619 1223 2671; baseline 0 -12"><span class='ocrx_word' id='word_1_256' title='bbox 390 2623 469 2659; x_wconf 87' lang='grc'>122</span> <span class='ocrx_word' id='word_1_257' title='bbox 499 2620 707 2671; x_wconf 79' lang='lat' dir='ltr'>Hennoeae]</span> <span class='ocrx_word' id='word_1_258' title='bbox 750 2621 847 2669; x_wconf 87' lang='lat' dir='ltr'>Vel,</span> <span class='ocrx_word' id='word_1_259' title='bbox 876 2625 926 2659; x_wconf 89' lang='lat' dir='ltr'>ut</span> <span class='ocrx_word' id='word_1_260' title='bbox 959 2619 1030 2659; x_wconf 82' lang='lat' dir='ltr'>alii</span> <span class='ocrx_word' id='word_1_261' title='bbox 1057 2620 1223 2671; x_wconf 86' lang='lat' dir='ltr'>legunt,</span> 
     </span>
     <span class='ocr_line' id='line_1_39' title="bbox 332 2681 1220 2724; baseline 0.002 -2"><span class='ocrx_word' id='word_1_262' title='bbox 332 2681 517 2722; x_wconf 76' lang='lat' dir='ltr'>AEtnaeoe.</span> <span class='ocrx_word' id='word_1_263' title='bbox 575 2682 708 2722; x_wconf 88' lang='lat' dir='ltr'>Ceres</span> <span class='ocrx_word' id='word_1_264' title='bbox 757 2682 917 2723; x_wconf 86' lang='lat' dir='ltr'>dicitur</span> <span class='ocrx_word' id='word_1_265' title='bbox 968 2685 1129 2723; x_wconf 79' lang='lat' dir='ltr'>AEtnaea</span> <span class='ocrx_word' id='word_1_266' title='bbox 1168 2684 1220 2724; x_wconf 85' lang='lat' dir='ltr'>ab</span> 
     </span>
     <span class='ocr_line' id='line_1_40' title="bbox 333 2743 1222 2799; baseline 0.004 -16"><span class='ocrx_word' id='word_1_267' title='bbox 333 2743 465 2784; x_wconf 86' lang='lat' dir='ltr'>AEtna</span> <span class='ocrx_word' id='word_1_268' title='bbox 483 2752 627 2784; x_wconf 89' lang='lat' dir='ltr'>monte</span> <span class='ocrx_word' id='word_1_269' title='bbox 652 2746 825 2797; x_wconf 87' lang='lat' dir='ltr'>Siciliae,</span> <span class='ocrx_word' id='word_1_270' title='bbox 843 2758 939 2799; x_wconf 85' lang='lat' dir='ltr'>quae</span> <span class='ocrx_word' id='word_1_271' title='bbox 960 2746 1042 2798; x_wconf 90' lang='lat' dir='ltr'>ipsi</span> <span class='ocrx_word' id='word_1_272' title='bbox 1063 2747 1119 2787; x_wconf 87' lang='lat' dir='ltr'>ob</span> <span class='ocrx_word' id='word_1_273' title='bbox 1138 2746 1222 2787; x_wconf 89' lang='lat' dir='ltr'>fer-</span> 
     </span>
     <span class='ocr_line' id='line_1_41' title="bbox 332 2807 1221 2862; baseline 0.003 -15"><span class='ocrx_word' id='word_1_274' title='bbox 332 2807 536 2848; x_wconf 88' lang='lat' dir='ltr'>tilitatem</span> <span class='ocrx_word' id='word_1_275' title='bbox 558 2821 680 2848; x_wconf 85' lang='lat' dir='ltr'>sacra</span> <span class='ocrx_word' id='word_1_276' title='bbox 711 2815 833 2858; x_wconf 83' lang='lat' dir='ltr'>erat3</span> <span class='ocrx_word' id='word_1_277' title='bbox 876 2815 923 2849; x_wconf 69' lang='lat' dir='ltr'>ot</span> <span class='ocrx_word' id='word_1_278' title='bbox 954 2810 1148 2862; x_wconf 81' lang='lat' dir='ltr'>Hennaea,</span> <span class='ocrx_word' id='word_1_279' title='bbox 1168 2811 1221 2850; x_wconf 86' lang='lat' dir='ltr'>ab</span> 
     </span>
     <span class='ocr_line' id='line_1_42' title="bbox 332 2871 1222 2925; baseline 0.007 -16"><span class='ocrx_word' id='word_1_280' title='bbox 332 2871 440 2910; x_wconf 87' lang='lat' dir='ltr'>urbe</span> <span class='ocrx_word' id='word_1_281' title='bbox 461 2871 630 2924; x_wconf 86' lang='lat' dir='ltr'>Henna,</span> <span class='ocrx_word' id='word_1_282' title='bbox 649 2885 743 2925; x_wconf 81' lang='lat' dir='ltr'>quae</span> <span class='ocrx_word' id='word_1_283' title='bbox 775 2874 817 2912; x_wconf 91' lang='lat' dir='ltr'>in</span> <span class='ocrx_word' id='word_1_284' title='bbox 853 2873 972 2913; x_wconf 88' lang='lat' dir='ltr'>edito</span> <span class='ocrx_word' id='word_1_285' title='bbox 993 2875 1103 2914; x_wconf 90' lang='lat' dir='ltr'>colle</span> <span class='ocrx_word' id='word_1_286' title='bbox 1124 2875 1222 2925; x_wconf 86' lang='lat' dir='ltr'>sita,</span> 
     </span>
     <span class='ocr_line' id='line_1_43' title="bbox 333 2935 1220 2984; baseline 0.007 -13"><span class='ocrx_word' id='word_1_287' title='bbox 333 2935 497 2984; x_wconf 86' lang='lat' dir='ltr'>templo</span> <span class='ocrx_word' id='word_1_288' title='bbox 518 2936 687 2975; x_wconf 85' lang='lat' dir='ltr'>Cereris</span> <span class='ocrx_word' id='word_1_289' title='bbox 704 2936 1102 2976; x_wconf 86' lang='lat' dir='ltr'>commendabatur.</span> <span class='ocrx_word' id='word_1_290' title='bbox 1129 2937 1220 2977; x_wconf 84' lang='lat' dir='ltr'>AEt-</span> 
     </span>
     <span class='ocr_line' id='line_1_44' title="bbox 332 2998 1220 3052; baseline 0.007 -18"><span class='ocrx_word' id='word_1_291' title='bbox 332 3005 389 3035; x_wconf 80' lang='lat' dir='ltr'>na</span> <span class='ocrx_word' id='word_1_292' title='bbox 408 3007 539 3047; x_wconf 85' lang='lat' dir='ltr'>porro</span> <span class='ocrx_word' id='word_1_293' title='bbox 560 2998 716 3037; x_wconf 88' lang='lat' dir='ltr'>dicitnr</span> <span class='ocrx_word' id='word_1_294' title='bbox 736 2999 790 3038; x_wconf 84' lang='lat' dir='ltr'>ab</span> <span class='ocrx_word' id='word_1_295' title='bbox 808 3000 934 3038; x_wconf 85' lang='lat' dir='ltr'>AEtna</span> <span class='ocrx_word' id='word_1_296' title='bbox 947 3000 1116 3039; x_wconf 86' lang='lat' dir='ltr'>Briarei</span> <span class='ocrx_word' id='word_1_297' title='bbox 1137 3001 1220 3052; x_wconf 87' lang='lat' dir='ltr'>Cy-</span> 
     </span>
     <span class='ocr_line' id='line_1_45' title="bbox 334 3057 1221 3114; baseline 0.006 -16"><span class='ocrx_word' id='word_1_298' title='bbox 334 3057 470 3110; x_wconf 81' lang='lat' dir='ltr'>clopis</span> <span class='ocrx_word' id='word_1_299' title='bbox 487 3059 591 3108; x_wconf 83' lang='lat' dir='ltr'>filia,</span> <span class='ocrx_word' id='word_1_300' title='bbox 608 3073 755 3101; x_wconf 85' lang='lat' dir='ltr'>sorore</span> <span class='ocrx_word' id='word_1_301' title='bbox 775 3062 935 3111; x_wconf 89' lang='lat' dir='ltr'>Sicani,</span> <span class='ocrx_word' id='word_1_302' title='bbox 951 3076 1046 3114; x_wconf 90' lang='lat' dir='ltr'>quae</span> <span class='ocrx_word' id='word_1_303' title='bbox 1066 3076 1221 3103; x_wconf 87' lang='lat' dir='ltr'>nomen</span> 
     </span>
     <span class='ocr_line' id='line_1_46' title="bbox 333 3122 1221 3166; baseline 0.005 -4"><span class='ocrx_word' id='word_1_304' title='bbox 333 3122 484 3162; x_wconf 83' lang='lat' dir='ltr'>insnlae</span> <span class='ocrx_word' id='word_1_305' title='bbox 523 3122 660 3162; x_wconf 82' lang='lat' dir='ltr'>dedit.</span> <span class='ocrx_word' id='word_1_306' title='bbox 716 3127 728 3145; x_wconf 78' lang='lat'>⁶</span> <span class='ocrx_word' id='word_1_307' title='bbox 751 3124 933 3162; x_wconf 89' lang='lat' dir='ltr'>Romani</span> <span class='ocrx_word' id='word_1_308' title='bbox 967 3125 1221 3166; x_wconf 85' lang='lat' dir='ltr'>Gracchano</span> 
     </span>
     <span class='ocr_line' id='line_1_47' title="bbox 334 3186 1222 3241; baseline 0.006 -17"><span class='ocrx_word' id='word_1_309' title='bbox 334 3186 521 3225; x_wconf 89' lang='lat' dir='ltr'>tumultu</span> <span class='ocrx_word' id='word_1_310' title='bbox 558 3186 707 3226; x_wconf 89' lang='lat' dir='ltr'>moniti</span> <span class='ocrx_word' id='word_1_311' title='bbox 743 3187 965 3238; x_wconf 84' lang='lat' dir='ltr'>Sibyllinis</span> <span class='ocrx_word' id='word_1_312' title='bbox 1005 3188 1142 3241; x_wconf 88' lang='lat' dir='ltr'>libris,</span> <span class='ocrx_word' id='word_1_313' title='bbox 1174 3194 1222 3229; x_wconf 92' lang='lat' dir='ltr'>ut</span> 
     </span>
     <span class='ocr_line' id='line_1_48' title="bbox 333 3251 1222 3302; baseline 0.007 -14"><span class='ocrx_word' id='word_1_314' title='bbox 333 3251 666 3290; x_wconf 61' lang='lat' dir='ltr'>vetustissimam</span> <span class='ocrx_word' id='word_1_315' title='bbox 681 3251 883 3290; x_wconf 83' lang='lat' dir='ltr'>Cererem</span> <span class='ocrx_word' id='word_1_316' title='bbox 899 3253 1123 3302; x_wconf 86' lang='lat' dir='ltr'>placarent</span> <span class='ocrx_word' id='word_1_317' title='bbox 1138 3256 1222 3294; x_wconf 87' lang='lat' dir='ltr'>En-</span> 
     </span>
     <span class='ocr_line' id='line_1_49' title="bbox 334 3314 1223 3369; baseline 0.003 -14"><span class='ocrx_word' id='word_1_318' title='bbox 334 3315 442 3355; x_wconf 82' lang='lat' dir='ltr'>nam‘</span> <span class='ocrx_word' id='word_1_319' title='bbox 461 3314 680 3369; x_wconf 88' lang='lat' dir='ltr'>(quoniam</span> <span class='ocrx_word' id='word_1_320' title='bbox 715 3328 839 3355; x_wconf 84' lang='lat' dir='ltr'>sacra</span> <span class='ocrx_word' id='word_1_321' title='bbox 869 3316 963 3367; x_wconf 86' lang='lat' dir='ltr'>ejus</span> <span class='ocrx_word' id='word_1_322' title='bbox 994 3317 1095 3357; x_wconf 87' lang='lat' dir='ltr'>inde</span> <span class='ocrx_word' id='word_1_323' title='bbox 1125 3324 1223 3358; x_wconf 80' lang='lat' dir='ltr'>orta</span> 
     </span>
    </p>
   </div>
   <div class='ocr_carea' id='block_1_11' title="bbox 1286 1796 2180 3169">
    <p class='ocr_par' dir='ltr' id='par_1_14' title="bbox 1293 1796 2179 1905">
     <span class='ocr_line' id='line_1_50' title="bbox 1293 1796 2179 1852; baseline -0.006 -12"><span class='ocrx_word' id='word_1_324' title='bbox 1293 1800 1533 1852; x_wconf 89' lang='lat' dir='ltr'>pitiandam</span> <span class='ocrx_word' id='word_1_325' title='bbox 1553 1798 1792 1840; x_wconf 70' lang='lat' dir='ltr'>miserunt!</span> <span class='ocrx_word' id='word_1_326' title='bbox 1820 1797 2020 1838; x_wconf 81' lang='lat' dir='ltr'>Valerius</span> <span class='ocrx_word' id='word_1_327' title='bbox 2037 1796 2179 1836; x_wconf 81' lang='lat' dir='ltr'>Maxi-</span> 
     </span>
     <span class='ocr_line' id='line_1_51' title="bbox 1293 1877 1401 1905; baseline 0.009 -1"><span class='ocrx_word' id='word_1_328' title='bbox 1293 1877 1401 1905; x_wconf 87' lang='lat' dir='ltr'>mus.</span> 
     </span>
    </p>

    <p class='ocr_par' dir='ltr' id='par_1_15' title="bbox 1293 1925 2179 2106">
     <span class='ocr_line' id='line_1_52' title="bbox 1350 1925 2179 1980; baseline -0.005 -13"><span class='ocrx_word' id='word_1_329' title='bbox 1350 1926 1521 1980; x_wconf 80' lang='lat' dir='ltr'>Optata]</span> <span class='ocrx_word' id='word_1_330' title='bbox 1558 1927 1641 1966; x_wconf 88' lang='lat' dir='ltr'>Vel</span> <span class='ocrx_word' id='word_1_331' title='bbox 1662 1925 1741 1966; x_wconf 88' lang='lat' dir='ltr'>sibi</span> <span class='ocrx_word' id='word_1_332' title='bbox 1777 1925 1951 1976; x_wconf 87' lang='lat' dir='ltr'>dilecta,</span> <span class='ocrx_word' id='word_1_333' title='bbox 1969 1925 2039 1964; x_wconf 83' lang='lat' dir='ltr'>vel</span> <span class='ocrx_word' id='word_1_334' title='bbox 2059 1928 2179 1963; x_wconf 81' lang='lat' dir='ltr'>ante-</span> 
     </span>
     <span class='ocr_line' id='line_1_53' title="bbox 1293 1986 2179 2044; baseline -0.007 -13"><span class='ocrx_word' id='word_1_335' title='bbox 1293 2003 1420 2044; x_wconf 83' lang='lat' dir='ltr'>quam</span> <span class='ocrx_word' id='word_1_336' title='bbox 1445 2003 1539 2030; x_wconf 87' lang='lat' dir='ltr'>eam</span> <span class='ocrx_word' id='word_1_337' title='bbox 1559 1990 1823 2041; x_wconf 85' lang='lat' dir='ltr'>conciperet,</span> <span class='ocrx_word' id='word_1_338' title='bbox 1854 1987 1963 2028; x_wconf 88' lang='lat' dir='ltr'>votis</span> <span class='ocrx_word' id='word_1_339' title='bbox 1983 1986 2179 2040; x_wconf 84' lang='lat' dir='ltr'>plurimis</span> 
     </span>
     <span class='ocr_line' id='line_1_54' title="bbox 1294 2059 1519 2106; baseline 0.004 -13"><span class='ocrx_word' id='word_1_340' title='bbox 1294 2059 1519 2106; x_wconf 84' lang='lat' dir='ltr'>exoptata.</span> 
     </span>
    </p>

    <p class='ocr_par' dir='ltr' id='par_1_16' title="bbox 1288 2115 2179 2348">
     <span class='ocr_line' id='line_1_55' title="bbox 1352 2115 2179 2171; baseline -0.004 -13"><span class='ocrx_word' id='word_1_341' title='bbox 1352 2118 1532 2171; x_wconf 76' lang='lat' dir='ltr'>Virebat]</span> <span class='ocrx_word' id='word_1_342' title='bbox 1575 2118 1797 2169; x_wconf 85' lang='lat' dir='ltr'>Virginem</span> <span class='ocrx_word' id='word_1_343' title='bbox 1831 2130 1857 2156; x_wconf 85' lang='lat' dir='ltr'>a</span> <span class='ocrx_word' id='word_1_344' title='bbox 1888 2115 2014 2156; x_wconf 84' lang='lat' dir='ltr'>viridi</span> <span class='ocrx_word' id='word_1_345' title='bbox 2047 2121 2179 2156; x_wconf 65' lang='lat' dir='ltr'>aetate</span> 
     </span>
     <span class='ocr_line' id='line_1_56' title="bbox 1288 2178 2177 2231; baseline -0.001 -12"><span class='ocrx_word' id='word_1_346' title='bbox 1288 2180 1448 2220; x_wconf 85' lang='lat' dir='ltr'>dictam</span> <span class='ocrx_word' id='word_1_347' title='bbox 1470 2185 1595 2231; x_wconf 82' lang='lat' dir='ltr'>putat</span> <span class='ocrx_word' id='word_1_348' title='bbox 1616 2179 1788 2218; x_wconf 84' lang='lat' dir='ltr'>Servius</span> <span class='ocrx_word' id='word_1_349' title='bbox 1806 2192 1816 2217; x_wconf 89' lang='lat'>:</span> <span class='ocrx_word' id='word_1_350' title='bbox 1848 2179 1915 2217; x_wconf 88' lang='lat' dir='ltr'>vel</span> <span class='ocrx_word' id='word_1_351' title='bbox 1932 2179 2114 2230; x_wconf 87' lang='lat' dir='ltr'>virebat,</span> <span class='ocrx_word' id='word_1_352' title='bbox 2133 2178 2177 2222; x_wconf 86' lang='lat' dir='ltr'>id</span> 
     </span>
     <span class='ocr_line' id='line_1_57' title="bbox 1289 2245 2177 2296; baseline -0.003 -10"><span class='ocrx_word' id='word_1_353' title='bbox 1289 2251 1370 2295; x_wconf 85' lang='lat' dir='ltr'>est,</span> <span class='ocrx_word' id='word_1_354' title='bbox 1404 2247 1630 2286; x_wconf 83' lang='lat' dir='ltr'>erescebat</span> <span class='ocrx_word' id='word_1_355' title='bbox 1656 2245 1837 2296; x_wconf 82' lang='lat' dir='ltr'>felicius,</span> <span class='ocrx_word' id='word_1_356' title='bbox 1862 2257 1981 2283; x_wconf 84' lang='lat' dir='ltr'>more</span> <span class='ocrx_word' id='word_1_357' title='bbox 2012 2245 2177 2296; x_wconf 85' lang='lat' dir='ltr'>planta-</span> 
     </span>
     <span class='ocr_line' id='line_1_58' title="bbox 1291 2321 1439 2348; baseline -0.014 0"><span class='ocrx_word' id='word_1_358' title='bbox 1291 2321 1398 2348; x_wconf 91' lang='lat' dir='ltr'>rum.</span> <span class='ocrx_word' id='word_1_359' title='bbox 1425 2323 1439 2336; x_wconf 69' lang='lat'>=</span> 
     </span>
    </p>

    <p class='ocr_par' dir='ltr' id='par_1_17' title="bbox 1286 2369 2180 2680">
     <span class='ocr_line' id='line_1_59' title="bbox 1345 2369 2177 2423; baseline -0.001 -12"><span class='ocrx_word' id='word_1_360' title='bbox 1345 2375 1423 2412; x_wconf 83' lang='lat'>123</span> <span class='ocrx_word' id='word_1_361' title='bbox 1459 2371 1604 2423; x_wconf 78' lang='lat' dir='ltr'>Unica]</span> <span class='ocrx_word' id='word_1_362' title='bbox 1649 2369 1928 2422; x_wconf 85' lang='lat' dir='ltr'>Persephone</span> <span class='ocrx_word' id='word_1_363' title='bbox 1961 2370 2091 2410; x_wconf 87' lang='lat' dir='ltr'>Ceres</span> <span class='ocrx_word' id='word_1_364' title='bbox 2121 2369 2177 2410; x_wconf 87' lang='lat' dir='ltr'>ab</span> 
     </span>
     <span class='ocr_line' id='line_1_60' title="bbox 1292 2432 2178 2486; baseline -0.001 -11"><span class='ocrx_word' id='word_1_365' title='bbox 1292 2434 1470 2486; x_wconf 89' lang='lat' dir='ltr'>Orpheo</span> <span class='ocrx_word' id='word_1_366' title='bbox 1491 2434 1652 2475; x_wconf 88' lang='lat' dir='ltr'>dicitur</span> <span class='ocrx_word' id='word_1_367' title='bbox 1683 2432 1925 2485; x_wconf 75' lang='grc' dir='ltr'><em>μονογένεια,</em></span> <span class='ocrx_word' id='word_1_368' title='bbox 1957 2446 2042 2485; x_wconf 82' lang='lat' dir='ltr'>quae</span> <span class='ocrx_word' id='word_1_369' title='bbox 2061 2435 2178 2474; x_wconf 85' lang='lat' dir='ltr'>semel</span> 
     </span>
     <span class='ocr_line' id='line_1_61' title="bbox 1286 2497 2180 2549; baseline -0.001 -11"><span class='ocrx_word' id='word_1_370' title='bbox 1286 2499 1441 2549; x_wconf 78' lang='lat' dir='ltr'>genuit,</span> <span class='ocrx_word' id='word_1_371' title='bbox 1463 2511 1517 2538; x_wconf 83' lang='lat' dir='ltr'>ex</span> <span class='ocrx_word' id='word_1_372' title='bbox 1549 2499 1686 2549; x_wconf 88' lang='lat' dir='ltr'>Jove;</span> <span class='ocrx_word' id='word_1_373' title='bbox 1717 2511 1816 2538; x_wconf 86' lang='lat' dir='ltr'>nam</span> <span class='ocrx_word' id='word_1_374' title='bbox 1851 2511 1905 2538; x_wconf 87' lang='lat' dir='ltr'>ex</span> <span class='ocrx_word' id='word_1_375' title='bbox 1929 2497 2050 2538; x_wconf 85' lang='lat' dir='ltr'>Jasio</span> <span class='ocrx_word' id='word_1_376' title='bbox 2071 2498 2180 2537; x_wconf 84' lang='lat' dir='ltr'>Dar·</span> 
     </span>
     <span class='ocr_line' id='line_1_62' title="bbox 1289 2560 2177 2601; baseline 0 -1"><span class='ocrx_word' id='word_1_377' title='bbox 1289 2561 1389 2600; x_wconf 88' lang='lat' dir='ltr'>dani</span> <span class='ocrx_word' id='word_1_378' title='bbox 1419 2560 1556 2601; x_wconf 85' lang='lat' dir='ltr'>fratre</span> <span class='ocrx_word' id='word_1_379' title='bbox 1593 2561 1878 2601; x_wconf 88' lang='lat' dir='ltr'>Philomelum</span> <span class='ocrx_word' id='word_1_380' title='bbox 1916 2566 1962 2601; x_wconf 87' lang='lat' dir='ltr'>et</span> <span class='ocrx_word' id='word_1_381' title='bbox 1998 2560 2177 2600; x_wconf 90' lang='lat' dir='ltr'>Plutum</span> 
     </span>
     <span class='ocr_line' id='line_1_63' title="bbox 1288 2624 1934 2680; baseline 0.002 -17"><span class='ocrx_word' id='word_1_382' title='bbox 1288 2636 1446 2663; x_wconf 91' lang='lat' dir='ltr'>numen</span> <span class='ocrx_word' id='word_1_383' title='bbox 1465 2624 1711 2680; x_wconf 82' lang='lat' dir='ltr'>divitiarum</span> <span class='ocrx_word' id='word_1_384' title='bbox 1733 2624 1934 2676; x_wconf 85' lang='lat' dir='ltr'>suscepit.</span> 
     </span>
    </p>

    <p class='ocr_par' dir='ltr' id='par_1_18' title="bbox 1287 2686 2180 3169">
     <span class='ocr_line' id='line_1_64' title="bbox 1344 2686 2178 2740; baseline -0.001 -13"><span class='ocrx_word' id='word_1_385' title='bbox 1344 2688 1517 2740; x_wconf 78' lang='lat' dir='ltr'>Lucina]</span> <span class='ocrx_word' id='word_1_386' title='bbox 1558 2687 1703 2726; x_wconf 84' lang='lat' dir='ltr'>Diana</span> <span class='ocrx_word' id='word_1_387' title='bbox 1731 2687 1831 2727; x_wconf 89' lang='lat' dir='ltr'>Dea</span> <span class='ocrx_word' id='word_1_388' title='bbox 1860 2687 2087 2739; x_wconf 90' lang='lat' dir='ltr'>puerperis</span> <span class='ocrx_word' id='word_1_389' title='bbox 2115 2686 2178 2726; x_wconf 89' lang='lat' dir='ltr'>in·</span> 
     </span>
     <span class='ocr_line' id='line_1_65' title="bbox 1290 2750 2176 2799; baseline 0 -9"><span class='ocrx_word' id='word_1_390' title='bbox 1290 2751 1437 2790; x_wconf 88' lang='lat' dir='ltr'>vocari</span> <span class='ocrx_word' id='word_1_391' title='bbox 1474 2751 1629 2799; x_wconf 80' lang='lat' dir='ltr'>solita3</span> <span class='ocrx_word' id='word_1_392' title='bbox 1673 2751 1826 2790; x_wconf 86' lang='lat' dir='ltr'>eadem</span> <span class='ocrx_word' id='word_1_393' title='bbox 1858 2750 2051 2790; x_wconf 86' lang='lat' dir='ltr'>creditur</span> <span class='ocrx_word' id='word_1_394' title='bbox 2083 2761 2176 2790; x_wconf 85' lang='lat' dir='ltr'>esse</span> 
     </span>
     <span class='ocr_line' id='line_1_66' title="bbox 1291 2813 2175 2866; baseline 0 -14"><span class='ocrx_word' id='word_1_395' title='bbox 1291 2825 1384 2852; x_wconf 90' lang='lat' dir='ltr'>cum</span> <span class='ocrx_word' id='word_1_396' title='bbox 1405 2814 1543 2863; x_wconf 85' lang='lat' dir='ltr'>Luna,</span> <span class='ocrx_word' id='word_1_397' title='bbox 1564 2826 1659 2866; x_wconf 83' lang='lat' dir='ltr'>quae</span> <span class='ocrx_word' id='word_1_398' title='bbox 1688 2814 1862 2865; x_wconf 85' lang='lat' dir='ltr'>proprio</span> <span class='ocrx_word' id='word_1_399' title='bbox 1883 2813 2065 2866; x_wconf 87' lang='lat' dir='ltr'>quodam</span> <span class='ocrx_word' id='word_1_400' title='bbox 2084 2824 2175 2852; x_wconf 87' lang='lat' dir='ltr'>mu-</span> 
     </span>
     <span class='ocr_line' id='line_1_67' title="bbox 1291 2875 2174 2927; baseline 0.002 -13"><span class='ocrx_word' id='word_1_401' title='bbox 1291 2888 1393 2916; x_wconf 86' lang='lat' dir='ltr'>nere</span> <span class='ocrx_word' id='word_1_402' title='bbox 1414 2877 1614 2916; x_wconf 87' lang='lat' dir='ltr'>salutaris</span> <span class='ocrx_word' id='word_1_403' title='bbox 1631 2881 1696 2916; x_wconf 89' lang='lat' dir='ltr'>est</span> <span class='ocrx_word' id='word_1_404' title='bbox 1717 2876 2000 2916; x_wconf 88' lang='lat' dir='ltr'>accelerando</span> <span class='ocrx_word' id='word_1_405' title='bbox 2018 2875 2174 2927; x_wconf 86' lang='lat' dir='ltr'>partui.</span> 
     </span>
     <span class='ocr_line' id='line_1_68' title="bbox 1287 2933 2180 2992; baseline -0.001 -13"><span class='ocrx_word' id='word_1_406' title='bbox 1287 2939 1452 2979; x_wconf 83' lang='lat' dir='ltr'>Lucina</span> <span class='ocrx_word' id='word_1_407' title='bbox 1470 2939 1602 2988; x_wconf 87' lang='lat' dir='ltr'>dicta,</span> <span class='ocrx_word' id='word_1_408' title='bbox 1619 2940 1730 2992; x_wconf 90' lang='lat' dir='ltr'>quod</span> <span class='ocrx_word' id='word_1_409' title='bbox 1751 2939 1884 2978; x_wconf 86' lang='lat' dir='ltr'>oculis</span> <span class='ocrx_word' id='word_1_410' title='bbox 1899 2943 1943 2978; x_wconf 87' lang='lat' dir='ltr'>et</span> <span class='ocrx_word' id='word_1_411' title='bbox 1959 2938 2042 2977; x_wconf 89' lang='lat' dir='ltr'>luci</span> <span class='ocrx_word' id='word_1_412' title='bbox 2063 2933 2180 2990; x_wconf 42' lang='lat' dir='ltr'>prae-¹</span> 
     </span>
     <span class='ocr_line' id='line_1_69' title="bbox 1289 2999 2174 3054; baseline 0.001 -13"><span class='ocrx_word' id='word_1_413' title='bbox 1289 3009 1420 3048; x_wconf 82' lang='lat' dir='ltr'>esset,</span> <span class='ocrx_word' id='word_1_414' title='bbox 1440 3002 1552 3042; x_wconf 89' lang='lat' dir='ltr'>unde</span> <span class='ocrx_word' id='word_1_415' title='bbox 1573 3003 1652 3054; x_wconf 89' lang='lat' dir='ltr'>ipsi</span> <span class='ocrx_word' id='word_1_416' title='bbox 1673 2999 1916 3054; x_wconf 86' lang='lat' dir='ltr'>supercilia,</span> <span class='ocrx_word' id='word_1_417' title='bbox 1935 3002 2080 3040; x_wconf 82' lang='lat' dir='ltr'>oculos</span> <span class='ocrx_word' id='word_1_418' title='bbox 2097 3014 2174 3053; x_wconf 84' lang='lat' dir='ltr'>per</span> 
     </span>
     <span class='ocr_line' id='line_1_70' title="bbox 1290 3064 2173 3118; baseline -0.001 -12"><span class='ocrx_word' id='word_1_419' title='bbox 1290 3079 1396 3118; x_wconf 89' lang='lat' dir='ltr'>quos</span> <span class='ocrx_word' id='word_1_420' title='bbox 1413 3068 1510 3105; x_wconf 89' lang='lat' dir='ltr'>luce</span> <span class='ocrx_word' id='word_1_421' title='bbox 1529 3065 1709 3104; x_wconf 83' lang='lat' dir='ltr'>fruimur</span> <span class='ocrx_word' id='word_1_422' title='bbox 1738 3064 2028 3115; x_wconf 83' lang='lat' dir='ltr'>protegentia,</span> <span class='ocrx_word' id='word_1_423' title='bbox 2055 3071 2173 3105; x_wconf 87' lang='lat' dir='ltr'>vete-</span> 
     </span>
     <span class='ocr_line' id='line_1_71' title="bbox 1290 3127 2174 3169; baseline 0.002 -2"><span class='ocrx_word' id='word_1_424' title='bbox 1290 3140 1358 3167; x_wconf 90' lang='lat' dir='ltr'>res</span> <span class='ocrx_word' id='word_1_425' title='bbox 1388 3129 1641 3167; x_wconf 77' lang='lat' dir='ltr'>rasitabant.</span> <span class='ocrx_word' id='word_1_426' title='bbox 1684 3127 1867 3166; x_wconf 87' lang='lat' dir='ltr'>Ovidius</span> <span class='ocrx_word' id='word_1_427' title='bbox 1888 3135 2014 3167; x_wconf 85' lang='lat' dir='ltr'>vocat</span> <span class='ocrx_word' id='word_1_428' title='bbox 2048 3129 2174 3169; x_wconf 73' lang='lat' dir='ltr'>aliter</span> 
     </span>
    </p>
   </div>
   <div class='ocr_carea' id='block_1_12' title="bbox 1288 3190 2253 3242">
    <p class='ocr_par' dir='ltr' id='par_1_19' title="bbox 1288 3190 2253 3242">
     <span class='ocr_line' id='line_1_72' title="bbox 1288 3190 2253 3242; baseline 0.003 -12"><span class='ocrx_word' id='word_1_429' title='bbox 1288 3190 1546 3242; x_wconf 85' lang='lat' dir='ltr'>Ilythyiam:</span> <span class='ocrx_word' id='word_1_430' title='bbox 1589 3203 1614 3228; x_wconf 89' lang='lat' dir='ltr'>a</span> <span class='ocrx_word' id='word_1_431' title='bbox 1647 3191 1861 3230; x_wconf 84' lang='lat' dir='ltr'>nonnullis</span> <span class='ocrx_word' id='word_1_432' title='bbox 1893 3192 2058 3232; x_wconf 89' lang='lat' dir='ltr'>Lucina</span> <span class='ocrx_word' id='word_1_433' title='bbox 2076 3205 2173 3233; x_wconf 89' lang='lat' dir='ltr'>cum</span> <span class='ocrx_word' id='word_1_434' title='bbox 2236 3223 2253 3238; x_wconf 22' lang='lat' dir='ltr'>&gt;A</span> 
     </span>
    </p>
   </div>
   <div class='ocr_carea' id='block_1_13' title="bbox 1287 3253 2036 3372">
    <p class='ocr_par' dir='ltr' id='par_1_20' title="bbox 1287 3253 2036 3372">
     <span class='ocr_line' id='line_1_73' title="bbox 1287 3253 1768 3297; baseline -0.006 0"><span class='ocrx_word' id='word_1_435' title='bbox 1287 3255 1457 3297; x_wconf 83' lang='lat' dir='ltr'>Junone</span> <span class='ocrx_word' id='word_1_436' title='bbox 1478 3253 1768 3295; x_wconf 86' lang='lat' dir='ltr'>confunditur.</span> 
     </span>
     <span class='ocr_line' id='line_1_74' title="bbox 1342 3317 2036 3372; baseline 0.001 -13"><span class='ocrx_word' id='word_1_437' title='bbox 1342 3320 1420 3359; x_wconf 85' lang='grc'>124</span> <span class='ocrx_word' id='word_1_438' title='bbox 1450 3318 1590 3372; x_wconf 82' lang='lat' dir='ltr'>Fessa]</span> <span class='ocrx_word' id='word_1_439' title='bbox 1617 3318 1854 3372; x_wconf 84' lang='lat' dir='ltr'>Exhausta,</span> <span class='ocrx_word' id='word_1_440' title='bbox 1876 3317 2036 3361; x_wconf 83' lang='lat' dir='ltr'>effoeta.</span> 
     </span>
    </p>
   </div>
   <div class='ocr_carea' id='block_1_14' title="bbox 336 3375 1295 3444">
    <p class='ocr_par' dir='ltr' id='par_1_21' title="bbox 336 3375 1295 3444">
     <span class='ocr_line' id='line_1_75' title="bbox 336 3375 1295 3444; baseline 0.002 -25"><span class='ocrx_word' id='word_1_441' title='bbox 336 3375 595 3444; x_wconf 57' lang='lat' dir='ltr'>eredebant)</span> <span class='ocrx_word' id='word_1_442' title='bbox 612 3378 764 3420; x_wconf 86' lang='lat' dir='ltr'>decem</span> <span class='ocrx_word' id='word_1_443' title='bbox 799 3379 908 3420; x_wconf 86' lang='lat' dir='ltr'>viros</span> <span class='ocrx_word' id='word_1_444' title='bbox 933 3379 987 3420; x_wconf 85' lang='lat' dir='ltr'>ad</span> <span class='ocrx_word' id='word_1_445' title='bbox 1008 3392 1103 3421; x_wconf 87' lang='lat' dir='ltr'>eam</span> <span class='ocrx_word' id='word_1_446' title='bbox 1122 3393 1221 3434; x_wconf 86' lang='lat' dir='ltr'>pro·</span> <span class='ocrx_word' id='word_1_447' title='bbox 1292 3400 1295 3403; x_wconf 97' lang='lat'>·</span> 
     </span>
    </p>
   </div>
  </div>
 </body>
</html>
