2300 3906
374 184 487 241 562
965 200 1061 239 cn.
1100 193 1452 238 anumAm
1493 193 1611 238 xx.

374 316 637 371 Contexit
659 316 843 371 varius
867 321 1160 385 penetrans
1188 314 1546 368 Chalcedona
1567 314 1742 368 nidor.

371 400 522 453 Ecce
546 402 685 453 levis
706 400 925 453 frondes
951 415 984 451 a
1008 404 1159 466 tergo
1186 400 1430 451 concutit
1454 414 1620 464 aura;

371 483 563 538 Credit
586 486 695 537 tela
719 484 864 536 Leo:
904 483 1079 536 valuit
1102 498 1202 551 pro
1229 481 1449 534 vulnere
1471 486 1662 545 terror,
1737 492 1749 517 ³

370 567 737 636 Implevitque
761 569 943 621 vicem
958 566 1170 636 jaculi:
1211 567 1489 634 vitamque
1513 569 1798 618 nocentem

368 651 603 718 Integer,
629 656 684 703 et
703 653 827 703 sola
851 650 1142 703 formidine
1165 649 1403 711 sauciuS,
1433 647 1598 700 efflat.
2084 639 2194 701 455

439 733 584 798 Quis
611 735 710 785 tibi
735 733 1050 786 tractandos
1079 750 1179 801 pro
1202 733 1439 801 pectine,
1465 731 1716 798 degener,
1742 746 1921 796 enses,

365 817 510 882 Quis
534 818 675 871 solio
698 834 957 886 campum
981 833 1297 886 praeponere
1321 816 1502 868 suasit
1526 816 1721 868 avito?

295 910 300 915 ’
364 901 553 966 Quam
577 902 715 953 bene
740 907 1023 954 texentum
1047 901 1319 953 laudabas
1345 899 1590 952 carmina
1615 900 1779 964 tutuS,

360 984 437 1037 'Et
458 986 735 1036 matutinis
759 985 1006 1051 pellebas
1030 983 1234 1051 frigora
1254 984 1464 1035 mensis
1487 984 1498 1035 !

360 1068 495 1130 Hic,
521 1069 846 1131 miserande,
866 1068 1054 1136 jaces:
1093 1068 1203 1131 hic,
1226 1069 1357 1119 dum
1384 1071 1480 1119 tua
1504 1067 1710 1120 vellera
1730 1067 1898 1132 vitaS,
2080 1066 2191 1119 460

358 1152 605 1205 Tandem
630 1153 723 1205 fila
749 1153 850 1205 tibi
874 1158 1141 1205 neverunt
1164 1152 1361 1205 ultima
1383 1153 1601 1206 Parcae.

356 1317 512 1355 cedona.
571 1317 637 1354 En
653 1319 790 1355 ventus
808 1316 937 1355 tenuis
953 1315 1117 1367 impellit
1134 1314 1241 1364 solia
1256 1327 1369 1367 pone,
1397 1315 1476 1355 Leo
1490 1318 1607 1366 putat
1627 1325 1719 1354 esse
1737 1309 1929 1364 sagittas.-
1957 1312 2076 1354 timor
2091 1311 2188 1365 effe-

356 1369 432 1417 cit,
462 1369 561 1419 quod
591 1370 711 1419 plaga
731 1367 942 1419 efficeret,
973 1373 1012 1408 et
1040 1370 1195 1419 peregit
1223 1382 1316 1420 opus
1345 1369 1413 1408 teli
1423 1381 1439 1415 ‚·
1466 1379 1511 1407 ac
1544 1369 1627 1407 iste
1647 1369 1735 1407 Leo
1753 1367 1957 1407 incolumis
1975 1367 2186 1406 haetenus

359 1421 507 1461 emittit
525 1422 695 1460 animam
713 1426 875 1472 sontem,
894 1426 933 1461 et
950 1423 1175 1461 vulneratus
1193 1423 1271 1461 solo
1289 1426 1409 1462 metu.
1465 1421 1612 1472 Ecquis
1629 1421 1702 1459 tibi
1729 1420 1944 1471 persuasit,
1972 1420 2052 1459 Leo
2070 1421 2189 1469 dege·

355 1486 510 1524 nerans,
538 1475 691 1524 gladios
707 1486 877 1525 versare,
902 1487 975 1526 pro
993 1476 1161 1525 pectine,
1190 1479 1230 1514 et
1256 1475 1447 1526 pra’serre
1463 1486 1621 1513 arenam
1640 1475 1794 1513 Martis
1812 1474 2009 1513 cathedra·
2027 1483 2188 1511 avorum

354 1528 552 1566 tuorum?
582 1527 711 1571 Quam
741 1532 830 1578 apte
855 1527 1099 1578 praedicabas
1129 1529 1429 1567 carminationes
1457 1528 1758 1576 carminantum,
1786 1530 1826 1565 et
1845 1526 2003 1565 arcebas
2024 1524 2188 1574 frigora

353 1579 547 1620 laboribus
564 1580 803 1620 matutinis!
831 1580 1034 1628 Hit-jaces
1050 1581 1170 1619 miser
1183 1594 1199 1628 ;
1227 1581 1307 1630 hic,
1334 1581 1426 1620 dum
1456 1579 1687 1631 effugis-fila
1706 1579 1838 1630 solita,
1867 1579 2012 1618 Parcae
2029 1578 2186 1618 tandem

1120 1683 1386 1699 OO‘O‘O‘OOOO
1393 1683 1414 1698 Ι

350 1756 467 1792 auctu
486 1751 543 1793 id.
563 1751 592 1793 J
597 1756 796 1792 un.—-451
830 1753 927 1791 Cum
941 1751 1044 1791 texit
1062 1751 1156 1791 Pal.
1167 1752 1288 1791 Med.
1306 1763 1371 1802 pr.
1403 1749 1631 1790 Conteritur
1646 1749 1795 1790 Ambr.
1812 1762 1878 1802 pr.
1892 1750 2048 1791 Sched.
2066 1751 2184 1794 Gud.

353 1806 539 1845 Contexit
555 1806 621 1844 vel
645 1803 811 1845 Texitur
829 1808 867 1844 et
885 1806 988 1844 Exc.
1010 1805 1134 1844 Laeti.
1163 1803 1353 1843 Subtexit
1368 1804 1535 1855 legebat
1554 1803 1706 1843 Heius.
1728 1804 1801 1856 qui
1821 1805 2084 1855 ascripserat
2102 1806 2186 1846 Lu-

350 1870 444 1898 can.
465 1858 540 1897 lib.
560 1869 622 1897 ιν.
651 1870 694 1908 p.
716 1862 807 1898 183.
836 1857 1026 1897 Subtexit
1045 1859 1178 1895 coelum
1196 1868 1288 1896 nox.
1309 1869 1364 1895 ex
1379 1862 1461 1897 vet.
1480 1856 1585 1896 Cod.
1605 1857 1760 1897 Petav.
1788 1869 1908 1896 vanus
1921 1858 2021 1896 Vat.
2042 1862 2185 1910 quart.

352 1911 475 1950 variis
493 1911 591 1950 Pat.
621 1922 743 1949 vanus
775 1911 843 1949 vel
875 1909 1011 1948 varius
1042 1911 1142 1948 Vat.
1175 1909 1446 1960 quina—452
1477 1910 1575 1948 Esse
1604 1909 1707 1949 Var.
1726 1910 1813 1949 LL.
1833 1910 1900 1949 ed.
1922 1909 2052 1950 Antv.
2083 1912 2186 1951 leves

350 1964 451 2002 vat.
475 1974 538 2013 pr.
561 1963 701 2002 Oxon.
723 1974 810 2001 sec.
826 1975 884 2001 m.
904 1973 989 2001 sec.
1009 1962 1093 2001 inc.
1114 1961 1267 2001 Heius.
1284 1962 1368 2001 duo
1388 1962 1508 2002 Med.
1537 1963 1706 2002 concitat
1724 1963 1828 2004 J‘un.
1849 1966 2047 2014 pru—453
2075 1964 2185 2005 Leon

351 2015 460 2055 Exc.
481 2015 741 2054 Laeti.—-455
773 2015 924 2065 Integet
943 2015 1182 2053 Fun—456
1213 2015 1293 2058 Qui
1311 2015 1428 2055 Rott.
1448 2017 1618 2065 degener
1631 2016 1765 2056 Oisel.
1779 2018 1945 2066 deneget
1958 2017 2062 2055 Vat.
2082 2021 2185 2058 tert.

351 2070 487 2107 —457
515 2068 611 2107 solio
627 2080 801 2119 campum
821 2068 925 2106 Exc.
957 2067 1140 2106 Lucens.
1160 2079 1225 2118 pr.
1252 2069 1388 2107 solium
1407 2081 1541 2119 campo
1575 2069 1678 2108 Vat.
1709 2074 1811 2109 tert.
1838 2069 1931 2109 Pal.
1952 2069 2076 2108 Fam.
2095 2070 2183 2111 duo

354 2121 475 2160 Med.
496 2120 663 2160 Thuan.
680 2122 842 2160 Mazar.
859 2120 898 2158 T
902 2120 1040 2159 holos.
1060 2119 1220 2159 Moret.
1241 2132 1306 2171 pr.
1338 2121 1493 2161 Petav.
1515 2127 1615 2162 tert.
1636 2122 1705 2162 ed.
1724 2122 1866 2162 Vicet.
1893 2122 2031 2162 solium
2047 2134 2183 2175 campo

349 2174 421 2213 vel
439 2173 533 2212 solio
551 2186 728 2224 campum
762 2175 867 2224 Reg.
891 2184 1104 2223 proponere
1135 2173 1290 2213 Petav.
1321 2185 1408 2213 sec.
1438 2176 1577 2214 suadet
1595 2175 1690 2215 Pal.
1710 2175 1832 2214 Med.
1850 2188 1917 2227 pr.
1938 2175 2063 2224 jussit
2077 2176 2181 2217 Jun.

349 2237 417 2278 pr.
441 2226 583 2266 Oxon.
601 2239 684 2266 sec.
716 2226 867 2265 avitum
898 2225 1050 2265 Sched.
1071 2225 1321 2265 Gud.—458
1344 2227 1432 2271 Qui
1450 2228 1542 2266 bene
1574 2227 1717 2266 Oxon.
1751 2240 1838 2268 sec.
1870 2228 2021 2268 Petav.
2042 2241 2105 2280 pr.
2124 2241 2181 2272 m.

348 2290 435 2318 sec.
465 2279 650 2318 laudabas
667 2280 771 2318 Put.
800 2279 973 2318 carmina
990 2279 1093 2319 Lov.
1114 2279 1238 2319 ambo
1258 2279 1416 2333 Moret.
1446 2279 1531 2319 duo
1549 2280 1699 2320 Leidd.
1720 2281 1900 2320 totidem
1921 2281 2058 2322 Oxon.
2077 2281 2181 2324 ΑΜ.

348 2332 457 2371 Exc.
487 2331 666 2371 Gevart.
693 2333 797 2371 Var.
817 2333 903 2371 LL.
939 2330 1005 2370 ed.
1040 2330 1171 2371 Antv.
1199 2333 1366 2372 crimina
1398 2333 1525 2373 Fam.
1553 2334 1725 2372 tramina
1758 2334 1827 2373 vel
1859 2335 2034 2375 carmina
2064 2330 2181 2387 Reg.

335 2384 507 2436 flumine
525 2385 634 2423 lanas
652 2385 720 2423 vel
739 2386 838 2423 telas
856 2394 934 2435 ριο
966 2385 1142 2423 carmina
1157 2389 1264 2425 tutus
1295 2386 1415 2426 Med.
1435 2390 1669 2426 tert—‘459
1687 2385 1853 2436 frigata
1882 2387 1983 2427 Jun.
2003 2399 2072 2437 pr.
2095 2388 2182 2436 sri-

345 2449 445 2487 gora
466 2437 533 2476 vel
552 2437 719 2476 crimina
739 2438 839 2477 Vat.
861 2441 1099 2476 tert—460
1127 2442 1231 2476 taces
1260 2437 1409 2478 Ambr.
1428 2451 1491 2491 ρι·-.
1524 2440 1607 2478 haec
1624 2440 1715 2478 dum
1746 2440 1907 2479 Mazar.
1934 2441 2078 2479 vellera
2110 2443 2181 2481 vel

348 2489 520 2529 stamina
537 2491 637 2531 Vat.
655 2502 722 2545 pr.
742 2501 859 2531 curas
878 2501 958 2540 pro
973 2490 1079 2529 vitas
1096 2491 1197 2532 Jun.
1221 2495 1422 2542 pr.-461
1458 2493 1589 2533 Tende
1608 2503 1687 2544 pro
1707 2492 1881 2532 Tandem
1897 2492 1925 2534 J
1931 2505 1997 2533 un.
2012 2506 2078 2545 pr.
2096 2495 2177 2535 solu

1167 2598 1349 2638 NOTAE

343 2677 423 2718 bro
454 2677 637 2729 impulsu
669 2677 759 2718 icta
784 2677 841 2717 ad
875 2677 1114 2719 acuendum
1142 2679 1228 2717 cul·
1346 2684 1427 2721 457
1454 2680 1594 2743 Solio]
1611 2680 1700 2721 Leo
1715 2676 1809 2721 era‘t
1821 2668 2058 2732 praifect'us
2072 2675 2180 2721 lani·
2253 2668 2259 2718 f

343 2744 474 2791 trum,
507 2753 592 2792 quo
627 2740 786 2780 Hosius
814 2752 965 2781 carnes
996 2753 1111 2780 assas
1130 2753 1226 2792 par·
1290 2743 1484 2795 ficorum,
1518 2750 1564 2784 et
1596 2744 1639 2784 in
1667 2745 1749 2784 hac
1782 2751 1876 2784 arte
1905 2751 2178 2786 successerat
2252 2742 2258 2804 η’

340 2804 492 2845 tiatur.
1292 2808 1380 2847 suis
1427 2807 1639 2859 patribus,
1698 2817 1876 2860 quorum
1922 2808 2188 2848 cathedram.
2252 2811 2267 2830 '·

395 2871 475 2908 451
506 2867 656 2919 Nidor]
667 2868 827 2907 Fumus
842 2872 888 2908 et
903 2867 1010 2908 odor
1021 2868 1227 2920 carnium,
1291 2874 1420 2910 vocat
1438 2870 1625 2909 ironic&
1641 2870 1794 2921 solium,
1823 2881 1921 2909 nam
1942 2869 2030 2909 Leo
2051 2873 2173 2910 ortus
2250 2883 2257 2896 ’-

342 2930 415 2970 vel
434 2940 621 2970 assarum
642 2931 711 2970 vel
730 2931 952 2980 elixarum,
986 2943 1076 2982 prae
1094 2932 1226 2971 nimia
1290 2937 1394 2972 erat
1407 2944 1459 2971 ex
1479 2932 1553 2971 vili
1573 2943 1731 2984 genere
1751 2930 2030 2971 lanificorum.

344 2993 471 3045 copia
511 2997 710 3045 penetrat
749 2993 1036 3044 Chalcedona,
1075 2994 1223 3034 urbem
1344 2998 1425 3034 458
1457 2994 1667 3046 Carmina]
1707 2996 1804 3034 Vox
1824 2995 2045 3046 ambigua:
2087 2992 2173 3046 sig-

345 3069 402 3098 ex
433 3058 570 3097 altera
602 3057 790 3108 Bospori
820 3062 961 3108 parte,
993 3069 1016 3096 e
1049 3059 1223 3111 regione
1291 3057 1440 3098 nificat
1475 3058 1586 3097 enim
1632 3069 1716 3096 non
1765 3057 1900 3095 solum
1935 3056 2172 3097 Poetarum

343 3119 560 3172 Byzantii,
573 3119 774 3171 illamque
786 3120 996 3170 contexit,
1006 3133 1080 3160 seu
1099 3121 1225 3173 tegit,
1290 3134 1454 3172 versus,
1486 3125 1532 3161 et
1561 3120 1798 3160 cantilenas
1825 3132 1849 3158 a
1873 3118 2053 3162 lanificis
2076 3119 2172 3162 cani
2216 3170 2218 3173 r

341 3180 589 3222 obumbrat.
637 3182 865 3234 Virgilius:
895 3182 908 3205 ‘
930 3182 1091 3224 Coelum
1124 3184 1222 3224 sub·
1290 3185 1453 3235 solitas,
1484 3184 1557 3224 sed
1579 3188 1624 3223 et
1643 3181 1857 3234 significat
1875 3183 2015 3233 ipsum
2035 3181 2183 3234 pecti·'

343 3247 496 3284 texere
510 3243 661 3284 fumo!
813 3252 818 3257 “
1289 3260 1404 3297 nem,
1425 3259 1508 3301 quo
1525 3247 1643 3286 lanas
1664 3244 1970 3285 can-minabant.

394 3307 474 3345 455
505 3305 648 3358 Efflat]
675 3305 848 3348 Emittit
866 3306 1045 3349 animam
1064 3307 1222 3362 flando,
1344 3312 1422 3348 461
1455 3309 1549 3350 Fila
1578 3306 1738 3357 ultima]
1782 3304 2018 3357 Virgilius:
2062 3304 2075 3328 ‘
2094 3317 2172 3347 ex·

342 3366 453 3414 sicut
470 3379 642 3426 porcus.
1291 3376 1513 3427 tremaque
1531 3371 1684 3414 Parere
1704 3370 1844 3410 Lauso
1861 3368 1935 3411 fila
1952 3367 2129 3424 legunt?
2175 3411 2179 3413 ,
2206 3384 2212 3387 “
