2300 3906
0 2558 1 2566 κ
12 2538 17 2574 i

12 2847 18 3127 ἔ

13 3143 18 3230 ἓ

12 3238 19 3309 3

14 3315 19 3434 ἓ

723 201 801 241 DE
843 201 925 241 v1.
967 201 1139 241 cons.
1179 202 1411 244 HoNoR.
1865 190 1973 243 807

160 314 367 379 Incola,
393 316 487 384 qui
513 317 754 371 Siculum
780 325 1059 385 porrectus
1086 321 1334 389 adusque
1362 321 1615 374 Pelorum

162 398 388 451 Finibus
408 403 477 452 ab
504 402 761 467 Ligurum
788 404 1027 469 populos
1056 405 1433 471 complectitur
1458 420 1646 457 omnes

159 481 766 551 Italiaesgeminumque
790 486 932 537 latus
952 487 1272 552 stringentia
1296 489 1452 555 longe

158 564 406 632 Utraque
433 571 698 633 perpetuo
725 569 1061 622 discriminat
1086 586 1313 637 aequora
1338 575 1529 625 tractu.
1864 567 1970 622 290

157 648 291 700 Huc
313 665 414 715 ego
439 651 758 704 continuum
784 655 832 705 si
857 671 955 721 per
971 655 1107 722 juga
1133 654 1350 706 tendere
1374 670 1610 718 cursum,

160 731 237 783 Ut
260 733 409 799 prior
431 733 583 786 iratae
606 735 779 789 fuerat
803 739 1076 790 sententia
1098 739 1290 800 menti,

147 814 186 868 J
190 831 279 867 am
304 815 589 883 desperata
612 820 909 874 valuissem
932 822 1057 874 luce
1079 838 1094 886 ;
1133 821 1265 890 quid
1287 823 1469 875 ultra?

153 900 425 952 Omnibus
452 907 770 969 oppeterem
796 905 942 957 sama
966 906 1169 974 majore
1196 907 1433 972 perustis
1455 925 1468 960 ε

150 985 223 1037 Et
249 990 395 1038 certe
415 986 658 1038 moriens
679 990 906 1056 propius
935 995 1007 1052 te,
1035 990 1240 1051 Roma,
1266 990 1500 1042 viderem
1522 1008 1535 1044 z
1861 991 1968 1045 295

149 1067 396 1137 Ipsaque
424 1086 521 1137 per
548 1073 729 1123 cultas
756 1079 966 1139 segetes
986 1090 1133 1126 mors
1159 1079 1347 1126 nostra
1370 1081 1560 1127 secuto

149 1151 649 1222 Victori'qdamnosa
672 1155 825 1208 foret.
901 1157 1009 1208 Sed
1035 1159 1265 1226 pignora
1288 1158 1446 1209 nobis

149 1237 458 1302 Romanm,
498 1255 768 1308 carasque
790 1257 974 1304 nuruS,
992 1266 993 1269 =
1013 1241 1388 1309 praedamque,
1413 1244 1663 1295 tenebat:

147 1390 198 1428 ad
236 1389 416 1428 Pelorum
448 1388 784 1440 promontorium
819 1388 970 1428 Sicilioe
1006 1402 1031 1428 a
1066 1388 1255 1428 tractibus
1291 1388 1497 1439 Ligurum,
1533 1387 1801 1439 circumcingit
1829 1395 1972 1440 gentes

146 1455 276 1481 omnes
296 1442 441 1491 Italioe,
476 1446 516 1481 et
544 1445 662 1482 ductu
691 1442 870 1482 continuo
901 1446 1054 1494 separat
1077 1442 1202 1482 maria
1226 1444 1315 1491 duo,
1325 1442 1518 1490 ferientia
1535 1443 1668 1494 procul
1686 1443 1799 1482 littus
1814 1444 1971 1493 duplex.

145 1496 236 1545 Ego
253 1496 302 1544 si,
321 1500 365 1534 ut
375 1497 546 1546 primum
560 1496 762 1534 consilium
770 1495 910 1544 sumt
925 1497 1052 1535 animo
1071 1497 1191 1543 irato,
1211 1496 1285 1535 huc
1301 1496 1387 1535 vita
1405 1495 1496 1534 fere
1515 1498 1750 1535 conclamata
1764 1496 1973 1546 potuissem

136 1548 251 1596 ferre
275 1550 445 1598 gradum
480 1549 723 1599 repentinum
751 1561 823 1599 per
851 1549 1017 1587 culmina
1033 1562 1048 1594 ;
1089 1550 1181 1599 quid
1212 1549 1378 1588 ulterius
1410 1549 1591 1588 vellem?
1650 1551 1826 1589 Morerer
1854 1554 1971 1588 certe

143 1602 294 1640 cunctis
323 1602 502 1650 incensis,
526 1601 641 1649 sama
664 1601 896 1650 insigniore.-
924 1605 963 1640 et
976 1613 1068 1640 sane
1099 1602 1266 1640 moriens
1292 1601 1500 1650 aspicerem
1519 1606 1558 1640 te
1573 1602 1746 1652 propius,
1764 1614 1789 1641 o
1810 1602 1935 1641 Roma
1959 1615 1972 1640 .·

144 1655 288 1704 etipsa
326 1667 427 1693 mors
460 1659 593 1694 nostra
620 1666 691 1705 per
715 1659 842 1694 terras
871 1655 1047 1693 excultas
1079 1655 1294 1705 perniciosa
1324 1658 1421 1693 esset
1453 1654 1593 1693 victori
1628 1655 1857 1705 insequenti.
1911 1654 1970 1693 At

143 1708 551 1748 Romaniretinebant
569 1707 707 1747 liberos
724 1712 889 1759 nostros,
921 1712 959 1747 et
993 1720 1115 1746 nurus
1142 1708 1282 1758 dulces,
1310 1712 1347 1746 et
1374 1708 1519 1759 spolia.-
1549 1712 1655 1758 esto,
1674 1708 1869 1747 duxissem
1882 1708 1969 1747 ideo

911 1822 1206 1842 OOOOO‘OOO‘OD

144 1896 310 1936 Bonon.
342 1896 526 1945 ferebant
556 1896 797 1947 Reg.—287
823 1896 976 1936 silicum
1004 1907 1080 1946 pro
1121 1895 1296 1935 Siculum
1325 1895 1426 1936 Jun.
1463 1897 1663 1945 piu—288
1691 1892 1738 1932 ab
1774 1894 1969 1944 Ligurum

143 1950 244 1989 Vat.
280 1961 342 2000 pr.
362 1950 462 1988 Vat.
502 1949 641 1989 Livin.
669 1951 718 1988 ad
741 1951 868 1989 Farn.
896 1949 964 1990 ed.
985 1949 1129 1988 Vicet.
1165 1954 1211 1987 et
1245 1949 1395 1987 Barth.
1424 1960 1447 1986 a
1468 1947 1551 1986 duo
1586 1947 1735 1986 Leidd.
1771 1959 1866 1986 cum
1893 1947 1965 1985 tri-

141 2002 260 2054 ginta
276 2003 384 2050 aliis,
399 2003 508 2042 Exc.
527 2002 703 2042 Gevart.
723 2004 825 2043 Var.
847 2003 933 2042 LL.
972 2014 996 2040 e
1016 2013 1145 2052 marg.
1176 2003 1320 2040 Parm.
1367 2001 1587 2050 Alligerum
1606 2000 1705 2040 Jun.
1726 2009 1792 2050 pr.
1826 1999 1967 2038 Oxon.

142 2067 227 2096 sec.
269 2057 482 2106 alligarum
502 2056 605 2095 Put.
634 2056 798 2105 Liguris
816 2056 919 2095 Var.
938 2055 1024 2094 LL.
1047 2054 1115 2093 ed.
1136 2053 1266 2093 Ant‘V.
1286 2066 1339 2093 m.
1356 2065 1444 2092 sec.
1482 2053 1640 2103 populos
1658 2052 1850 2101 Ligurum
1867 2052 1968 2091 Vat.

143 2111 281 2161 quint.
311 2109 580 2160 complectitur
599 2108 682 2148 duo
705 2109 854 2148 Leidd.
888 2113 934 2147 et
960 2106 1129 2159 plurimi
1152 2107 1239 2156 alii,
1258 2107 1363 2145 Exc.
1381 2106 1561 2146 Gevart.
1584 2106 1759 2145 Lucens.
1781 2117 1847 2155 pr.
1865 2104 1968 2144 Var.

142 2163 229 2203 LL.
266 2174 290 2201 e
325 2175 456 2214 marg.
490 2163 637 2202 Parm.
673 2161 923 2212 amplectitur
940 2161 1130 2199 aih—290
1169 2163 1373 2211 perpetuos
1392 2159 1527 2198 Oisel.
1553 2158 1799 2197 disterminat
1821 2158 1970 2198 Petav.

143 2228 211 2267 pr.
240 2217 488 2256 disterminat
519 2218 585 2255 ve!
620 2215 866 2255 discriminat
905 2213 990 2253 duo
1017 2215 1138 2254 Vatt.
1186 2217 1296 2252 tactu
1320 2211 1440 2252 Leid.
1460 2214 1658 2263 piu—291
1700 2211 1778 2250 His
1793 2211 1968 2250 Tholos.

143 2270 228 2310 Hic
248 2270 376 2309 Fam.
399 2271 560 2309 Thuan.
598 2270 758 2309 Mazar.
792 2269 890 2308 Pat.
923 2266 1043 2307 Leid.
1075 2278 1160 2307 sec.
1188 2266 1261 2305 edt
1284 2266 1436 2308 Parm.
1469 2271 1514 2304 et
1533 2265 1676 2304 Vicet.
1719 2264 1828 2302 Hinc
1849 2265 1968 2303 Rott.

142 2323 295 2363 Petav.
316 2335 402 2363 sec.
431 2324 551 2362 Hunc
570 2323 693 2361 Leid.
719 2334 783 2372 pr.
803 2322 905 2362 Jun.
926 2332 989 2370 pr.
1009 2319 1095 2359 dno
1116 2318 1260 2359 Oxon.
1281 2319 1380 2358 Vat.
1409 2330 1473 2368 pr.
1494 2322 1539 2356 et
1564 2329 1647 2356 sec.
1670 2317 1772 2356 Exc.
1793 2316 1902 2355 Laeti
1921 2322 1967 2357 et

140 2376 323 2416 Lucens.
341 2389 405 2428 pr.
442 2377 532 2415 Huc
546 2377 646 2415 Vat.
669 2380 807 2427 quart.
840 2373 959 2413 Med.
984 2376 1124 2424 quart.
1157 2371 1278 2410 Put.—
1295 2371 1378 2409 duo
1397 2369 1548 2409 Ambr.
1577 2369 1676 2408 ιον.
1694 2369 1853 2408 Moret.
1874 2380 1960 2409 sec.

140 2430 240 2469 vat.
279 2430 407 2468 Livin.
442 2429 597 2468 Sched.
628 2428 744 2468 Gud.
792 2427 875 2466 Hic
901 2431 947 2465 et
980 2425 1252 2465 emendatum
1287 2424 1389 2462 Haec
1414 2423 1566 2461 Petav.
1586 2433 1653 2473 pr.
1684 2422 1776 2460 Huc
1796 2422 1862 2460 vel
1881 2421 1965 2461 Hic

141 2482 261 2522 Med.
282 2494 348 2532 pr.
379 2484 469 2521 Non
490 2483 557 2520 vel
581 2483 694 2520 Nunc
715 2481 783 2519 vel
804 2480 896 2518 Huc
909 2479 978 2517 vel
1004 2479 1119 2517 Hunc
1137 2478 1236 2515 Vat.
1257 2481 1358 2515 tert.
1387 2475 1564 2514 continuo
1581 2485 1697 2514 cursu
1717 2473 1860 2513 Ambr.
1877 2485 1964 2514 sec.

140 2548 295 2575 currere
328 2547 404 2586 pro
437 2536 593 2573 tendere
627 2535 888 2573 Farn.—-292
927 2531 1068 2570 mentis
1097 2529 1363 2569 Oisel.-293
1391 2528 1597 2567 valuissem
1613 2528 1712 2567 Vnt.
1733 2539 1818 2566 sec.
1838 2527 1963 2567 Farn.

144 2589 292 2628 PetaV.
315 2594 415 2628 tert.
438 2587 585 2626 Ambr.
606 2599 690 2625 sec.
708 2584 817 2624 infra
836 2597 896 2624 vs.
911 2588 1004 2624 303.
1033 2583 1233 2622 voluissem
1251 2587 1435 2633 quatuor
1448 2582 1570 2620 Vatt.
1594 2580 1687 2620 Pal.
1706 2580 1822 2620 Prie.
1841 2580 1962 2621 Rott.

141 2643 410 2682 Oisel.—-294
451 2645 669 2692 appeterem
702 2640 820 2678 Rott.
854 2637 974 2677 Med.
1010 2648 1095 2675 sec.
1127 2637 1294 2675 Thuan.
1340 2638 1563 2685 appeterent
1582 2633 1680 2674 Jun.
1712 2633 1854 2673 Oxon.
1874 2645 1962 2682 sec.

129 2694 265 2743 forma
284 2695 383 2734 Put.
405 2694 553 2733 Ambr.
585 2706 648 2744 pr.
689 2693 844 2731 meliore
859 2692 961 2731 Vat.
993 2702 1078 2729 sec.
1110 2689 1176 2728 ed.
1195 2688 1338 2728 Vicet.
1378 2688 1520 2736 majore
1551 2687 1635 2725 duo
1655 2686 1804 2725 Leidd.
1825 2691 1870 2725 et
1890 2686 1964 2725 alii

140 2761 294 2800 magno
321 2760 513 2795 numero,
535 2749 637 2786 Exc.
659 2746 835 2785 Gevart.
857 2746 1033 2783 Lucens.
1053 2755 1116 2793 pr.
1149 2741 1245 2781 Ald.
1265 2742 1367 2780 Var.
1399 2741 1483 2780 LL.
1513 2752 1537 2779 e
1558 2751 1690 2791 marg.
1710 2740 1854 2778 Parm.
1881 2751 1962 2778 ma-

126 2802 216 2851 jore
234 2802 385 2852 per-illis
415 2800 566 2839 Sched.
600 2801 714 2839 Grud.
754 2798 896 2846 majore
911 2796 1082 2848 perustis
1114 2796 1218 2834 Lov.
1244 2797 1426 2845 perustus
1444 2793 1564 2833 Med.
1582 2797 1681 2831 tert.
1706 2792 1876 2843 perustis
1894 2793 1963 2830 vel

135 2856 323 2907 peremtis
360 2856 455 2893 Pal.
495 2854 613 2893 Med.
650 2865 713 2903 pr.
759 2851 942 2902 praustis
977 2848 1234 2900 conjiciebat
1267 2847 1551 2886 Heius—296
1578 2846 1718 2884 multas
1746 2844 1966 2884 Thoan.—

139 2911 218 2948 297
246 2922 322 2948 non
336 2912 423 2946 sunt
443 2920 518 2957 pro
539 2907 647 2945 nobis
665 2906 763 2946 Jun.
785 2916 846 2955 pr.
869 2904 1009 2942 Oxon.
1031 2914 1117 2942 sec.
1144 2904 1279 2940 nostra
1298 2905 1384 2938 tres
1401 2899 1520 2939 Vatt.
1540 2899 1663 2938 Rott.
1681 2899 1839 2937 Thuan.
1859 2895 1962 2936 Pat.

139 2961 290 3003 Petav.
317 2974 379 3013 pr.
419 2961 529 2999 nobis
561 2961 629 2999 vel
660 2963 794 2998 nostra
826 2959 922 2997 Vat.
950 2958 1188 2996 tert.—298
1217 2955 1414 2993 Romanas
1452 2953 1612 2992 Moret.
1642 2963 1730 2991 sec.
1755 2950 1963 3002 proedaque

138 3144 200 3183 lut
244 3143 285 3182 in
323 3143 430 3182 duas
462 3146 607 3193 partes
643 3139 804 3190 secans,
846 3142 1018 3189 separat
1082 3134 1366 3185 recepissem;
1409 3142 1598 3171 morerer
1641 3134 1687 3170 et
1733 3131 1966 3180 lubentius,

138 3206 221 3246 duo
242 3207 608 3258 maria,superum
629 3211 674 3243 et
692 3202 892 3242 inferum.
1082 3197 1290 3250 siquidem
1328 3196 1516 3236 viderem
1554 3193 1729 3246 propius
1769 3194 1961 3243 Romam,

190 3273 271 3309 294
300 3272 424 3310 Fama
457 3271 622 3318 majore]
678 3269 875 3308 Morerer
905 3265 1018 3304 fama
1085 3269 1128 3302 et
1148 3267 1317 3312 segetes
1337 3260 1400 3299 ita
1431 3263 1622 3308 exustas,
1645 3262 1692 3295 ut
1711 3256 1848 3295 victor
1866 3254 1960 3305 ipse

137 3332 318 3383 majore,
349 3335 410 3372 ait
429 3331 642 3380 Alaricus,
675 3331 710 3370 si
730 3330 910 3369 incensis
931 3341 1017 3368 om·
1084 3326 1188 3365 nihil
1211 3331 1309 3375 post
1336 3335 1405 3362 me
1431 3322 1663 3371 inveniens,
1695 3317 1807 3358 unde
1822 3318 1959 3359 aleret

136 3394 261 3435 nibus
296 3394 473 3447 campis,
510 3395 685 3446 in-juga
707 3392 924 3445 Apennini
948 3403 1017 3431 me
1084 3388 1333 3439 exercitum,
1350 3384 1583 3439 perniciem
1599 3379 1824 3423 inveniret.
1887 3418 1893 3422 .
