2300 3906
359 184 470 241 626
905 203 1000 242 cn.
1039 198 1394 249 anumAm
1434 199 1606 241 xxn.

359 314 545 385 quue
567 332 737 384 negas
763 314 960 379 solum,
983 316 1145 384 eujus
1169 331 1305 369 mox
1329 316 1451 385 ipse
1475 318 1696 387 repulsa

359 397 634 463 Gaudeat,
659 403 712 452 et
732 398 1000 468 quicquid
1026 398 1204 452 fuerat
1227 398 1471 452 deforme
1493 401 1706 457 mereri.

432 481 642 534 Omnes
666 487 949 550 praeterea,
969 498 1106 553 puro
1132 498 1260 550 quae
1287 483 1517 536 erimina
1539 484 1752 552 pellunt
2083 481 2188 536 100

360 564 471 619 Ore
490 567 648 630 Deae,
669 566 903 637 junxere
927 567 1140 630 chorOS,
1167 583 1389 635 unoque
1412 572 1649 636 receptae
1872 583 1875 585 ·

359 649 593 703 Pectore
616 651 866 704 diversos
890 655 1073 704 tecum
1097 651 1383 719 cinguntur
1408 652 1465 703 in
1487 667 1640 703 usus.

357 731 397 785 J
399 734 591 787 ustitia
614 734 840 787 utilibus
863 739 1076 788 rectum
1095 751 1413 804 praeponere
1439 736 1659 801 suadet,

360 814 802 890 communesque
826 818 982 886 sequi
1006 819 1173 885 legeS,
1199 819 1517 887 injustaque
1542 834 1820 887 nunquam

361 898 575 968 Largiri
599 901 803 953 sociis:
843 901 1042 953 durum
1059 900 1339 969 Patientia
1359 916 1562 966 eorpus
2084 894 2194 953 105

360 982 605 1047 Instruit,
629 986 692 1034 ut
713 983 853 1034 nulli
876 981 1069 1048 cupiat
1092 981 1334 1033 cessisse
1356 981 1565 1033 labori:

359 1064 696 1134 TemperieS,
716 1069 779 1118 ut
804 1068 966 1118 casta
990 1067 1182 1133 petas:
1222 1062 1544 1129 Prudentia,
1567 1081 1636 1117 ne
1663 1066 1798 1134 quid

360 1149 712 1202 Inconsultus
736 1165 900 1217 agas:
940 1148 1288 1212 Constantia,
1313 1149 1474 1202 futile
1499 1165 1568 1201 ne
1587 1150 1726 1217 quid

359 1232 754 1302 Infirmumque
777 1249 953 1302 geras.
1027 1232 1236 1286 Procul
1258 1234 1572 1302 importuna
1595 1232 1849 1301 fugantur

361 1396 430 1425 res
437 1386 582 1434 justas,
599 1389 639 1425 et
655 1385 786 1426 renuis
810 1388 965 1426 tantum
981 1385 1039 1435 id,
1057 1397 1130 1437 quo
1143 1397 1218 1426 non
1232 1385 1386 1426 obtento
1403 1398 1496 1429 mox
1514 1387 1672 1426 laetetar
1688 1386 1771 1437 ille,
1789 1389 1831 1426 et
1850 1386 1995 1426 renuis
2009 1385 2195 1438 quiequid

359 1438 443 1489 ipsi
461 1443 573 1490 turpe
576 1437 687 1486 soret
703 1439 927 1490 impetrare.
983 1439 1150 1490 Insuper
1181 1440 1282 1480 Deae
1311 1451 1442 1480 omnes
1457 1439 1673 1489 Virtutes,
1685 1451 1771 1490 quoe
1787 1438 1942 1489 fugant
1967 1439 2069 1479 vitia
2084 1440 2196 1478 vultu

358 1503 507 1542 sereno,
523 1491 804 1541 conjunxerunt
819 1496 958 1532 coetam
976 1503 1112 1542 suum,
1138 1495 1178 1531 et
1205 1496 1376 1543 exceptae
1408 1493 1453 1533 in
1485 1504 1560 1532 uno
1587 1492 1732 1542 animo,
1751 1496 1961 1532 armantur
1978 1497 2107 1532 tecum
2121 1504 2194 1543 pro

359 1544 495 1584 usibus
511 1545 649 1584 variis.
702 1544 872 1584 Justitia
884 1546 1091 1595 persuadet
1111 1543 1189 1583 tibi
1219 1544 1410 1595 praeferre
1437 1545 1672 1584 honestatem
1691 1546 1870 1593 lucro,'ct
1885 1556 2031 1596 parerev
2046 1544 2197 1594 legibus

359 1597 637 1646 communibus,
656 1600 695 1636 et
711 1609 908 1648 nunquam
923 1598 1128 1636 concedere
1146 1597 1279 1647 iniqua
1286 1596 1497 1645 foederutis
1522 1597 1693 1636 nostris.
1749 1597 1955 1637 Patientia
1973 1597 2197 1637 corroborat

359 1661 498 1700 corpus
517 1654 635 1688 tuum
654 1650 840 1699 validam,
867 1662 917 1689 ne
943 1650 1037 1688 velit
1066 1649 1310 1689 succumbere
1339 1650 1413 1690 ulli
1444 1649 1581 1690 labori.
1641 1650 1914 1702 Temperantia
1930 1649 2053 1700 facit,
2072 1653 2115 1690 ut
2133 1661 2196 1690 re·

360 1701 494 1753 quin-as
507 1702 652 1753 pudica
664 1715 678 1741 .-
705 1702 926 1743 Prudentia
943 1701 1049 1743 facit
1066 1714 1115 1742 ne
1138 1702 1233 1754 quid
1247 1703 1552 1744 inconsideratus
1557 1701 1703 1752 facias.
1760 1702 2011 1756 Constantia,
2030 1715 2078 1744 ne
2103 1702 2198 1756 quid

1141 1833 1410 1851 ΟΟΙΙΟΟΙΟΙΟΟ
1414 1834 1438 1851 0

363 1918 417 1955 98
445 1916 531 1966 ipsa
550 1914 692 1956 Vicet.
708 1914 966 1955 Parm.-—-99
982 1913 1112 1963 fuerit
1128 1914 1239 1966 conj.
1269 1913 1424 1953 Heius.
1450 1912 1580 1954 videri
1596 1913 1851 1955 Pric.—100
1877 1926 1963 1966 ‹1¹1oe
1979 1926 2076 1966 puro
2092 1916 2196 1957 Vat.

360 1979 449 2007 see.
496 1968 625 2019 posito
642 1981 727 2019 quae
744 1968 918 2008 carmina
941 1971 1103 2019 poscunt
1129 1971 1176 2007 et
1194 1967 1469 2008 emendatum
1487 1966 1654 2007 crimina
1672 1966 1823 2008 Ambr.
1844 1979 1929 2008 sec.
1965 1969 2092 2020 posito
2111 1969 2198 2011 inc.

364 2019 517 2060 Heius.
557 2033 675 2072 quam
707 2021 825 2060 Prie.
867 2021 1039 2059 carmina
1073 2018 1224 2059 Ambr.
1259 2032 1323 2071 pr.
1357 2019 1516 2060 Sched.
1549 2020 1667 2061 Gud.
1738 2025 1870 2060 assunt
1885 2022 1990 2062 Var.
2011 2021 2100 2062 LL.
2126 2022 2197 2063 ed.

362 2071 497 2113 Antv.
517 2085 573 2112 m.
596 2085 659 2124 pr.
682 2077 846 2125 poscunt
863 2073 988 2112 Voss.
1009 2085 1064 2112 m.
1081 2084 1146 2124 pr.
1169 2072 1292 2113 Leid.
1312 2084 1400 2112 sec.
1419 2073 1502 2114 inc.
1518 2073 1673 2114 Heins.
1719 2074 1869 2114 motos.
1890 2074 1995 2114 Exc.
2015 2074 2200 2119 Gevart.

362 2125 520 2165 PetaV.
540 2137 626 2166 sec.
660 2138 756 2166 cum
788 2127 943 2177 glossa,
967 2125 992 2164 i.
1018 2137 1058 2165 e.
1084 2126 1288 2177 impetunt.
1308 2125 1410 2165 alibi
1446 2126 1490 2165 in
1523 2126 1663 2166 veteri
1696 2127 1803 2167 Cod.
1831 2127 1844 2149 ‘
1866 2138 1991 2179 quem
2019 2139 2198 2178 poscere

362 2178 497 2219 solum
518 2178 723 2218 Horruit?
748 2179 777 2217 i.
798 2191 830 2218 e.
847 2190 1063 2229 provocare.
1091 2178 1236 2229 pellunt
1255 2179 1326 2217 vel
1352 2181 1518 2230 poscunt
1553 2179 1661 2231 Reg.
1695 2179 1839 2220 Oxon.
1855 2183 2057 2231 pre-101
2091 2180 2198 2222 Orbe

363 2231 468 2271 Vat.
484 2243 568 2271 sec.
595 2231 755 2272 vinxere
768 2231 834 2272 ed.
854 2231 997 2271 Vicet.
1025 2231 1161 2271 vixere
1179 2230 1331 2271 Petav.
1351 2242 1441 2270 sec.
1469 2231 1652 2271 Junxere
1670 2232 1862 2274 Florent.
1878 2237 2061 2285 quatuor
2075 2233 2199 2276 Med.

364 2283 450 2324 inc.
473 2284 627 2325 Heins.
647 2286 813 2325 Thuan.
835 2285 989 2323 Petav.
1012 2288 1112 2324 tert.
1132 2284 1298 2324 Bonon.
1317 2282 1442 2324 Thol.
1476 2288 1565 2323 tres
1592 2282 1746 2324 Ambr.
1766 2285 1891 2325 ambo
1911 2286 2073 2327 Mon-et.
2093 2286 2197 2332 Ald.

364 2337 473 2377 Exc.
488 2337 655 2376 Schott.
675 2338 778 2378 Var.
797 2338 883 2377 LL.
902 2348 926 2375 e
943 2349 1075 2387 marg.
1095 2337 1241 2378 Parin.
1269 2337 1377 2378 Deos
1393 2347 1472 2388 pro
1491 2337 1626 2376 choros
1641 2337 1806 2376 Tholos.
1835 2338 1983 2389 imoque
2000 2339 2029 2380 J
2033 2351 2104 2380 un.
2125 2352 2194 2392 pr.

361 2393 521 2440 repente
539 2390 657 2429 Med.
677 2392 952 2441 quart.-—102
973 2390 1142 2441 Corpore
1155 2389 1255 2429 Pat.
1272 2390 1505 2440 ,Iunguntur
1519 2389 1603 2429 duo
1618 2389 1738 2430 Med.
1763 2391 2022 2440 accinguntur
2039 2392 2198 2434 Petav.

363 2453 433 2493 pr.
450 2454 505 2481 m.
524 2453 613 2481 sec.
640 2443 854 2492 cinguntur
871 2442 1172 2492 veljunguntur
1190 2442 1293 2482 Vat.
1313 2454 1380 2493 pr.
1408 2446 1599 2492 coguntur
1616 2442 1685 2482 vel
1714 2443 1927 2493 cinguntur
1946 2444 2090 2485 Oxon.
2111 2457 2197 2487 sec.

363 2498 498 2534 -103
525 2507 687 2547 regnum
706 2496 864 2535 Moret.
881 2497 1081 2546 pin-104
1099 2494 1216 2543 jubet
1235 2506 1314 2546 pro
1335 2495 1443 2547 sequi
1460 2495 1758 2535 'mnam—105
1786 2495 1930 2545 largiri
1938 2494 2079 2544 facilis
2097 2510 2198 2539 con-

357 2546 546 2597 jiciebat
578 2547 868 2588 Heins.--106
895 2551 933 2586 et
961 2548 1059 2587 nulli
1086 2548 1209 2587 Med.
1233 2553 1374 2598 quart.
1401 2548 1536 2599 cupias
1566 2549 1667 2588 Vat.
1693 2559 1780 2588 see.
1811 2547 1948 2588 Oisel.
1980 2549 2198 2591 Mazara-—

365 2602 445 2639 107
470 2604 602 2640 castra
618 2601 780 2642 Thuan.
795 2600 928 2654 fictile
945 2599 1067 2642 Med.
1085 2603 1289 2653 pr0-109
1316 2600 1567 2655 Injirmumve
1585 2600 1686 2642 Vat.
1715 2612 1804 2642 sec.
1843 2599 1968 2653 genus
1984 2603 2054 2643 vel
2081 2616 2200 2655 geras

1192 2726 1371 2768 NOTAE

419 2809 473 2847 99
501 2805 673 2860 Mer-eri]
725 2809 870 2859 Turpe
906 2807 1062 2849 fuisset
1092 2820 1250 2861 nempe
1368 2812 1447 2850 102
1478 2808 1723 2861 cinguntur]
1752 2809 1970 2851 Par-antur
1983 2809 2103 2852 velut
2121 2805 2199 2852 mi·-

366 2868 553 2910 Arcadio
571 2870 765 2910 obtinere
778 2870 939 2923 aliquid
960 2871 1072 2923 quod
1091 2882 1250 2911 nocere
1311 2872 1501 2913 litaturae
1520 2878 1671 2913 contra
1692 2872 1807 2913 vitia.

365 2931 576 2984 potuisset
611 2931 737 2972 fratri
766 2933 973 2983 Honorio,
993 2934 1123 2988 idque
1149 2934 1249 2975 ideo
1369 2938 1448 2975 107
1480 2936 1599 2975 Casta
1614 2934 1746 2987 petas]
1773 2933 2046 2975 Ammianus:
2079 2934 2092 2957 ⁴
2108 2934 2199 2975 Pu-

366 3004 451 3033 non
477 2995 800 3035 concedebatur
829 3008 855 3035 a
878 2996 1123 3037 Stilichone.
1163 2998 1250 3037 Va·
1314 2996 1463 3037 dieitia
1481 2997 1612 3036 vitam
1631 2997 1816 3037 honorat
1833 2997 1888 3037 ad
1917 2997 2090 3038 excelsa
2107 3009 2196 3038 sur·

367 3055 497 3095 lerius
517 3057 730 3097 Maximus
757 3057 881 3109 dicit,
908 3058 922 3081 ‘
945 3059 1034 3099 Nos
1063 3060 1248 3112 plerum·
1315 3058 1517 3110 gentem!

368 3128 454 3170 que
474 3117 518 3157 id
545 3118 655 3158 votis
685 3124 906 3171 expetere,
932 3120 1044 3174 quod
1063 3133 1145 3161 non
1172 3122 1250 3162 im·
1368 3123 1447 3160 108
1476 3120 1738 3174 Inconsultus]
1764 3120 2087 3174 Imprudenter,
2104 3122 2196 3164 sine

366 3185 563 3232 petrasse
581 3180 732 3221 melius
750 3180 891 3222 foret!
1240 3206 1242 3210 v
1313 3181 1642 3223 deliberatione.

422 3245 499 3282 101
515 3243 693 3282 Junxere
706 3243 857 3294 choros]
886 3244 1081 3286 Virtutes
1096 3257 1244 3287 omnes
1366 3248 1446 3284 109
1473 3244 1697 3298 Infirmum]
1753 3245 2012 3286 Constantia
2046 3244 2196 3300 efficit,

367 3303 410 3344 in
441 3309 574 3355 statu,
606 3309 657 3345 ut
688 3312 858 3357 vocant,
895 3307 1082 3362 heroico,
1119 3307 1245 3353 simul
1312 3312 1362 3348 ut
1379 3307 1487 3347 nihil
1504 3319 1627 3359 geras
1646 3307 1770 3348 futile
1785 3313 1832 3348 et
1848 3306 2062 3359 frivolum,
2079 3309 2192 3362 quod

368 3381 462 3410 esse
481 3369 630 3410 dicunt
645 3370 905 3424 Philosophi.
1238 3382 1243 3386 ·
1313 3371 1506 3412 redoleat
1526 3370 1711 3412 animum
1730 3372 1869 3413 levem
1889 3383 1939 3414 ac
1959 3371 2174 3425 pusillum.
