<?xml version="1.0" encoding="UTF-8"?>
<!DOCTYPE html PUBLIC "-//W3C//DTD XHTML 1.0 Transitional//EN"
    "http://www.w3.org/TR/xhtml1/DTD/xhtml1-transitional.dtd">
<html xmlns="http://www.w3.org/1999/xhtml" xml:lang="en" lang="en">
 <head>
  <title>
</title>
<meta http-equiv="Content-Type" content="text/html;charset=utf-8" />
  <meta name='ocr-system' content='tesseract 3.04.00' />
  <meta name='ocr-capabilities' content='ocr_page ocr_carea ocr_par ocr_line ocrx_word'/>
</head>
<body>
  <div class='ocr_page' id='page_1' title='image "./operaomniaexedit02clauuoft/operaomniaexedit02clauuoft_0339.png"; bbox 0 0 2300 3906; ppageno 0'>
   <div class='ocr_carea' id='block_1_1' title="bbox 0 645 9 1555">
    <p class='ocr_par' dir='ltr' id='par_1_1' title="bbox 0 645 9 1555">
     <span class='ocr_line' id='line_1_1' title="bbox 0 645 9 1555; baseline 0 0"><span class='ocrx_word' id='word_1_1' title='bbox 0 645 9 1555; x_wconf 95' lang='lat' dir='ltr'><em> </em></span> 
     </span>
    </p>
   </div>
   <div class='ocr_carea' id='block_1_2' title="bbox 732 190 1983 244">
    <p class='ocr_par' dir='ltr' id='par_1_2' title="bbox 732 190 1983 244">
     <span class='ocr_line' id='line_1_2' title="bbox 732 190 1983 244; baseline 0.001 -3"><span class='ocrx_word' id='word_1_2' title='bbox 732 203 811 241; x_wconf 84' lang='lat' dir='ltr'><em>DE</em></span> <span class='ocrx_word' id='word_1_3' title='bbox 855 204 935 241; x_wconf 75' lang='lat' dir='ltr'><em>vl.</em></span> <span class='ocrx_word' id='word_1_4' title='bbox 976 202 1149 242; x_wconf 74' lang='lat' dir='ltr'><strong>coNS.</strong></span> <span class='ocrx_word' id='word_1_5' title='bbox 1191 202 1425 241; x_wconf 67' lang='lat' dir='ltr'><em>Houon.</em></span> <span class='ocrx_word' id='word_1_6' title='bbox 1878 190 1983 244; x_wconf 79' lang='lat'><em>841</em></span> 
     </span>
    </p>
   </div>
   <div class='ocr_carea' id='block_1_3' title="bbox 170 316 1831 967">
    <p class='ocr_par' dir='ltr' id='par_1_3' title="bbox 171 316 1574 387">
     <span class='ocr_line' id='line_1_3' title="bbox 171 316 1574 387; baseline 0.002 -19"><span class='ocrx_word' id='word_1_7' title='bbox 171 316 343 368; x_wconf 83' lang='lat' dir='ltr'><em>Sacra</em></span> <span class='ocrx_word' id='word_1_8' title='bbox 365 319 559 370; x_wconf 77' lang='lat' dir='ltr'><em>refert..</em></span> <span class='ocrx_word' id='word_1_9' title='bbox 600 317 833 386; x_wconf 80' lang='lat' dir='ltr'><em>&#39;Flagrat</em></span> <span class='ocrx_word' id='word_1_10' title='bbox 858 321 1054 371; x_wconf 86' lang='lat' dir='ltr'><em>studiis</em></span> <span class='ocrx_word' id='word_1_11' title='bbox 1082 321 1377 374; x_wconf 84' lang='lat' dir='ltr'><em>concordia</em></span> <span class='ocrx_word' id='word_1_12' title='bbox 1403 321 1574 387; x_wconf 86' lang='lat' dir='ltr'><em>vulgi,</em></span> 
     </span>
    </p>

    <p class='ocr_par' dir='ltr' id='par_1_4' title="bbox 171 398 1464 470">
     <span class='ocr_line' id='line_1_4' title="bbox 171 398 1464 470; baseline 0.005 -21"><span class='ocrx_word' id='word_1_13' title='bbox 171 398 356 461; x_wconf 84' lang='lat' dir='ltr'><em>Quam</em></span> <span class='ocrx_word' id='word_1_14' title='bbox 382 416 490 450; x_wconf 87' lang='lat' dir='ltr'><em>nou</em></span> <span class='ocrx_word' id='word_1_15' title='bbox 516 401 788 451; x_wconf 85' lang='lat' dir='ltr'>illecebris</span> <span class='ocrx_word' id='word_1_16' title='bbox 816 402 1047 469; x_wconf 80' lang='lat' dir='ltr'><em>dispersi</em></span> <span class='ocrx_word' id='word_1_17' title='bbox 1074 405 1288 470; x_wconf 88' lang='lat' dir='ltr'>colligis</span> <span class='ocrx_word' id='word_1_18' title='bbox 1314 405 1464 470; x_wconf 81' lang='lat' dir='ltr'><em>auri3</em></span> 
     </span>
    </p>

    <p class='ocr_par' dir='ltr' id='par_1_5' title="bbox 171 480 1401 555">
     <span class='ocr_line' id='line_1_5' title="bbox 171 480 1401 555; baseline 0.006 -23"><span class='ocrx_word' id='word_1_19' title='bbox 171 480 297 532; x_wconf 90' lang='lat' dir='ltr'><em>Nec</em></span> <span class='ocrx_word' id='word_1_20' title='bbox 324 483 425 533; x_wconf 88' lang='lat' dir='ltr'><em>tibi</em></span> <span class='ocrx_word' id='word_1_21' title='bbox 450 484 670 538; x_wconf 83' lang='lat' dir='ltr'><em>venales</em></span> <span class='ocrx_word' id='word_1_22' title='bbox 698 491 924 551; x_wconf 76' lang='lat' dir='ltr'><em>captant</em></span> <span class='ocrx_word' id='word_1_23' title='bbox 949 489 1143 538; x_wconf 85' lang='lat' dir='ltr'><em>aeraria</em></span> <span class='ocrx_word' id='word_1_24' title='bbox 1167 489 1401 555; x_wconf 82' lang='lat' dir='ltr'>plausus</span> 
     </span>
    </p>

    <p class='ocr_par' dir='ltr' id='par_1_6' title="bbox 172 564 1478 631">
     <span class='ocr_line' id='line_1_6' title="bbox 172 564 1478 631; baseline 0.005 -17"><span class='ocrx_word' id='word_1_25' title='bbox 172 564 511 631; x_wconf 83' lang='lat' dir='ltr'><em>Corruptura</em></span> <span class='ocrx_word' id='word_1_26' title='bbox 536 566 730 620; x_wconf 86' lang='lat' dir='ltr'><em>fidem:</em></span> <span class='ocrx_word' id='word_1_27' title='bbox 770 570 975 623; x_wconf 82' lang='lat' dir='ltr'><em>meritis</em></span> <span class='ocrx_word' id='word_1_28' title='bbox 1001 569 1223 621; x_wconf 87' lang='lat' dir='ltr'><em>offertur</em></span> <span class='ocrx_word' id='word_1_29' title='bbox 1247 571 1478 622; x_wconf 88' lang='lat' dir='ltr'><em>inemtus</em></span> 
     </span>
    </p>

    <p class='ocr_par' dir='ltr' id='par_1_7' title="bbox 170 646 1831 887">
     <span class='ocr_line' id='line_1_7' title="bbox 171 646 1570 704; baseline 0.004 -6"><span class='ocrx_word' id='word_1_30' title='bbox 171 646 322 699; x_wconf 85' lang='lat' dir='ltr'><em>Pura</em></span> <span class='ocrx_word' id='word_1_31' title='bbox 349 654 524 700; x_wconf 84' lang='lat' dir='ltr'><em>mente</em></span> <span class='ocrx_word' id='word_1_32' title='bbox 551 651 722 702; x_wconf 82' lang='lat' dir='ltr'><em>favor.</em></span> <span class='ocrx_word' id='word_1_33' title='bbox 801 653 947 704; x_wconf 84' lang='lat' dir='ltr'><em>Nam</em></span> <span class='ocrx_word' id='word_1_34' title='bbox 973 669 1191 704; x_wconf 87' lang='lat' dir='ltr'><em>munere</em></span> <span class='ocrx_word' id='word_1_35' title='bbox 1217 654 1398 704; x_wconf 81' lang='lat' dir='ltr'><em>carior</em></span> <span class='ocrx_word' id='word_1_36' title='bbox 1422 654 1570 704; x_wconf 89' lang='lat' dir='ltr'><em>omni</em></span> 
     </span>
     <span class='ocr_line' id='line_1_8' title="bbox 171 729 1831 803; baseline 0.004 -23"><span class='ocrx_word' id='word_1_37' title='bbox 171 729 477 797; x_wconf 84' lang='lat' dir='ltr'><em>Obstringit</em></span> <span class='ocrx_word' id='word_1_38' title='bbox 503 750 605 784; x_wconf 79' lang='lat' dir='ltr'><em>sua</em></span> <span class='ocrx_word' id='word_1_39' title='bbox 630 751 901 803; x_wconf 81' lang='lat' dir='ltr'>quemque</span> <span class='ocrx_word' id='word_1_40' title='bbox 929 737 1100 788; x_wconf 81' lang='lat' dir='ltr'><em>salus,</em></span> <span class='ocrx_word' id='word_1_41' title='bbox 1180 736 1383 788; x_wconf 90' lang='lat' dir='ltr'><em>Procul</em></span> <span class='ocrx_word' id='word_1_42' title='bbox 1409 737 1652 787; x_wconf 84' lang='lat' dir='ltr'>ambitus</span> <span class='ocrx_word' id='word_1_43' title='bbox 1674 742 1831 799; x_wconf 84' lang='lat' dir='ltr'><strong>erret,</strong></span> 
     </span>
     <span class='ocr_line' id='line_1_9' title="bbox 170 813 1538 887; baseline 0.005 -22"><span class='ocrx_word' id='word_1_44' title='bbox 170 813 302 866; x_wconf 80' lang='lat' dir='ltr'><em>Non</em></span> <span class='ocrx_word' id='word_1_45' title='bbox 323 822 532 882; x_wconf 79' lang='lat' dir='ltr'><em>quaerat</em></span> <span class='ocrx_word' id='word_1_46' title='bbox 557 820 813 883; x_wconf 84' lang='lat' dir='ltr'><em>pretium,</em></span> <span class='ocrx_word' id='word_1_47' title='bbox 840 821 1011 872; x_wconf 82' lang='lat' dir='ltr'><em>vitam</em></span> <span class='ocrx_word' id='word_1_48' title='bbox 1039 821 1134 887; x_wconf 91' lang='lat' dir='ltr'><em>qui</em></span> <span class='ocrx_word' id='word_1_49' title='bbox 1161 821 1323 872; x_wconf 86' lang='lat' dir='ltr'><em>debet</em></span> <span class='ocrx_word' id='word_1_50' title='bbox 1348 822 1538 872; x_wconf 86' lang='lat' dir='ltr'><em>amori.</em></span> 
     </span>
    </p>

    <p class='ocr_par' dir='ltr' id='par_1_8' title="bbox 172 896 1400 967">
     <span class='ocr_line' id='line_1_10' title="bbox 172 896 1400 967; baseline 0.007 -19"><span class='ocrx_word' id='word_1_51' title='bbox 172 896 221 948; x_wconf 86' lang='lat' dir='ltr'>O</span> <span class='ocrx_word' id='word_1_52' title='bbox 247 903 499 965; x_wconf 85' lang='lat' dir='ltr'><em>quantum</em></span> <span class='ocrx_word' id='word_1_53' title='bbox 529 902 741 967; x_wconf 88' lang='lat' dir='ltr'><em>populo</em></span> <span class='ocrx_word' id='word_1_54' title='bbox 768 906 959 955; x_wconf 81' lang='lat' dir='ltr'><strong>secreti</strong></span> <span class='ocrx_word' id='word_1_55' title='bbox 986 905 1216 955; x_wconf 89' lang='lat' dir='ltr'><em>numinis</em></span> <span class='ocrx_word' id='word_1_56' title='bbox 1249 904 1400 955; x_wconf 82' lang='lat' dir='ltr'>addit</span> 
     </span>
    </p>
   </div>
   <div class='ocr_carea' id='block_1_4' title="bbox 1879 405 1987 456">
    <p class='ocr_par' dir='ltr' id='par_1_9' title="bbox 1879 405 1987 456">
     <span class='ocr_line' id='line_1_11' title="bbox 1879 405 1987 456; baseline 0.009 -1"><span class='ocrx_word' id='word_1_57' title='bbox 1879 405 1987 456; x_wconf 84' lang='lat'><em>605</em></span> 
     </span>
    </p>
   </div>
   <div class='ocr_carea' id='block_1_5' title="bbox 1881 820 1992 873">
    <p class='ocr_par' dir='ltr' id='par_1_10' title="bbox 1881 820 1992 873">
     <span class='ocr_line' id='line_1_12' title="bbox 1881 820 1992 873; baseline -0.009 0"><span class='ocrx_word' id='word_1_58' title='bbox 1881 820 1992 873; x_wconf 88' lang='grc'><em>610</em></span> 
     </span>
    </p>
   </div>
   <div class='ocr_carea' id='block_1_6' title="bbox 165 1021 1994 1291">
    <p class='ocr_par' dir='ltr' id='par_1_11' title="bbox 165 1021 1994 1291">
     <span class='ocr_line' id='line_1_13' title="bbox 168 1021 1993 1082; baseline 0.004 -23"><span class='ocrx_word' id='word_1_59' title='bbox 168 1024 208 1060; x_wconf 83' lang='lat' dir='ltr'><em>te</em></span> <span class='ocrx_word' id='word_1_60' title='bbox 226 1022 267 1060; x_wconf 81' lang='lat' dir='ltr'><em>in</em></span> <span class='ocrx_word' id='word_1_61' title='bbox 286 1021 487 1082; x_wconf 52' lang='lat' dir='ltr'><em>{Batauum</em></span> <span class='ocrx_word' id='word_1_62' title='bbox 513 1024 685 1073; x_wconf 81' lang='lat' dir='ltr'><em>patrium</em></span> <span class='ocrx_word' id='word_1_63' title='bbox 702 1037 713 1062; x_wconf 91' lang='grc'><em>.·</em></span> <span class='ocrx_word' id='word_1_64' title='bbox 730 1025 849 1073; x_wconf 83' lang='lat' dir='ltr'><em>favor</em></span> <span class='ocrx_word' id='word_1_65' title='bbox 874 1028 982 1077; x_wconf 81' lang='lat' dir='ltr'><em>vulgi</em></span> <span class='ocrx_word' id='word_1_66' title='bbox 1015 1029 1126 1066; x_wconf 81' lang='lat' dir='ltr'><em>ardet</em></span> <span class='ocrx_word' id='word_1_67' title='bbox 1158 1027 1304 1080; x_wconf 82' lang='lat' dir='ltr'><em>affectu</em></span> <span class='ocrx_word' id='word_1_68' title='bbox 1330 1029 1556 1076; x_wconf 87' lang='lat' dir='ltr'><em>communi,</em></span> <span class='ocrx_word' id='word_1_69' title='bbox 1574 1041 1686 1080; x_wconf 83' lang='lat' dir='ltr'><em>quem</em></span> <span class='ocrx_word' id='word_1_70' title='bbox 1716 1041 1792 1068; x_wconf 87' lang='lat' dir='ltr'><em>non</em></span> <span class='ocrx_word' id='word_1_71' title='bbox 1823 1028 1993 1079; x_wconf 69' lang='lat' dir='ltr'><em>acquiris</em></span> 
     </span>
     <span class='ocr_line' id='line_1_14' title="bbox 170 1075 1991 1134; baseline 0.004 -23"><span class='ocrx_word' id='word_1_72' title='bbox 170 1075 370 1113; x_wconf 65' lang='lat' dir='ltr'><em>mendaciis</em></span> <span class='ocrx_word' id='word_1_73' title='bbox 385 1077 474 1113; x_wconf 78' lang='lat' dir='ltr'><em>auri</em></span> <span class='ocrx_word' id='word_1_74' title='bbox 492 1077 577 1114; x_wconf 77' lang='lat' dir='ltr'><em>clati</em></span> <span class='ocrx_word' id='word_1_75' title='bbox 596 1090 610 1121; x_wconf 89' lang='lat'><em>;</em></span> <span class='ocrx_word' id='word_1_76' title='bbox 637 1089 757 1128; x_wconf 77' lang='lat' dir='ltr'><em>neque</em></span> <span class='ocrx_word' id='word_1_77' title='bbox 765 1078 889 1130; x_wconf 79' lang='lat' dir='ltr'><em>fiscus</em></span> <span class='ocrx_word' id='word_1_78' title='bbox 907 1082 1187 1131; x_wconf 68' lang='lat' dir='ltr'><em>depravatum</em></span> <span class='ocrx_word' id='word_1_79' title='bbox 1202 1081 1327 1134; x_wconf 84' lang='lat' dir='ltr'><em>fidem</em></span> <span class='ocrx_word' id='word_1_80' title='bbox 1358 1087 1572 1132; x_wconf 77' lang='lat' dir='ltr'><em>aucupatur</em></span> <span class='ocrx_word' id='word_1_81' title='bbox 1591 1082 1663 1120; x_wconf 82' lang='lat' dir='ltr'><em>tibi</em></span> <span class='ocrx_word' id='word_1_82' title='bbox 1681 1084 1885 1133; x_wconf 73' lang='lat' dir='ltr'><em>applausus</em></span> <span class='ocrx_word' id='word_1_83' title='bbox 1901 1094 1991 1121; x_wconf 75' lang='lat' dir='ltr'><em>ven-</em></span> 
     </span>
     <span class='ocr_line' id='line_1_15' title="bbox 167 1127 1988 1189; baseline 0.004 -24"><span class='ocrx_word' id='word_1_84' title='bbox 167 1127 327 1189; x_wconf 63' lang='lat' dir='ltr'><em>dibiles:</em></span> <span class='ocrx_word' id='word_1_85' title='bbox 356 1128 618 1168; x_wconf 80' lang='lat' dir='ltr'><em>benevolentia</em></span> <span class='ocrx_word' id='word_1_86' title='bbox 649 1131 792 1170; x_wconf 81' lang='lat' dir='ltr'><em>inemta</em></span> <span class='ocrx_word' id='word_1_87' title='bbox 819 1133 936 1171; x_wconf 82' lang='lat' dir='ltr'><em>datur</em></span> <span class='ocrx_word' id='word_1_88' title='bbox 964 1134 1106 1172; x_wconf 78' lang='lat' dir='ltr'><em>virtuti</em></span> <span class='ocrx_word' id='word_1_89' title='bbox 1145 1140 1229 1173; x_wconf 83' lang='lat' dir='ltr'><em>tuae</em></span> <span class='ocrx_word' id='word_1_90' title='bbox 1267 1137 1394 1173; x_wconf 78' lang='lat' dir='ltr'><em>animo</em></span> <span class='ocrx_word' id='word_1_91' title='bbox 1426 1135 1596 1174; x_wconf 75' lang='lat' dir='ltr'><em>sincero.-</em></span> <span class='ocrx_word' id='word_1_92' title='bbox 1625 1136 1767 1174; x_wconf 85' lang='lat' dir='ltr'><em>etenim</em></span> <span class='ocrx_word' id='word_1_93' title='bbox 1800 1136 1882 1174; x_wconf 77' lang='lat' dir='ltr'><em>rita</em></span> <span class='ocrx_word' id='word_1_94' title='bbox 1916 1147 1988 1173; x_wconf 72' lang='lat' dir='ltr'><em>sua</em></span> 
     </span>
     <span class='ocr_line' id='line_1_16' title="bbox 165 1181 1994 1238; baseline 0.004 -20"><span class='ocrx_word' id='word_1_95' title='bbox 165 1181 374 1231; x_wconf 80' lang='lat' dir='ltr'><em>pretwsior</em></span> <span class='ocrx_word' id='word_1_96' title='bbox 388 1183 497 1221; x_wconf 76' lang='lat' dir='ltr'><em>donis</em></span> <span class='ocrx_word' id='word_1_97' title='bbox 510 1183 658 1222; x_wconf 83' lang='lat' dir='ltr'><em>cunctis</em></span> <span class='ocrx_word' id='word_1_98' title='bbox 675 1184 847 1223; x_wconf 77' lang='lat' dir='ltr'><em>devincit</em></span> <span class='ocrx_word' id='word_1_99' title='bbox 861 1198 1172 1237; x_wconf 79' lang='lat' dir='ltr'><em>unumquemque.</em></span> <span class='ocrx_word' id='word_1_100' title='bbox 1226 1188 1402 1226; x_wconf 80' lang='lat' dir='ltr'><strong><em>Ambitio</em></strong></span> <span class='ocrx_word' id='word_1_101' title='bbox 1420 1189 1552 1238; x_wconf 81' lang='lat' dir='ltr'><em>procul</em></span> <span class='ocrx_word' id='word_1_102' title='bbox 1570 1189 1714 1237; x_wconf 72' lang='lat' dir='ltr'><em>exalet,</em></span> <span class='ocrx_word' id='word_1_103' title='bbox 1731 1188 1802 1226; x_wconf 89' lang='lat' dir='ltr'><em>ille</em></span> <span class='ocrx_word' id='word_1_104' title='bbox 1827 1201 1901 1226; x_wconf 85' lang='lat' dir='ltr'><em>non</em></span> <span class='ocrx_word' id='word_1_105' title='bbox 1922 1200 1994 1238; x_wconf 88' lang='lat' dir='ltr'><em>po-</em></span> 
     </span>
     <span class='ocr_line' id='line_1_17' title="bbox 171 1236 1994 1291; baseline 0.004 -19"><span class='ocrx_word' id='word_1_106' title='bbox 171 1239 257 1273; x_wconf 86' lang='lat' dir='ltr'><em>test</em></span> <span class='ocrx_word' id='word_1_107' title='bbox 276 1236 486 1274; x_wconf 76' lang='lat' dir='ltr'><em>consectari</em></span> <span class='ocrx_word' id='word_1_108' title='bbox 504 1237 617 1285; x_wconf 73' lang='lat' dir='ltr'><em>dona,</em></span> <span class='ocrx_word' id='word_1_109' title='bbox 649 1237 716 1287; x_wconf 80' lang='lat' dir='ltr'><em>qui</em></span> <span class='ocrx_word' id='word_1_110' title='bbox 736 1238 845 1276; x_wconf 84' lang='lat' dir='ltr'><em>debet</em></span> <span class='ocrx_word' id='word_1_111' title='bbox 868 1241 1031 1277; x_wconf 81' lang='lat' dir='ltr'><em>salutem</em></span> <span class='ocrx_word' id='word_1_112' title='bbox 1050 1251 1164 1278; x_wconf 78' lang='lat' dir='ltr'><em>suam</em></span> <span class='ocrx_word' id='word_1_113' title='bbox 1185 1240 1321 1279; x_wconf 81' lang='lat' dir='ltr'><em>amori.</em></span> <span class='ocrx_word' id='word_1_114' title='bbox 1380 1241 1416 1278; x_wconf 91' lang='grc'>0</span> <span class='ocrx_word' id='word_1_115' title='bbox 1447 1245 1630 1290; x_wconf 77' lang='lat' dir='ltr'><em>quantum</em></span> <span class='ocrx_word' id='word_1_116' title='bbox 1645 1252 1814 1291; x_wconf 75' lang='lat' dir='ltr'><em>praesens</em></span> <span class='ocrx_word' id='word_1_117' title='bbox 1840 1242 1994 1280; x_wconf 82' lang='lat' dir='ltr'><em>Numen</em></span> 
     </span>
    </p>
   </div>
   <div class='ocr_carea' id='block_1_7' title="bbox 938 1330 1231 1344">
    <p class='ocr_par' dir='ltr' id='par_1_12' title="bbox 938 1330 1231 1344">
     <span class='ocr_line' id='line_1_18' title="bbox 938 1330 1231 1344; baseline 0.003 -1"><span class='ocrx_word' id='word_1_118' title='bbox 938 1330 1231 1344; x_wconf 61' lang='lat' dir='ltr'><em>eeeeeeeeeeee</em></span> 
     </span>
    </p>
   </div>
   <div class='ocr_carea' id='block_1_8' title="bbox 164 1387 2005 2399">
    <p class='ocr_par' dir='ltr' id='par_1_13' title="bbox 164 1387 2005 2399">
     <span class='ocr_line' id='line_1_19' title="bbox 164 1387 1998 1443; baseline 0.004 -18"><span class='ocrx_word' id='word_1_119' title='bbox 164 1387 310 1438; x_wconf 77' lang='lat' dir='ltr'><em>patriis</em></span> <span class='ocrx_word' id='word_1_120' title='bbox 345 1388 386 1427; x_wconf 82' lang='lat' dir='ltr'><em>in</em></span> <span class='ocrx_word' id='word_1_121' title='bbox 416 1392 456 1427; x_wconf 89' lang='lat' dir='ltr'><em>te</em></span> <span class='ocrx_word' id='word_1_122' title='bbox 485 1390 644 1429; x_wconf 81' lang='lat' dir='ltr'><em>Moret.</em></span> <span class='ocrx_word' id='word_1_123' title='bbox 680 1402 744 1441; x_wconf 90' lang='lat' dir='ltr'><em>pr.</em></span> <span class='ocrx_word' id='word_1_124' title='bbox 770 1390 952 1441; x_wconf 76' lang='lat' dir='ltr'><em>patriciis</em></span> <span class='ocrx_word' id='word_1_125' title='bbox 988 1403 1066 1441; x_wconf 88' lang='lat' dir='ltr'><em>pro</em></span> <span class='ocrx_word' id='word_1_126' title='bbox 1085 1391 1172 1438; x_wconf 76' lang='lat' dir='ltr'><em>jam</em></span> <span class='ocrx_word' id='word_1_127' title='bbox 1205 1391 1349 1441; x_wconf 78' lang='lat' dir='ltr'><em>patriis</em></span> <span class='ocrx_word' id='word_1_128' title='bbox 1383 1392 1545 1431; x_wconf 83' lang='lat' dir='ltr'><strong>Thnan.</strong></span> <span class='ocrx_word' id='word_1_129' title='bbox 1578 1393 1708 1443; x_wconf 81' lang='lat' dir='ltr'><em>paries</em></span> <span class='ocrx_word' id='word_1_130' title='bbox 1741 1405 1819 1443; x_wconf 85' lang='lat' dir='ltr'><em>pro</em></span> <span class='ocrx_word' id='word_1_131' title='bbox 1855 1393 1998 1443; x_wconf 76' lang='lat' dir='ltr'><em>patriis</em></span> 
     </span>
     <span class='ocr_line' id='line_1_20' title="bbox 170 1440 1996 1497; baseline 0.004 -18"><span class='ocrx_word' id='word_1_132' title='bbox 170 1440 322 1480; x_wconf 84' lang='lat' dir='ltr'><em>Ambr.</em></span> <span class='ocrx_word' id='word_1_133' title='bbox 366 1447 465 1481; x_wconf 85' lang='lat' dir='ltr'><em>tert.</em></span> <span class='ocrx_word' id='word_1_134' title='bbox 501 1446 654 1482; x_wconf 81' lang='lat' dir='ltr'><em>nomine</em></span> <span class='ocrx_word' id='word_1_135' title='bbox 684 1457 793 1483; x_wconf 77' lang='lat' dir='ltr'><em>verso</em></span> <span class='ocrx_word' id='word_1_136' title='bbox 826 1445 921 1483; x_wconf 86' lang='lat' dir='ltr'>Pal.</span> <span class='ocrx_word' id='word_1_137' title='bbox 960 1444 1078 1483; x_wconf 82' lang='lat' dir='ltr'><em>Med.</em></span> <span class='ocrx_word' id='word_1_138' title='bbox 1118 1447 1317 1494; x_wconf 79' lang='grc' dir='ltr'><em>ρι’.--604</em></span> <span class='ocrx_word' id='word_1_139' title='bbox 1359 1445 1500 1484; x_wconf 72' lang='lat' dir='ltr'><em>studiis</em></span> <span class='ocrx_word' id='word_1_140' title='bbox 1522 1447 1679 1497; x_wconf 80' lang='lat' dir='ltr'><em>flagrat</em></span> <span class='ocrx_word' id='word_1_141' title='bbox 1716 1447 1837 1484; x_wconf 87' lang='lat' dir='ltr'>Voss.</span> <span class='ocrx_word' id='word_1_142' title='bbox 1874 1446 1996 1487; x_wconf 79' lang='lat' dir='ltr'><em>Leid.</em></span> 
     </span>
     <span class='ocr_line' id='line_1_21' title="bbox 171 1496 1996 1549; baseline 0.003 -17"><span class='ocrx_word' id='word_1_143' title='bbox 171 1499 396 1534; x_wconf 63' lang='lat' dir='ltr'><em>sem—606</em></span> <span class='ocrx_word' id='word_1_144' title='bbox 423 1497 571 1535; x_wconf 81' lang='lat' dir='ltr'><em>venalis</em></span> <span class='ocrx_word' id='word_1_145' title='bbox 607 1496 754 1535; x_wconf 86' lang='lat' dir='ltr'><em>Ambr.</em></span> <span class='ocrx_word' id='word_1_146' title='bbox 787 1503 888 1537; x_wconf 85' lang='lat' dir='ltr'><em>tert.</em></span> <span class='ocrx_word' id='word_1_147' title='bbox 918 1501 1056 1547; x_wconf 82' lang='lat' dir='ltr'><em>aptant</em></span> <span class='ocrx_word' id='word_1_148' title='bbox 1088 1496 1236 1536; x_wconf 84' lang='lat' dir='ltr'><em>Ambr.</em></span> <span class='ocrx_word' id='word_1_149' title='bbox 1271 1502 1491 1538; x_wconf 76' lang='lat' dir='ltr'><em>sec.-—607</em></span> <span class='ocrx_word' id='word_1_150' title='bbox 1538 1500 1844 1549; x_wconf 77' lang='lat' dir='ltr'><em>Corruptamque</em></span> <span class='ocrx_word' id='word_1_151' title='bbox 1876 1498 1996 1538; x_wconf 86' lang='lat' dir='ltr'><em>Med.</em></span> 
     </span>
     <span class='ocr_line' id='line_1_22' title="bbox 171 1547 1997 1602; baseline 0.003 -17"><span class='ocrx_word' id='word_1_152' title='bbox 171 1553 310 1598; x_wconf 79' lang='lat' dir='ltr'><em>quart.</em></span> <span class='ocrx_word' id='word_1_153' title='bbox 349 1547 521 1596; x_wconf 82' lang='lat' dir='ltr'><em>infertur</em></span> <span class='ocrx_word' id='word_1_154' title='bbox 555 1549 742 1589; x_wconf 90' lang='lat' dir='ltr'><em>Florent.</em></span> <span class='ocrx_word' id='word_1_155' title='bbox 786 1551 891 1599; x_wconf 86' lang='lat' dir='ltr'><em>Reg.</em></span> <span class='ocrx_word' id='word_1_156' title='bbox 913 1550 1150 1598; x_wconf 78' lang='lat' dir='ltr'><em>transfertur</em></span> <span class='ocrx_word' id='word_1_157' title='bbox 1189 1551 1348 1590; x_wconf 86' lang='lat' dir='ltr'><em>Mazar.</em></span> <span class='ocrx_word' id='word_1_158' title='bbox 1385 1551 1537 1602; x_wconf 83' lang='lat' dir='ltr'><em>ineptus</em></span> <span class='ocrx_word' id='word_1_159' title='bbox 1568 1552 1649 1590; x_wconf 84' lang='lat' dir='ltr'><em>duo</em></span> <span class='ocrx_word' id='word_1_160' title='bbox 1692 1552 1813 1591; x_wconf 89' lang='lat' dir='ltr'><em>Med.</em></span> <span class='ocrx_word' id='word_1_161' title='bbox 1847 1551 1997 1592; x_wconf 88' lang='lat' dir='ltr'><em>Ambr.</em></span> 
     </span>
     <span class='ocr_line' id='line_1_23' title="bbox 173 1601 1996 1654; baseline 0.004 -15"><span class='ocrx_word' id='word_1_162' title='bbox 173 1612 238 1649; x_wconf 88' lang='lat' dir='ltr'><em>pr.</em></span> <span class='ocrx_word' id='word_1_163' title='bbox 271 1601 414 1652; x_wconf 81' lang='lat' dir='ltr'><em>ineptis</em></span> <span class='ocrx_word' id='word_1_164' title='bbox 452 1602 604 1641; x_wconf 79' lang='lat' dir='ltr'><em>PetaV.</em></span> <span class='ocrx_word' id='word_1_165' title='bbox 645 1615 730 1642; x_wconf 91' lang='lat' dir='ltr'><em>sec.</em></span> <span class='ocrx_word' id='word_1_166' title='bbox 767 1603 952 1654; x_wconf 76' lang='lat' dir='ltr'><em>inemptis</em></span> <span class='ocrx_word' id='word_1_167' title='bbox 987 1604 1088 1641; x_wconf 86' lang='lat' dir='ltr'><em>Vat.</em></span> <span class='ocrx_word' id='word_1_168' title='bbox 1128 1615 1193 1653; x_wconf 86' lang='lat' dir='ltr'><em>pr.</em></span> <span class='ocrx_word' id='word_1_169' title='bbox 1236 1610 1281 1642; x_wconf 91' lang='lat' dir='ltr'><em>et</em></span> <span class='ocrx_word' id='word_1_170' title='bbox 1315 1609 1417 1642; x_wconf 85' lang='lat' dir='ltr'><em>tert.</em></span> <span class='ocrx_word' id='word_1_171' title='bbox 1453 1605 1571 1643; x_wconf 89' lang='lat' dir='ltr'><em>Rott.</em></span> <span class='ocrx_word' id='word_1_172' title='bbox 1613 1604 1729 1644; x_wconf 86' lang='lat' dir='ltr'><em>Med.</em></span> <span class='ocrx_word' id='word_1_173' title='bbox 1770 1617 1855 1644; x_wconf 90' lang='lat' dir='ltr'><em>sec.</em></span> <span class='ocrx_word' id='word_1_174' title='bbox 1888 1605 1996 1654; x_wconf 76' lang='lat' dir='ltr'><em>Reg.</em></span> 
     </span>
     <span class='ocr_line' id='line_1_24' title="bbox 171 1654 1997 1706; baseline 0.001 -14"><span class='ocrx_word' id='word_1_175' title='bbox 171 1654 338 1693; x_wconf 87' lang='lat' dir='ltr'><em>Thuan.</em></span> <span class='ocrx_word' id='word_1_176' title='bbox 373 1655 533 1693; x_wconf 82' lang='lat' dir='ltr'><em>Mazar.</em></span> <span class='ocrx_word' id='word_1_177' title='bbox 571 1656 693 1695; x_wconf 79' lang='lat' dir='ltr'><strong>Voss.</strong></span> <span class='ocrx_word' id='word_1_178' title='bbox 729 1658 884 1696; x_wconf 84' lang='lat' dir='ltr'><em>Moret.</em></span> <span class='ocrx_word' id='word_1_179' title='bbox 922 1668 986 1706; x_wconf 91' lang='lat' dir='ltr'><em>pr.</em></span> <span class='ocrx_word' id='word_1_180' title='bbox 1022 1655 1142 1695; x_wconf 73' lang='lat' dir='ltr'><em>Leia.</em></span> <span class='ocrx_word' id='word_1_181' title='bbox 1178 1660 1401 1695; x_wconf 61' lang='lat' dir='ltr'><em>sea—608</em></span> <span class='ocrx_word' id='word_1_182' title='bbox 1420 1657 1510 1703; x_wconf 84' lang='lat' dir='ltr'><em>jam</em></span> <span class='ocrx_word' id='word_1_183' title='bbox 1542 1670 1697 1697; x_wconf 83' lang='lat' dir='ltr'><em>munere</em></span> <span class='ocrx_word' id='word_1_184' title='bbox 1731 1659 1814 1697; x_wconf 81' lang='lat' dir='ltr'><em>inc.</em></span> <span class='ocrx_word' id='word_1_185' title='bbox 1846 1657 1997 1699; x_wconf 84' lang='lat' dir='ltr'><em>Heins.</em></span> 
     </span>
     <span class='ocr_line' id='line_1_25' title="bbox 170 1707 1997 1760; baseline 0.001 -15"><span class='ocrx_word' id='word_1_186' title='bbox 170 1707 272 1746; x_wconf 86' lang='lat' dir='ltr'><em>Var.</em></span> <span class='ocrx_word' id='word_1_187' title='bbox 310 1709 394 1752; x_wconf 83' lang='lat' dir='ltr'><em>LL.</em></span> <span class='ocrx_word' id='word_1_188' title='bbox 432 1720 454 1747; x_wconf 90' lang='lat' dir='ltr'><em>e</em></span> <span class='ocrx_word' id='word_1_189' title='bbox 491 1720 621 1760; x_wconf 84' lang='lat' dir='ltr'><em>marg.</em></span> <span class='ocrx_word' id='word_1_190' title='bbox 662 1707 1039 1748; x_wconf 80' lang='lat' dir='ltr'><em>l’arm‘.-murmure</em></span> <span class='ocrx_word' id='word_1_191' title='bbox 1076 1709 1194 1747; x_wconf 87' lang='lat' dir='ltr'><em>Leid.</em></span> <span class='ocrx_word' id='word_1_192' title='bbox 1226 1722 1311 1748; x_wconf 85' lang='lat' dir='ltr'><em>sec.</em></span> <span class='ocrx_word' id='word_1_193' title='bbox 1348 1711 1489 1748; x_wconf 78' lang='lat' dir='ltr'><em>clarior</em></span> <span class='ocrx_word' id='word_1_194' title='bbox 1519 1711 1618 1749; x_wconf 88' lang='lat' dir='ltr'><em>Vat.</em></span> <span class='ocrx_word' id='word_1_195' title='bbox 1651 1713 1871 1750; x_wconf 87' lang='lat' dir='ltr'><em>sec.—609</em></span> <span class='ocrx_word' id='word_1_196' title='bbox 1917 1710 1997 1748; x_wconf 85' lang='lat' dir='ltr'><em>Ob-</em></span> 
     </span>
     <span class='ocr_line' id='line_1_26' title="bbox 169 1761 1998 1814; baseline 0.003 -16"><span class='ocrx_word' id='word_1_197' title='bbox 169 1761 335 1799; x_wconf 75' lang='lat' dir='ltr'><em>strinxit</em></span> <span class='ocrx_word' id='word_1_198' title='bbox 365 1763 467 1800; x_wconf 86' lang='lat' dir='ltr'><em>Vat.</em></span> <span class='ocrx_word' id='word_1_199' title='bbox 498 1774 562 1812; x_wconf 85' lang='lat' dir='ltr'><em>pr.</em></span> <span class='ocrx_word' id='word_1_200' title='bbox 599 1767 644 1802; x_wconf 91' lang='lat' dir='ltr'><em>et</em></span> <span class='ocrx_word' id='word_1_201' title='bbox 678 1763 777 1801; x_wconf 86' lang='lat' dir='ltr'><em>Vat.</em></span> <span class='ocrx_word' id='word_1_202' title='bbox 825 1762 961 1801; x_wconf 89' lang='lat' dir='ltr'><em>Livin.</em></span> <span class='ocrx_word' id='word_1_203' title='bbox 1003 1761 1232 1811; x_wconf 78' lang='lat' dir='ltr'><em>Adstringit</em></span> <span class='ocrx_word' id='word_1_204' title='bbox 1287 1763 1471 1801; x_wconf 81' lang='lat' dir='ltr'><em>Florent.</em></span> <span class='ocrx_word' id='word_1_205' title='bbox 1524 1776 1576 1802; x_wconf 85' lang='lat' dir='ltr'><em>m.</em></span> <span class='ocrx_word' id='word_1_206' title='bbox 1625 1776 1688 1814; x_wconf 87' lang='lat' dir='ltr'><em>pr.</em></span> <span class='ocrx_word' id='word_1_207' title='bbox 1739 1763 1805 1802; x_wconf 81' lang='lat' dir='ltr'><em>ed.</em></span> <span class='ocrx_word' id='word_1_208' title='bbox 1854 1763 1998 1803; x_wconf 80' lang='lat' dir='ltr'><em>Vicet.</em></span> 
     </span>
     <span class='ocr_line' id='line_1_27' title="bbox 175 1813 1999 1868; baseline 0.001 -16"><span class='ocrx_word' id='word_1_209' title='bbox 175 1813 376 1863; x_wconf 77' lang='lat' dir='ltr'><em>Astringit</em></span> <span class='ocrx_word' id='word_1_210' title='bbox 416 1815 539 1868; x_wconf 66' lang='lat' dir='ltr'><em>Fam²</em></span> <span class='ocrx_word' id='word_1_211' title='bbox 573 1817 673 1855; x_wconf 87' lang='lat' dir='ltr'><em>Vat.</em></span> <span class='ocrx_word' id='word_1_212' title='bbox 710 1828 794 1855; x_wconf 79' lang='lat' dir='ltr'><em>sec.</em></span> <span class='ocrx_word' id='word_1_213' title='bbox 841 1815 1069 1864; x_wconf 72' lang='lat' dir='ltr'><em>Abstringit</em></span> <span class='ocrx_word' id='word_1_214' title='bbox 1095 1815 1216 1854; x_wconf 86' lang='lat' dir='ltr'><em>Rott.</em></span> <span class='ocrx_word' id='word_1_215' title='bbox 1268 1815 1492 1865; x_wconf 81' lang='lat' dir='ltr'><em>Obstringit</em></span> <span class='ocrx_word' id='word_1_216' title='bbox 1512 1817 1596 1855; x_wconf 90' lang='lat' dir='ltr'><em>duo</em></span> <span class='ocrx_word' id='word_1_217' title='bbox 1613 1817 1761 1856; x_wconf 87' lang='lat' dir='ltr'><em>Leidd.</em></span> <span class='ocrx_word' id='word_1_218' title='bbox 1782 1822 1825 1855; x_wconf 86' lang='lat' dir='ltr'><em>et</em></span> <span class='ocrx_word' id='word_1_219' title='bbox 1847 1816 1999 1867; x_wconf 84' lang='lat' dir='ltr'><em>viginti</em></span> 
     </span>
     <span class='ocr_line' id='line_1_28' title="bbox 173 1866 1997 1919; baseline 0.001 -13"><span class='ocrx_word' id='word_1_220' title='bbox 173 1866 311 1906; x_wconf 89' lang='lat' dir='ltr'><em>Codd.</em></span> <span class='ocrx_word' id='word_1_221' title='bbox 334 1868 440 1906; x_wconf 86' lang='lat' dir='ltr'><strong>Exc.</strong></span> <span class='ocrx_word' id='word_1_222' title='bbox 462 1868 642 1907; x_wconf 83' lang='lat' dir='ltr'><em>Gevart.</em></span> <span class='ocrx_word' id='word_1_223' title='bbox 669 1870 847 1907; x_wconf 79' lang='lat' dir='ltr'><em>Lucens.</em></span> <span class='ocrx_word' id='word_1_224' title='bbox 872 1881 937 1918; x_wconf 88' lang='lat' dir='ltr'><em>pr.</em></span> <span class='ocrx_word' id='word_1_225' title='bbox 960 1868 1065 1908; x_wconf 89' lang='lat' dir='ltr'><em>Cod.</em></span> <span class='ocrx_word' id='word_1_226' title='bbox 1092 1869 1239 1907; x_wconf 83' lang='lat' dir='ltr'><em>Rhem.</em></span> <span class='ocrx_word' id='word_1_227' title='bbox 1258 1870 1362 1906; x_wconf 81' lang='lat' dir='ltr'><em>Var.</em></span> <span class='ocrx_word' id='word_1_228' title='bbox 1384 1869 1467 1907; x_wconf 91' lang='lat' dir='ltr'><em>LL.</em></span> <span class='ocrx_word' id='word_1_229' title='bbox 1490 1881 1513 1908; x_wconf 90' lang='lat' dir='ltr'><em>e</em></span> <span class='ocrx_word' id='word_1_230' title='bbox 1535 1881 1665 1919; x_wconf 79' lang='lat' dir='ltr'><em>marg.</em></span> <span class='ocrx_word' id='word_1_231' title='bbox 1695 1870 1840 1908; x_wconf 69' lang='lat' dir='ltr'><em>Parni.</em></span> <span class='ocrx_word' id='word_1_232' title='bbox 1862 1875 1907 1908; x_wconf 91' lang='lat' dir='ltr'><em>et</em></span> <span class='ocrx_word' id='word_1_233' title='bbox 1927 1869 1997 1907; x_wconf 85' lang='lat' dir='ltr'><em>ed.</em></span> 
     </span>
     <span class='ocr_line' id='line_1_29' title="bbox 173 1919 1999 1972; baseline 0.002 -14"><span class='ocrx_word' id='word_1_234' title='bbox 173 1919 303 1959; x_wconf 75' lang='lat' dir='ltr'><em>AntV.</em></span> <span class='ocrx_word' id='word_1_235' title='bbox 346 1924 451 1958; x_wconf 83' lang='lat' dir='ltr'><em>errat</em></span> <span class='ocrx_word' id='word_1_236' title='bbox 473 1921 556 1958; x_wconf 89' lang='lat' dir='ltr'><em>duo</em></span> <span class='ocrx_word' id='word_1_237' title='bbox 586 1922 706 1960; x_wconf 74' lang='lat' dir='ltr'><em>Vatt.</em></span> <span class='ocrx_word' id='word_1_238' title='bbox 738 1922 833 1960; x_wconf 82' lang='lat' dir='ltr'>Pal.</span> <span class='ocrx_word' id='word_1_239' title='bbox 853 1923 979 1961; x_wconf 82' lang='lat' dir='ltr'><em>Farn.</em></span> <span class='ocrx_word' id='word_1_240' title='bbox 1000 1922 1118 1960; x_wconf 77' lang='lat' dir='ltr'><em>Rott.</em></span> <span class='ocrx_word' id='word_1_241' title='bbox 1165 1922 1287 1960; x_wconf 82' lang='lat' dir='ltr'><em>haeret</em></span> <span class='ocrx_word' id='word_1_242' title='bbox 1306 1922 1405 1962; x_wconf 84' lang='lat' dir='ltr'><em>Jun.</em></span> <span class='ocrx_word' id='word_1_243' title='bbox 1430 1934 1491 1972; x_wconf 87' lang='lat' dir='ltr'><em>pr.</em></span> <span class='ocrx_word' id='word_1_244' title='bbox 1512 1922 1655 1961; x_wconf 85' lang='lat' dir='ltr'><strong>Oxon.</strong></span> <span class='ocrx_word' id='word_1_245' title='bbox 1685 1934 1764 1961; x_wconf 84' lang='lat' dir='ltr'><em>sec.</em></span> <span class='ocrx_word' id='word_1_246' title='bbox 1794 1925 1897 1961; x_wconf 86' lang='lat' dir='ltr'><em>erret</em></span> <span class='ocrx_word' id='word_1_247' title='bbox 1917 1922 1999 1961; x_wconf 89' lang='lat' dir='ltr'><em>duo</em></span> 
     </span>
     <span class='ocr_line' id='line_1_30' title="bbox 175 1972 1996 2024; baseline 0.002 -13"><span class='ocrx_word' id='word_1_248' title='bbox 175 1972 324 2012; x_wconf 87' lang='lat' dir='ltr'><em>Leidd.</em></span> <span class='ocrx_word' id='word_1_249' title='bbox 358 1985 453 2012; x_wconf 89' lang='lat' dir='ltr'><em>cum</em></span> <span class='ocrx_word' id='word_1_250' title='bbox 489 1974 730 2024; x_wconf 86' lang='lat' dir='ltr'><em>quindecim</em></span> <span class='ocrx_word' id='word_1_251' title='bbox 765 1975 875 2024; x_wconf 80' lang='lat' dir='ltr'><em>aliis,</em></span> <span class='ocrx_word' id='word_1_252' title='bbox 913 1975 1018 2012; x_wconf 89' lang='lat' dir='ltr'><strong>Exc.</strong></span> <span class='ocrx_word' id='word_1_253' title='bbox 1054 1974 1232 2013; x_wconf 77' lang='lat' dir='ltr'><em>Gevart.</em></span> <span class='ocrx_word' id='word_1_254' title='bbox 1266 1975 1447 2012; x_wconf 84' lang='lat' dir='ltr'><em>Lucens.</em></span> <span class='ocrx_word' id='word_1_255' title='bbox 1479 1986 1561 2014; x_wconf 90' lang='lat' dir='ltr'><em>sec.</em></span> <span class='ocrx_word' id='word_1_256' title='bbox 1582 1975 1685 2014; x_wconf 87' lang='lat' dir='ltr'><em>Var.</em></span> <span class='ocrx_word' id='word_1_257' title='bbox 1717 1975 1843 2013; x_wconf 73' lang='lat' dir='ltr'><em>L1,.e</em></span> <span class='ocrx_word' id='word_1_258' title='bbox 1866 1986 1996 2022; x_wconf 73' lang='lat' dir='ltr'><em>marg.</em></span> 
     </span>
     <span class='ocr_line' id='line_1_31' title="bbox 176 2027 2001 2078; baseline 0 -13"><span class='ocrx_word' id='word_1_259' title='bbox 176 2027 455 2065; x_wconf 62' lang='lat' dir='ltr'><em>Parem—610</em></span> <span class='ocrx_word' id='word_1_260' title='bbox 486 2028 570 2066; x_wconf 84' lang='lat' dir='ltr'><em>Nec</em></span> <span class='ocrx_word' id='word_1_261' title='bbox 585 2028 753 2066; x_wconf 78' lang='lat' dir='ltr'>Tholos.</span> <span class='ocrx_word' id='word_1_262' title='bbox 801 2027 943 2078; x_wconf 67' lang='lat' dir='ltr'><em>quaerit</em></span> <span class='ocrx_word' id='word_1_263' title='bbox 962 2032 1145 2078; x_wconf 84' lang='lat' dir='ltr'><em>quatuor</em></span> <span class='ocrx_word' id='word_1_264' title='bbox 1161 2028 1282 2066; x_wconf 83' lang='lat' dir='ltr'><em>Vatt.</em></span> <span class='ocrx_word' id='word_1_265' title='bbox 1302 2027 1393 2065; x_wconf 83' lang='lat' dir='ltr'>Pal.</span> <span class='ocrx_word' id='word_1_266' title='bbox 1411 2027 1547 2067; x_wconf 83' lang='lat' dir='ltr'><em>Oisel.</em></span> <span class='ocrx_word' id='word_1_267' title='bbox 1562 2029 1667 2068; x_wconf 82' lang='lat' dir='ltr'><strong>Exc.</strong></span> <span class='ocrx_word' id='word_1_268' title='bbox 1685 2027 1811 2066; x_wconf 84' lang='lat' dir='ltr'><em>Laeti.</em></span> <span class='ocrx_word' id='word_1_269' title='bbox 1850 2031 2001 2077; x_wconf 81' lang='lat' dir='ltr'><em>quoerat</em></span> 
     </span>
     <span class='ocr_line' id='line_1_32' title="bbox 174 2079 2001 2130; baseline 0.001 -12"><span class='ocrx_word' id='word_1_270' title='bbox 174 2079 295 2119; x_wconf 88' lang='lat' dir='ltr'><em>Leid.</em></span> <span class='ocrx_word' id='word_1_271' title='bbox 316 2091 380 2130; x_wconf 83' lang='lat' dir='ltr'><em>pr.</em></span> <span class='ocrx_word' id='word_1_272' title='bbox 409 2080 576 2119; x_wconf 88' lang='lat' dir='ltr'><em>Thuan.</em></span> <span class='ocrx_word' id='word_1_273' title='bbox 599 2079 748 2119; x_wconf 86' lang='lat' dir='ltr'><em>Ambr.</em></span> <span class='ocrx_word' id='word_1_274' title='bbox 780 2086 880 2119; x_wconf 84' lang='lat' dir='ltr'><em>tert.</em></span> <span class='ocrx_word' id='word_1_275' title='bbox 903 2081 1007 2119; x_wconf 73' lang='lat' dir='ltr'><strong>Exn.</strong></span> <span class='ocrx_word' id='word_1_276' title='bbox 1027 2080 1210 2119; x_wconf 80' lang='lat' dir='ltr'><em>Lucens.</em></span> <span class='ocrx_word' id='word_1_277' title='bbox 1245 2091 1310 2130; x_wconf 88' lang='lat' dir='ltr'><em>pr.</em></span> <span class='ocrx_word' id='word_1_278' title='bbox 1359 2085 1505 2129; x_wconf 81' lang='lat' dir='ltr'><em>quaeret</em></span> <span class='ocrx_word' id='word_1_279' title='bbox 1536 2080 1650 2119; x_wconf 78' lang='lat' dir='ltr'><em>Leid.</em></span> <span class='ocrx_word' id='word_1_280' title='bbox 1674 2091 1759 2119; x_wconf 86' lang='lat' dir='ltr'><em>sec.</em></span> <span class='ocrx_word' id='word_1_281' title='bbox 1780 2080 1863 2118; x_wconf 90' lang='lat' dir='ltr'><em>duo</em></span> <span class='ocrx_word' id='word_1_282' title='bbox 1883 2080 2001 2119; x_wconf 90' lang='lat' dir='ltr'><em>Med.</em></span> 
     </span>
     <span class='ocr_line' id='line_1_33' title="bbox 173 2132 2000 2184; baseline -0.001 -13"><span class='ocrx_word' id='word_1_283' title='bbox 173 2133 258 2172; x_wconf 85' lang='lat' dir='ltr'><em>inc.</em></span> <span class='ocrx_word' id='word_1_284' title='bbox 281 2133 433 2173; x_wconf 82' lang='lat' dir='ltr'><em>Heius.</em></span> <span class='ocrx_word' id='word_1_285' title='bbox 456 2134 557 2172; x_wconf 87' lang='lat' dir='ltr'><em>Put.</em></span> <span class='ocrx_word' id='word_1_286' title='bbox 581 2135 687 2184; x_wconf 85' lang='lat' dir='ltr'><em>Reg.</em></span> <span class='ocrx_word' id='word_1_287' title='bbox 723 2134 808 2172; x_wconf 92' lang='lat' dir='ltr'><em>duo</em></span> <span class='ocrx_word' id='word_1_288' title='bbox 839 2133 993 2172; x_wconf 82' lang='lat' dir='ltr'><em>PetaV.</em></span> <span class='ocrx_word' id='word_1_289' title='bbox 1028 2133 1194 2171; x_wconf 84' lang='lat' dir='ltr'><strong>Bonon.</strong></span> <span class='ocrx_word' id='word_1_290' title='bbox 1229 2132 1378 2170; x_wconf 87' lang='lat' dir='ltr'><em>Ambr.</em></span> <span class='ocrx_word' id='word_1_291' title='bbox 1413 2144 1474 2182; x_wconf 87' lang='lat' dir='ltr'><em>pr.</em></span> <span class='ocrx_word' id='word_1_292' title='bbox 1506 2134 1626 2171; x_wconf 80' lang='lat' dir='ltr'>Voss.</span> <span class='ocrx_word' id='word_1_293' title='bbox 1648 2134 1750 2172; x_wconf 88' lang='lat' dir='ltr'><strong>Lov.</strong></span> <span class='ocrx_word' id='word_1_294' title='bbox 1773 2133 1915 2172; x_wconf 77' lang='lat' dir='ltr'><strong>Oxon.</strong></span> <span class='ocrx_word' id='word_1_295' title='bbox 1935 2144 2000 2183; x_wconf 88' lang='lat' dir='ltr'><em>pr.</em></span> 
     </span>
     <span class='ocr_line' id='line_1_34' title="bbox 174 2185 2004 2238; baseline -0.001 -13"><span class='ocrx_word' id='word_1_296' title='bbox 174 2186 334 2226; x_wconf 85' lang='lat' dir='ltr'><em>Moret.</em></span> <span class='ocrx_word' id='word_1_297' title='bbox 356 2199 441 2226; x_wconf 86' lang='lat' dir='ltr'><em>sec.</em></span> <span class='ocrx_word' id='word_1_298' title='bbox 463 2188 569 2226; x_wconf 77' lang='lat' dir='ltr'>Exc.</span> <span class='ocrx_word' id='word_1_299' title='bbox 591 2188 768 2226; x_wconf 84' lang='lat' dir='ltr'><em>Gevart.</em></span> <span class='ocrx_word' id='word_1_300' title='bbox 817 2187 882 2238; x_wconf 82' lang='lat' dir='ltr'><em>qui</em></span> <span class='ocrx_word' id='word_1_301' title='bbox 918 2186 1040 2225; x_wconf 73' lang='lat' dir='ltr'><em>vitam</em></span> <span class='ocrx_word' id='word_1_302' title='bbox 1070 2186 1174 2224; x_wconf 64' lang='lat' dir='ltr'><em>Low</em></span> <span class='ocrx_word' id='word_1_303' title='bbox 1222 2186 1329 2224; x_wconf 81' lang='lat' dir='ltr'><em>dedit</em></span> <span class='ocrx_word' id='word_1_304' title='bbox 1352 2197 1429 2236; x_wconf 87' lang='lat' dir='ltr'><em>pro</em></span> <span class='ocrx_word' id='word_1_305' title='bbox 1454 2185 1559 2225; x_wconf 79' lang='lat' dir='ltr'><em>debet</em></span> <span class='ocrx_word' id='word_1_306' title='bbox 1588 2187 1689 2225; x_wconf 81' lang='lat' dir='ltr'><em>Vat.</em></span> <span class='ocrx_word' id='word_1_307' title='bbox 1720 2198 1783 2237; x_wconf 75' lang='lat' dir='ltr'><em>pr,</em></span> <span class='ocrx_word' id='word_1_308' title='bbox 1803 2198 1856 2224; x_wconf 88' lang='lat' dir='ltr'><em>m.</em></span> <span class='ocrx_word' id='word_1_309' title='bbox 1879 2198 1942 2236; x_wconf 84' lang='lat' dir='ltr'><em>pr.</em></span> <span class='ocrx_word' id='word_1_310' title='bbox 1958 2190 2004 2224; x_wconf 88' lang='lat' dir='ltr'><em>et</em></span> 
     </span>
     <span class='ocr_line' id='line_1_35' title="bbox 175 2239 2005 2291; baseline -0.001 -13"><span class='ocrx_word' id='word_1_311' title='bbox 175 2244 411 2279; x_wconf 63' lang='lat' dir='ltr'><em>tem—611</em></span> <span class='ocrx_word' id='word_1_312' title='bbox 439 2242 574 2291; x_wconf 81' lang='lat' dir='ltr'><em>populi</em></span> <span class='ocrx_word' id='word_1_313' title='bbox 592 2241 693 2280; x_wconf 87' lang='lat' dir='ltr'><em>Vat.</em></span> <span class='ocrx_word' id='word_1_314' title='bbox 713 2240 851 2290; x_wconf 79' lang='lat' dir='ltr'><em>quint.</em></span> <span class='ocrx_word' id='word_1_315' title='bbox 894 2239 1067 2278; x_wconf 80' lang='lat' dir='ltr'><em>numinis</em></span> <span class='ocrx_word' id='word_1_316' title='bbox 1101 2244 1188 2278; x_wconf 88' lang='lat' dir='ltr'><em>tres</em></span> <span class='ocrx_word' id='word_1_317' title='bbox 1227 2240 1344 2278; x_wconf 84' lang='lat' dir='ltr'><em>Vatt.</em></span> <span class='ocrx_word' id='word_1_318' title='bbox 1379 2239 1504 2278; x_wconf 81' lang='lat' dir='ltr'><em>Fam.</em></span> <span class='ocrx_word' id='word_1_319' title='bbox 1526 2241 1628 2278; x_wconf 87' lang='lat' dir='ltr'><em>Vat.</em></span> <span class='ocrx_word' id='word_1_320' title='bbox 1648 2251 1712 2290; x_wconf 90' lang='lat' dir='ltr'><em>pr.</em></span> <span class='ocrx_word' id='word_1_321' title='bbox 1735 2252 1789 2279; x_wconf 88' lang='lat' dir='ltr'><em>m.</em></span> <span class='ocrx_word' id='word_1_322' title='bbox 1809 2251 1894 2277; x_wconf 83' lang='lat' dir='ltr'><em>sec.</em></span> <span class='ocrx_word' id='word_1_323' title='bbox 1939 2251 2005 2277; x_wconf 86' lang='lat' dir='ltr'><em>no·</em></span> 
     </span>
     <span class='ocr_line' id='line_1_36' title="bbox 175 2291 2001 2344; baseline -0.001 -13"><span class='ocrx_word' id='word_1_324' title='bbox 175 2292 293 2332; x_wconf 75' lang='lat' dir='ltr'><em>minis</em></span> <span class='ocrx_word' id='word_1_325' title='bbox 309 2294 410 2332; x_wconf 90' lang='lat' dir='ltr'><em>Vat.</em></span> <span class='ocrx_word' id='word_1_326' title='bbox 439 2306 500 2343; x_wconf 87' lang='lat' dir='ltr'><em>pr.</em></span> <span class='ocrx_word' id='word_1_327' title='bbox 531 2306 584 2333; x_wconf 84' lang='lat' dir='ltr'><em>m.</em></span> <span class='ocrx_word' id='word_1_328' title='bbox 615 2307 679 2344; x_wconf 89' lang='lat' dir='ltr'><em>pr.</em></span> <span class='ocrx_word' id='word_1_329' title='bbox 710 2294 804 2332; x_wconf 87' lang='lat' dir='ltr'>Pal.</span> <span class='ocrx_word' id='word_1_330' title='bbox 838 2292 975 2331; x_wconf 84' lang='lat' dir='ltr'><em>Oisel.</em></span> <span class='ocrx_word' id='word_1_331' title='bbox 1008 2291 1128 2331; x_wconf 85' lang='lat' dir='ltr'><em>Prie.</em></span> <span class='ocrx_word' id='word_1_332' title='bbox 1161 2303 1215 2329; x_wconf 90' lang='lat' dir='ltr'><em>m.</em></span> <span class='ocrx_word' id='word_1_333' title='bbox 1245 2303 1330 2330; x_wconf 87' lang='lat' dir='ltr'><em>sec.</em></span> <span class='ocrx_word' id='word_1_334' title='bbox 1355 2293 1470 2330; x_wconf 78' lang='lat' dir='ltr'><em>Med.</em></span> <span class='ocrx_word' id='word_1_335' title='bbox 1494 2304 1578 2331; x_wconf 89' lang='lat' dir='ltr'><em>sec.</em></span> <span class='ocrx_word' id='word_1_336' title='bbox 1626 2293 1794 2331; x_wconf 76' lang='lat' dir='ltr'><em>muneris</em></span> <span class='ocrx_word' id='word_1_337' title='bbox 1811 2292 1914 2332; x_wconf 86' lang='lat' dir='ltr'><em>Jun.</em></span> <span class='ocrx_word' id='word_1_338' title='bbox 1936 2303 2001 2341; x_wconf 88' lang='grc' dir='ltr'><strong>ρι’.</strong></span> 
     </span>
     <span class='ocr_line' id='line_1_37' title="bbox 178 2343 2005 2399; baseline -0.001 -15"><span class='ocrx_word' id='word_1_339' title='bbox 178 2346 320 2385; x_wconf 86' lang='lat' dir='ltr'>Oxon.</span> <span class='ocrx_word' id='word_1_340' title='bbox 338 2359 401 2398; x_wconf 89' lang='grc' dir='ltr'><strong>ρι’.</strong></span> <span class='ocrx_word' id='word_1_341' title='bbox 418 2360 472 2386; x_wconf 90' lang='lat' dir='ltr'><em>m.</em></span> <span class='ocrx_word' id='word_1_342' title='bbox 494 2359 557 2399; x_wconf 87' lang='lat' dir='ltr'><em>pr.</em></span> <span class='ocrx_word' id='word_1_343' title='bbox 579 2347 682 2387; x_wconf 86' lang='lat' dir='ltr'><em>Put.</em></span> <span class='ocrx_word' id='word_1_344' title='bbox 703 2347 869 2385; x_wconf 82' lang='lat' dir='ltr'><em>Thuan.</em></span> <span class='ocrx_word' id='word_1_345' title='bbox 890 2345 1048 2385; x_wconf 85' lang='lat' dir='ltr'><em>Moret.</em></span> <span class='ocrx_word' id='word_1_346' title='bbox 1070 2356 1133 2395; x_wconf 87' lang='lat' dir='ltr'><em>pr.</em></span> <span class='ocrx_word' id='word_1_347' title='bbox 1149 2345 1232 2383; x_wconf 92' lang='lat' dir='ltr'><em>duo</em></span> <span class='ocrx_word' id='word_1_348' title='bbox 1256 2343 1403 2382; x_wconf 77' lang='lat' dir='ltr'><em>Ambr.</em></span> <span class='ocrx_word' id='word_1_349' title='bbox 1447 2345 1615 2383; x_wconf 80' lang='lat' dir='ltr'><em>nominis</em></span> <span class='ocrx_word' id='word_1_350' title='bbox 1632 2345 1701 2384; x_wconf 90' lang='lat' dir='ltr'><em>vel</em></span> <span class='ocrx_word' id='word_1_351' title='bbox 1719 2344 1887 2383; x_wconf 83' lang='lat' dir='ltr'><em>numinis</em></span> <span class='ocrx_word' id='word_1_352' title='bbox 1905 2344 2005 2383; x_wconf 84' lang='lat' dir='ltr'><em>Vat.</em></span> 
     </span>
    </p>
   </div>
   <div class='ocr_carea' id='block_1_9' title="bbox 1006 2452 1180 2493">
    <p class='ocr_par' dir='ltr' id='par_1_14' title="bbox 1006 2452 1180 2493">
     <span class='ocr_line' id='line_1_38' title="bbox 1006 2452 1180 2493; baseline -0.006 -1"><span class='ocrx_word' id='word_1_353' title='bbox 1006 2452 1180 2493; x_wconf 86' lang='lat' dir='ltr'><strong>NOTAE</strong></span> 
     </span>
    </p>
   </div>
   <div class='ocr_carea' id='block_1_10' title="bbox 1127 2530 2007 2709">
    <p class='ocr_par' dir='ltr' id='par_1_15' title="bbox 1127 2530 2007 2709">
     <span class='ocr_line' id='line_1_39' title="bbox 1127 2530 1887 2579; baseline 0 -9"><span class='ocrx_word' id='word_1_354' title='bbox 1127 2531 1394 2579; x_wconf 82' lang='lat' dir='ltr'><em>lexandrum,</em></span> <span class='ocrx_word' id='word_1_355' title='bbox 1416 2543 1468 2569; x_wconf 87' lang='lat' dir='ltr'><em>ex</em></span> <span class='ocrx_word' id='word_1_356' title='bbox 1489 2530 1664 2570; x_wconf 82' lang='lat' dir='ltr'><em>Valerio</em></span> <span class='ocrx_word' id='word_1_357' title='bbox 1684 2530 1887 2570; x_wconf 83' lang='lat' dir='ltr'><em>Maximo.</em></span> 
     </span>
     <span class='ocr_line' id='line_1_40' title="bbox 1179 2593 2005 2644; baseline -0.002 -10"><span class='ocrx_word' id='word_1_358' title='bbox 1179 2599 1260 2634; x_wconf 84' lang='lat'><em>609</em></span> <span class='ocrx_word' id='word_1_359' title='bbox 1291 2594 1514 2644; x_wconf 75' lang='lat' dir='ltr'><em>Obstringit</em></span> <span class='ocrx_word' id='word_1_360' title='bbox 1553 2606 1623 2633; x_wconf 80' lang='lat' dir='ltr'><em>suu</em></span> <span class='ocrx_word' id='word_1_361' title='bbox 1664 2606 1842 2644; x_wconf 75' lang='lat' dir='ltr'><em>quemque</em></span> <span class='ocrx_word' id='word_1_362' title='bbox 1884 2593 2005 2644; x_wconf 78' lang='lat' dir='ltr'><em>salus]</em></span> 
     </span>
     <span class='ocr_line' id='line_1_41' title="bbox 1127 2657 2007 2709; baseline -0.001 -12"><span class='ocrx_word' id='word_1_363' title='bbox 1127 2658 1238 2697; x_wconf 84' lang='lat' dir='ltr'><em>Cura</em></span> <span class='ocrx_word' id='word_1_364' title='bbox 1259 2669 1346 2705; x_wconf 75' lang='lat' dir='ltr'><em>suae</em></span> <span class='ocrx_word' id='word_1_365' title='bbox 1365 2657 1528 2706; x_wconf 81' lang='lat' dir='ltr'><em>salutis,</em></span> <span class='ocrx_word' id='word_1_366' title='bbox 1556 2669 1680 2709; x_wconf 87' lang='lat' dir='ltr'><em>quam</em></span> <span class='ocrx_word' id='word_1_367' title='bbox 1705 2668 1730 2694; x_wconf 85' lang='lat' dir='ltr'>a</span> <span class='ocrx_word' id='word_1_368' title='bbox 1749 2661 1793 2695; x_wconf 90' lang='lat' dir='ltr'><em>te</em></span> <span class='ocrx_word' id='word_1_369' title='bbox 1819 2662 2007 2707; x_wconf 85' lang='lat' dir='ltr'><em>sperant,</em></span> 
     </span>
    </p>
   </div>
   <div class='ocr_carea' id='block_1_11' title="bbox 177 2532 1061 2713">
    <p class='ocr_par' dir='ltr' id='par_1_16' title="bbox 177 2532 1061 2713">
     <span class='ocr_line' id='line_1_42' title="bbox 180 2532 1060 2589; baseline -0.006 -13"><span class='ocrx_word' id='word_1_370' title='bbox 180 2549 263 2589; x_wconf 87' lang='lat' dir='ltr'><em>qua</em></span> <span class='ocrx_word' id='word_1_371' title='bbox 283 2541 329 2575; x_wconf 88' lang='lat' dir='ltr'><em>tu</em></span> <span class='ocrx_word' id='word_1_372' title='bbox 357 2535 473 2574; x_wconf 87' lang='lat' dir='ltr'><em>velut</em></span> <span class='ocrx_word' id='word_1_373' title='bbox 501 2547 655 2574; x_wconf 85' lang='lat' dir='ltr'><em>numen</em></span> <span class='ocrx_word' id='word_1_374' title='bbox 676 2533 854 2584; x_wconf 80' lang='lat' dir='ltr'><em>incedis,</em></span> <span class='ocrx_word' id='word_1_375' title='bbox 872 2539 917 2572; x_wconf 85' lang='lat' dir='ltr'><em>et</em></span> <span class='ocrx_word' id='word_1_376' title='bbox 936 2532 1060 2572; x_wconf 85' lang='lat' dir='ltr'>Pala-</span> 
     </span>
     <span class='ocr_line' id='line_1_43' title="bbox 179 2595 1061 2649; baseline -0.005 -11"><span class='ocrx_word' id='word_1_377' title='bbox 179 2599 286 2639; x_wconf 87' lang='lat' dir='ltr'><em>tium</em></span> <span class='ocrx_word' id='word_1_378' title='bbox 307 2598 489 2649; x_wconf 86' lang='lat' dir='ltr'><em>patrium</em></span> <span class='ocrx_word' id='word_1_379' title='bbox 509 2597 683 2649; x_wconf 79' lang='lat' dir='ltr'><em>repetis,</em></span> <span class='ocrx_word' id='word_1_380' title='bbox 731 2597 876 2635; x_wconf 83' lang='lat' dir='ltr'><em>Romae</em></span> <span class='ocrx_word' id='word_1_381' title='bbox 896 2595 978 2635; x_wconf 83' lang='lat' dir='ltr'><em>fuit</em></span> <span class='ocrx_word' id='word_1_382' title='bbox 995 2596 1061 2634; x_wconf 78' lang='lat' dir='ltr'><em>via</em></span> 
     </span>
     <span class='ocr_line' id='line_1_44' title="bbox 177 2660 771 2713; baseline -0.007 -12"><span class='ocrx_word' id='word_1_383' title='bbox 177 2675 305 2711; x_wconf 76' lang='lat' dir='ltr'><em>sacra,</em></span> <span class='ocrx_word' id='word_1_384' title='bbox 322 2673 459 2713; x_wconf 85' lang='lat' dir='ltr'><em>eaque</em></span> <span class='ocrx_word' id='word_1_385' title='bbox 480 2660 771 2700; x_wconf 80' lang='lat' dir='ltr'><em>celeberrima.</em></span> 
     </span>
    </p>
   </div>
   <div class='ocr_carea' id='block_1_12' title="bbox 18 2458 30 3173">
    <p class='ocr_par' dir='ltr' id='par_1_17' title="bbox 18 2458 30 3173">
     <span class='ocr_line' id='line_1_45' title="bbox 18 2458 30 3173; textangle 90"><span class='ocrx_word' id='word_1_386' title='bbox 18 2527 30 3173; x_wconf 29' lang='grc' dir='ltr'><em>ῊΑ-,γ-Λο-ῂψν-ῥ--ᾐ-ᾼΑ</em></span> <span class='ocrx_word' id='word_1_387' title='bbox 19 2458 21 2461; x_wconf 86' lang='grc'><strong>.</strong></span> 
     </span>
    </p>
   </div>
   <div class='ocr_carea' id='block_1_13' title="bbox 0 3167 14 3523">
    <p class='ocr_par' dir='ltr' id='par_1_18' title="bbox 0 3167 14 3523">
     <span class='ocr_line' id='line_1_46' title="bbox 0 3167 14 3523; textangle 90"><span class='ocrx_word' id='word_1_388' title='bbox 1 3510 13 3523; x_wconf 82' lang='lat'><em>.&#39;</em></span> <span class='ocrx_word' id='word_1_389' title='bbox 0 3351 14 3489; x_wconf 58' lang='grc' dir='ltr'><em>’Ἦ-</em></span> <span class='ocrx_word' id='word_1_390' title='bbox 0 3167 13 3344; x_wconf 39' lang='grc' dir='ltr'><em>«ὤμ’-«μ’</em></span> 
     </span>
    </p>
   </div>
   <div class='ocr_carea' id='block_1_14' title="bbox 180 2722 1066 3407">
    <p class='ocr_par' dir='ltr' id='par_1_19' title="bbox 180 2722 1063 2954">
     <span class='ocr_line' id='line_1_47' title="bbox 233 2722 1060 2774; baseline -0.006 -9"><span class='ocrx_word' id='word_1_391' title='bbox 233 2729 313 2765; x_wconf 88' lang='grc'><em>604</em></span> <span class='ocrx_word' id='word_1_392' title='bbox 342 2725 509 2774; x_wconf 79' lang='lat' dir='ltr'><em>Flagrat</em></span> <span class='ocrx_word' id='word_1_393' title='bbox 524 2722 744 2773; x_wconf 79' lang='lat' dir='ltr'><em>concordia]</em></span> <span class='ocrx_word' id='word_1_394' title='bbox 774 2722 899 2762; x_wconf 80' lang='lat' dir='ltr'><em>Cives</em></span> <span class='ocrx_word' id='word_1_395' title='bbox 915 2733 1060 2760; x_wconf 88' lang='lat' dir='ltr'><em>omnes</em></span> 
     </span>
     <span class='ocr_line' id='line_1_48' title="bbox 180 2784 1061 2837; baseline -0.007 -9"><span class='ocrx_word' id='word_1_396' title='bbox 180 2788 392 2829; x_wconf 87' lang='lat' dir='ltr'><em>communi</em></span> <span class='ocrx_word' id='word_1_397' title='bbox 413 2786 643 2827; x_wconf 77' lang='lat' dir='ltr'><em>concordia</em></span> <span class='ocrx_word' id='word_1_398' title='bbox 670 2784 914 2837; x_wconf 75' lang='lat' dir='ltr'><em>flagrantes,</em></span> <span class='ocrx_word' id='word_1_399' title='bbox 934 2790 977 2824; x_wconf 86' lang='lat' dir='ltr'><em>te</em></span> <span class='ocrx_word' id='word_1_400' title='bbox 997 2796 1061 2823; x_wconf 82' lang='lat' dir='ltr'><em>ar-</em></span> 
     </span>
     <span class='ocr_line' id='line_1_49' title="bbox 180 2849 1063 2898; baseline -0.005 -9"><span class='ocrx_word' id='word_1_401' title='bbox 180 2850 300 2890; x_wconf 84' lang='lat' dir='ltr'><em>denti</em></span> <span class='ocrx_word' id='word_1_402' title='bbox 332 2849 471 2889; x_wconf 81' lang='lat' dir='ltr'><em>studio</em></span> <span class='ocrx_word' id='word_1_403' title='bbox 502 2855 547 2887; x_wconf 87' lang='lat' dir='ltr'><em>et</em></span> <span class='ocrx_word' id='word_1_404' title='bbox 578 2860 720 2887; x_wconf 85' lang='lat' dir='ltr'><em>amore</em></span> <span class='ocrx_word' id='word_1_405' title='bbox 750 2852 1063 2898; x_wconf 85' lang='lat' dir='ltr'><em>prosequuntur</em></span> 
     </span>
     <span class='ocr_line' id='line_1_50' title="bbox 183 2920 525 2954; baseline -0.006 0"><span class='ocrx_word' id='word_1_406' title='bbox 183 2927 231 2954; x_wconf 87' lang='lat' dir='ltr'><em>ac</em></span> <span class='ocrx_word' id='word_1_407' title='bbox 252 2920 525 2954; x_wconf 82' lang='lat' dir='ltr'><em>venerantur.</em></span> 
     </span>
    </p>

    <p class='ocr_par' dir='ltr' id='par_1_20' title="bbox 181 2972 1066 3407">
     <span class='ocr_line' id='line_1_51' title="bbox 235 2972 1063 3030; baseline -0.006 -14"><span class='ocrx_word' id='word_1_408' title='bbox 235 2981 313 3030; x_wconf 84' lang='grc'><em>605</em></span> <span class='ocrx_word' id='word_1_409' title='bbox 344 2975 545 3028; x_wconf 74' lang='lat' dir='ltr'><em>Dispersi]</em></span> <span class='ocrx_word' id='word_1_410' title='bbox 574 2975 718 3013; x_wconf 85' lang='lat' dir='ltr'><em>Instar</em></span> <span class='ocrx_word' id='word_1_411' title='bbox 748 2973 922 3012; x_wconf 82' lang='lat' dir='ltr'><em>aliorum</em></span> <span class='ocrx_word' id='word_1_412' title='bbox 941 2972 1063 3011; x_wconf 87' lang='lat' dir='ltr'><em>Prin·</em></span> 
     </span>
     <span class='ocr_line' id='line_1_52' title="bbox 182 3035 1064 3091; baseline -0.003 -14"><span class='ocrx_word' id='word_1_413' title='bbox 182 3040 340 3091; x_wconf 82' lang='lat' dir='ltr'><strong>cipum,</strong></span> <span class='ocrx_word' id='word_1_414' title='bbox 355 3039 427 3091; x_wconf 84' lang='lat' dir='ltr'><em>qui</em></span> <span class='ocrx_word' id='word_1_415' title='bbox 445 3051 545 3077; x_wconf 90' lang='lat' dir='ltr'><em>auro</em></span> <span class='ocrx_word' id='word_1_416' title='bbox 561 3050 704 3089; x_wconf 84' lang='lat' dir='ltr'><em>sparso</em></span> <span class='ocrx_word' id='word_1_417' title='bbox 720 3035 909 3075; x_wconf 85' lang='lat' dir='ltr'><em>favorem</em></span> <span class='ocrx_word' id='word_1_418' title='bbox 931 3048 1064 3087; x_wconf 89' lang='lat' dir='ltr'><em>popu-</em></span> 
     </span>
     <span class='ocr_line' id='line_1_53' title="bbox 181 3098 1064 3150; baseline -0.005 -8"><span class='ocrx_word' id='word_1_419' title='bbox 181 3102 315 3142; x_wconf 81' lang='lat' dir='ltr'><em>larem</em></span> <span class='ocrx_word' id='word_1_420' title='bbox 334 3102 611 3141; x_wconf 79' lang='lat' dir='ltr'><em>venabantur.</em></span> <span class='ocrx_word' id='word_1_421' title='bbox 639 3103 650 3124; x_wconf 91' lang='lat'>‘</span> <span class='ocrx_word' id='word_1_422' title='bbox 670 3101 778 3141; x_wconf 83' lang='lat' dir='ltr'><em>Quae</em></span> <span class='ocrx_word' id='word_1_423' title='bbox 793 3098 936 3150; x_wconf 84' lang='lat' dir='ltr'><em>te‚fili,</em></span> <span class='ocrx_word' id='word_1_424' title='bbox 953 3100 1064 3139; x_wconf 87' lang='lat' dir='ltr'><em>ratio</em></span> 
     </span>
     <span class='ocr_line' id='line_1_54' title="bbox 183 3161 1065 3217; baseline -0.006 -11"><span class='ocrx_word' id='word_1_425' title='bbox 183 3166 226 3207; x_wconf 82' lang='lat' dir='ltr'><em>iu</em></span> <span class='ocrx_word' id='word_1_426' title='bbox 247 3166 355 3205; x_wconf 83' lang='lat' dir='ltr'>hanc</span> <span class='ocrx_word' id='word_1_427' title='bbox 384 3171 470 3204; x_wconf 89' lang='lat' dir='ltr'><em>tam</em></span> <span class='ocrx_word' id='word_1_428' title='bbox 493 3177 643 3204; x_wconf 83' lang='lat' dir='ltr'>vanam</span> <span class='ocrx_word' id='word_1_429' title='bbox 665 3176 782 3217; x_wconf 88' lang='lat' dir='ltr'><em>spem</em></span> <span class='ocrx_word' id='word_1_430' title='bbox 812 3161 998 3211; x_wconf 84' lang='lat' dir='ltr'><em>induxit,</em></span> <span class='ocrx_word' id='word_1_431' title='bbox 1018 3167 1065 3201; x_wconf 88' lang='lat' dir='ltr'><em>ut</em></span> 
     </span>
     <span class='ocr_line' id='line_1_55' title="bbox 185 3225 1066 3280; baseline -0.006 -12"><span class='ocrx_word' id='word_1_432' title='bbox 185 3240 259 3280; x_wconf 79' lang='lat' dir='ltr'><em>eos</em></span> <span class='ocrx_word' id='word_1_433' title='bbox 294 3228 373 3268; x_wconf 84' lang='lat' dir='ltr'><em>tibi</em></span> <span class='ocrx_word' id='word_1_434' title='bbox 407 3227 556 3267; x_wconf 83' lang='lat' dir='ltr'><em>fideles</em></span> <span class='ocrx_word' id='word_1_435' title='bbox 590 3225 755 3266; x_wconf 82' lang='lat' dir='ltr'><em>futuros</em></span> <span class='ocrx_word' id='word_1_436' title='bbox 786 3225 1066 3275; x_wconf 80' lang='lat' dir='ltr'><em>existimares,</em></span> 
     </span>
     <span class='ocr_line' id='line_1_56' title="bbox 186 3287 1066 3342; baseline -0.005 -13"><span class='ocrx_word' id='word_1_437' title='bbox 186 3301 290 3342; x_wconf 71' lang='lat' dir='ltr'><em>quos</em></span> <span class='ocrx_word' id='word_1_438' title='bbox 318 3289 500 3342; x_wconf 85' lang='lat' dir='ltr'><em>pecunia</em></span> <span class='ocrx_word' id='word_1_439' title='bbox 519 3289 573 3328; x_wconf 88' lang='lat' dir='ltr'><em>ad</em></span> <span class='ocrx_word' id='word_1_440' title='bbox 592 3300 776 3327; x_wconf 86' lang='lat' dir='ltr'><em>amorem</em></span> <span class='ocrx_word' id='word_1_441' title='bbox 809 3287 873 3326; x_wconf 91' lang='lat' dir='ltr'><em>tui</em></span> <span class='ocrx_word' id='word_1_442' title='bbox 893 3299 1066 3339; x_wconf 88' lang='lat' dir='ltr'><em>compu-</em></span> 
     </span>
     <span class='ocr_line' id='line_1_57' title="bbox 186 3346 1066 3407; baseline -0.001 -16"><span class='ocrx_word' id='word_1_443' title='bbox 186 3346 343 3395; x_wconf 68' lang='lat' dir='ltr'><em>lisses?</em></span> <span class='ocrx_word' id='word_1_444' title='bbox 372 3352 441 3394; x_wconf 81' lang='lat' dir='ltr'><em>Sic</em></span> <span class='ocrx_word' id='word_1_445' title='bbox 473 3352 699 3407; x_wconf 82' lang='lat' dir='ltr'><em>Philippus</em></span> <span class='ocrx_word' id='word_1_446' title='bbox 731 3351 983 3405; x_wconf 84' lang='lat' dir='ltr'><em>increpabat</em></span> <span class='ocrx_word' id='word_1_447' title='bbox 1009 3349 1066 3390; x_wconf 82' lang='lat' dir='ltr'><em>A·</em></span> 
     </span>
    </p>
   </div>
   <div class='ocr_carea' id='block_1_15' title="bbox 1126 2717 2035 3403">
    <p class='ocr_par' dir='ltr' id='par_1_21' title="bbox 1126 2717 2035 2897">
     <span class='ocr_line' id='line_1_58' title="bbox 1127 2717 2007 2772; baseline -0.001 -14"><span class='ocrx_word' id='word_1_448' title='bbox 1127 2732 1309 2772; x_wconf 87' lang='lat' dir='ltr'><em>quaeque</em></span> <span class='ocrx_word' id='word_1_449' title='bbox 1329 2719 1371 2758; x_wconf 92' lang='lat' dir='ltr'><em>in</em></span> <span class='ocrx_word' id='word_1_450' title='bbox 1394 2724 1478 2758; x_wconf 86' lang='lat' dir='ltr'><em>tua·</em></span> <span class='ocrx_word' id='word_1_451' title='bbox 1497 2719 1634 2758; x_wconf 83' lang='lat' dir='ltr'><em>salute</em></span> <span class='ocrx_word' id='word_1_452' title='bbox 1656 2719 1797 2770; x_wconf 84' lang='lat' dir='ltr'><em>posita</em></span> <span class='ocrx_word' id='word_1_453' title='bbox 1824 2723 1906 2766; x_wconf 86' lang='lat' dir='ltr'><em>est,</em></span> <span class='ocrx_word' id='word_1_454' title='bbox 1934 2717 2007 2757; x_wconf 90' lang='lat' dir='ltr'><em>de·</em></span> 
     </span>
     <span class='ocr_line' id='line_1_59' title="bbox 1126 2780 2035 2832; baseline -0.003 -10"><span class='ocrx_word' id='word_1_455' title='bbox 1126 2783 1259 2822; x_wconf 81' lang='lat' dir='ltr'><em>vincit</em></span> <span class='ocrx_word' id='word_1_456' title='bbox 1290 2795 1450 2832; x_wconf 88' lang='lat' dir='ltr'><em>omnes,</em></span> <span class='ocrx_word' id='word_1_457' title='bbox 1482 2788 1527 2821; x_wconf 92' lang='lat' dir='ltr'><em>et</em></span> <span class='ocrx_word' id='word_1_458' title='bbox 1547 2794 1618 2821; x_wconf 86' lang='lat' dir='ltr'><em>eos</em></span> <span class='ocrx_word' id='word_1_459' title='bbox 1649 2781 1702 2820; x_wconf 90' lang='lat' dir='ltr'><em>ad</em></span> <span class='ocrx_word' id='word_1_460' title='bbox 1720 2788 1761 2820; x_wconf 86' lang='lat' dir='ltr'><em>te</em></span> <span class='ocrx_word' id='word_1_461' title='bbox 1780 2780 2005 2820; x_wconf 88' lang='lat' dir='ltr'><em>colendum</em></span> <span class='ocrx_word' id='word_1_462' title='bbox 2032 2805 2035 2810; x_wconf 88' lang='lat'><em>-</em></span> 
     </span>
     <span class='ocr_line' id='line_1_60' title="bbox 1127 2846 1325 2897; baseline 0 -13"><span class='ocrx_word' id='word_1_463' title='bbox 1127 2846 1325 2897; x_wconf 88' lang='lat' dir='ltr'><em>impellit.</em></span> 
     </span>
    </p>

    <p class='ocr_par' dir='ltr' id='par_1_22' title="bbox 1130 2905 2008 3149">
     <span class='ocr_line' id='line_1_61' title="bbox 1182 2905 2006 2957; baseline -0.006 -10"><span class='ocrx_word' id='word_1_464' title='bbox 1182 2910 1261 2947; x_wconf 86' lang='grc'><em>610</em></span> <span class='ocrx_word' id='word_1_465' title='bbox 1289 2907 1434 2957; x_wconf 86' lang='lat' dir='ltr'><em>Debet]</em></span> <span class='ocrx_word' id='word_1_466' title='bbox 1465 2906 1621 2947; x_wconf 88' lang='lat' dir='ltr'><em>Procul</em></span> <span class='ocrx_word' id='word_1_467' title='bbox 1635 2910 1702 2945; x_wconf 78' lang='lat' dir='ltr'><em>est</em></span> <span class='ocrx_word' id='word_1_468' title='bbox 1714 2905 2006 2954; x_wconf 86' lang='lat' dir='ltr'><em>ambitus‚nec</em></span> 
     </span>
     <span class='ocr_line' id='line_1_62' title="bbox 1130 2969 2008 3023; baseline -0.006 -13"><span class='ocrx_word' id='word_1_469' title='bbox 1130 2971 1203 3010; x_wconf 88' lang='lat' dir='ltr'><em>ille</em></span> <span class='ocrx_word' id='word_1_470' title='bbox 1225 2972 1375 3023; x_wconf 80' lang='lat' dir='ltr'><em>quaerit</em></span> <span class='ocrx_word' id='word_1_471' title='bbox 1397 2983 1557 3021; x_wconf 84' lang='lat' dir='ltr'><em>aurum,</em></span> <span class='ocrx_word' id='word_1_472' title='bbox 1586 2970 1656 3021; x_wconf 87' lang='lat' dir='ltr'><em>qui</em></span> <span class='ocrx_word' id='word_1_473' title='bbox 1684 2969 1861 3007; x_wconf 83' lang='lat' dir='ltr'><em>salntem</em></span> <span class='ocrx_word' id='word_1_474' title='bbox 1893 2978 2008 3006; x_wconf 84' lang='lat' dir='ltr'><em>suam</em></span> 
     </span>
     <span class='ocr_line' id='line_1_63' title="bbox 1130 3030 2008 3084; baseline -0.006 -11"><span class='ocrx_word' id='word_1_475' title='bbox 1130 3033 1262 3073; x_wconf 89' lang='lat' dir='ltr'><em>debet</em></span> <span class='ocrx_word' id='word_1_476' title='bbox 1282 3035 1414 3073; x_wconf 81' lang='lat' dir='ltr'><em>amori</em></span> <span class='ocrx_word' id='word_1_477' title='bbox 1437 3033 1646 3084; x_wconf 81' lang='lat' dir='ltr'><em>Principis</em></span> <span class='ocrx_word' id='word_1_478' title='bbox 1669 3045 1679 3070; x_wconf 73' lang='lat' dir='ltr'><strong><em>z</em></strong></span> <span class='ocrx_word' id='word_1_479' title='bbox 1707 3031 1805 3069; x_wconf 88' lang='lat' dir='ltr'><em>huic</em></span> <span class='ocrx_word' id='word_1_480' title='bbox 1824 3030 2008 3070; x_wconf 89' lang='lat' dir='ltr'><em>obstrin-</em></span> 
     </span>
     <span class='ocr_line' id='line_1_64' title="bbox 1131 3096 1955 3149; baseline -0.005 -14"><span class='ocrx_word' id='word_1_481' title='bbox 1131 3098 1244 3149; x_wconf 88' lang='lat' dir='ltr'><em>gitur</em></span> <span class='ocrx_word' id='word_1_482' title='bbox 1261 3097 1344 3136; x_wconf 81' lang='lat' dir='ltr'><em>alio</em></span> <span class='ocrx_word' id='word_1_483' title='bbox 1363 3109 1490 3146; x_wconf 84' lang='lat' dir='ltr'><em>nexu,</em></span> <span class='ocrx_word' id='word_1_484' title='bbox 1506 3096 1681 3134; x_wconf 87' lang='lat' dir='ltr'><em>meliore</em></span> <span class='ocrx_word' id='word_1_485' title='bbox 1696 3106 1819 3145; x_wconf 84' lang='lat' dir='ltr'><em>quam</em></span> <span class='ocrx_word' id='word_1_486' title='bbox 1838 3105 1955 3132; x_wconf 86' lang='lat' dir='ltr'><em>auro.</em></span> 
     </span>
    </p>

    <p class='ocr_par' dir='ltr' id='par_1_23' title="bbox 1134 3154 2011 3403">
     <span class='ocr_line' id='line_1_65' title="bbox 1184 3154 2010 3209; baseline -0.007 -10"><span class='ocrx_word' id='word_1_487' title='bbox 1184 3163 1260 3199; x_wconf 84' lang='lat'><em>611</em></span> <span class='ocrx_word' id='word_1_488' title='bbox 1292 3159 1444 3199; x_wconf 81' lang='lat' dir='ltr'><em>Secreti</em></span> <span class='ocrx_word' id='word_1_489' title='bbox 1476 3158 1662 3209; x_wconf 72' lang='lat' dir='ltr'><em>numinis]</em></span> <span class='ocrx_word' id='word_1_490' title='bbox 1702 3158 1917 3198; x_wconf 85' lang='lat' dir='ltr'><em>Quantum</em></span> <span class='ocrx_word' id='word_1_491' title='bbox 1938 3154 2010 3194; x_wconf 79' lang='lat' dir='ltr'><em>ad-</em></span> 
     </span>
     <span class='ocr_line' id='line_1_66' title="bbox 1134 3216 2009 3272; baseline -0.008 -11"><span class='ocrx_word' id='word_1_492' title='bbox 1134 3221 1200 3261; x_wconf 88' lang='lat' dir='ltr'><em>dit</em></span> <span class='ocrx_word' id='word_1_493' title='bbox 1244 3228 1424 3261; x_wconf 86' lang='lat' dir='ltr'><em>secretae</em></span> <span class='ocrx_word' id='word_1_494' title='bbox 1469 3219 1691 3272; x_wconf 83' lang='lat' dir='ltr'><em>cujusdam</em></span> <span class='ocrx_word' id='word_1_495' title='bbox 1737 3216 2009 3266; x_wconf 86' lang='lat' dir='ltr'><em>reverentiae,</em></span> 
     </span>
     <span class='ocr_line' id='line_1_67' title="bbox 1136 3279 2011 3337; baseline -0.008 -13"><span class='ocrx_word' id='word_1_496' title='bbox 1136 3285 1270 3337; x_wconf 83' lang='lat' dir='ltr'><em>qualis</em></span> <span class='ocrx_word' id='word_1_497' title='bbox 1291 3283 1484 3325; x_wconf 84' lang='lat' dir='ltr'><em>defertur</em></span> <span class='ocrx_word' id='word_1_498' title='bbox 1510 3281 1685 3333; x_wconf 88' lang='lat' dir='ltr'><em>numini,</em></span> <span class='ocrx_word' id='word_1_499' title='bbox 1702 3279 1812 3334; x_wconf 91' lang='lat' dir='ltr'><em>quod</em></span> <span class='ocrx_word' id='word_1_500' title='bbox 1836 3289 2011 3330; x_wconf 57' lang='lat' dir='ltr'><em>venere·</em></span> 
     </span>
     <span class='ocr_line' id='line_1_68' title="bbox 1135 3348 1505 3403; baseline -0.005 -14"><span class='ocrx_word' id='word_1_501' title='bbox 1135 3354 1205 3389; x_wconf 86' lang='lat' dir='ltr'><em>tur</em></span> <span class='ocrx_word' id='word_1_502' title='bbox 1222 3349 1265 3389; x_wconf 87' lang='lat' dir='ltr'><em>in</em></span> <span class='ocrx_word' id='word_1_503' title='bbox 1285 3348 1505 3403; x_wconf 85' lang='lat' dir='ltr'><em>Principe.</em></span> 
     </span>
    </p>
   </div>
  </div>
 </body>
</html>
