2300 3906
559 226 624 265 ιΝ
671 228 711 265 1.
751 227 924 266 cons,
965 225 1231 266 s'rlmcn.
1274 227 1395 265 mn.
1436 227 1502 271 ιι.
1827 218 1939 272 041¹

126 339 294 391 Ferro
320 339 472 406 picta
495 351 684 403 genae,
711 337 868 405 cujus
893 338 1131 406 vestigia
1155 339 1318 391 verrit

127 420 401 483 Coerulus,
429 418 746 485 Oceanique
769 423 969 472 aestum
991 422 1263 485 mentitur,
1289 422 1562 479 amictus:

124 504 222 556 Me
246 518 463 572 quoque
488 501 686 553 vicinis
709 507 1025 568 pereuntem
1044 505 1316 570 gentibue,
1339 505 1536 573 inquit,
1831 505 1941 559 250

123 586 363 640 Munivit
386 586 675 647 Stilichon,
704 592 881 638 totam
906 603 1031 639 cum
1057 588 1256 640 Scotus
1279 587 1479 640 Iernen

122 670 322 732 Movit,
345 673 397 720 et
419 667 616 719 infesto
644 670 926 736 spumavit
946 672 1149 737 remige
1173 670 1405 738 TethyS.

121 753 284 805 Illius
307 751 562 804 effectum
585 752 750 815 curis,
774 769 843 803 ne
869 755 981 804 tela
1003 754 1256 806 timerem

122 836 369 898 Scotica,
395 851 464 886 ne
491 835 714 886 Pictum
740 840 1043 899 tremerem,
1069 853 1140 891 ne
1162 836 1349 889 littore
1373 841 1490 891 toto

122 918 504 988 Prospicerem
529 919 716 971 dubiis
740 923 1030 972 venturum
1056 920 1285 974 Saxona
1305 922 1502 975 ventis,
1832 922 1939 975 255

119 1001 265 1054 Tum
289 1004 457 1070 spicis
481 1008 535 1055 et
559 1003 717 1056 dente
741 1020 934 1057 comas
957 1005 1186 1057 illustris
1208 1007 1438 1069 eburno,

121 1085 197 1137 Et
221 1086 405 1139 calido
428 1088 736 1139 rubicunda
759 1088 866 1151 die,
894 1090 975 1142 sic
1000 1088 1194 1142 Africa
1218 1090 1365 1143 fatur
1382 1094 1406 1143 ε’

122 1155 422 1238 Sperabam
446 1171 628 1224 nullas
653 1172 873 1235 trabeiS‚
900 1172 1136 1226 Gildone
1159 1179 1422 1241 peremto,

120 1274 282 1315 habens
301 1275 449 1315 vultum
465 1276 664 1326 signatum
677 1276 828 1326 gladio,
846 1275 955 1324 cujus
972 1276 1208 1316 Britanniae
1224 1277 1343 1317 vestis
1358 1279 1499 1317 coerula
1519 1277 1654 1317 lambit
1669 1278 1799 1329 pedes,
1825 1282 1862 1318 et
1880 1291 1940 1317 re-

118 1332 330 1380 proesentat
348 1328 644 1369 instabilitatem
650 1331 847 1381 fluctuum
862 1343 874 1368 .·
902 1329 1068 1376 Stilicho
1074 1330 1260 1382 firmavit
1277 1344 1337 1370 me
1357 1332 1491 1377 etiam,
1508 1332 1581 1379 ait,
1598 1335 1816 1382 quassatam
1836 1344 1860 1370 a
1875 1345 1943 1381 po-

119 1382 223 1433 pulis
235 1381 445 1435 finitimis,
466 1395 562 1434 ‚cum
582 1383 692 1422 Scoti
716 1384 986 1422 excitaverunt
1006 1383 1200 1422 nationes
1221 1384 1437 1435 Hyberm‘oe
1456 1384 1591 1432 totius,
1622 1389 1660 1422 et
1679 1397 1785 1423 mare
1812 1386 1943 1434 agita-

120 1439 205 1475 tum
229 1439 287 1475 est
302 1435 481 1486 remigiis
497 1436 679 1476 inimicis.
735 1435 966 1485 Perfectum
982 1441 1049 1475 est
1067 1435 1195 1475 labore
1224 1437 1336 1486 hujus
1367 1437 1626 1483 stilichonis,
1658 1450 1705 1476 ne
1736 1441 1947 1477 metuerem

121 1487 218 1528 bella
251 1488 423 1537 Scotica,
452 1501 499 1528 ne
523 1489 785 1537 formidarem
820 1490 969 1539 Pictos,
1010 1502 1058 1528 ne
1091 1491 1238 1540 procul
1270 1491 1442 1529 viderem
1473 1492 1515 1530 in
1547 1491 1744 1530 littoribus
1773 1491 1945 1530 omnibus

122 1541 300 1581 Saxones
324 1543 551 1582 advolantes
577 1543 698 1582 etiam
725 1544 848 1582 ventis
872 1543 1052 1582 incertis.
1125 1543 1222 1582 Tum
1249 1543 1391 1592 Africa
1427 1544 1596 1594 insignis
1623 1544 1676 1582 ob
1704 1544 1862 1595 aristas,
1906 1548 1944 1582 et

120 1595 247 1634 crines
255 1606 377 1646 pexos
389 1596 542 1646 pectine
561 1596 740 1645 eburneo,
772 1601 809 1635 et
827 1596 1070 1648 inflammata
1089 1595 1143 1634 ob
1163 1595 1290 1635 Solem
1306 1598 1521 1647 ardentem,
1551 1597 1610 1636 ita
1627 1597 1825 1647 loquitur:
1857 1597 1945 1635 Git-

123 1649 220 1688 done
237 1649 374 1700 occiso,
405 1648 655 1700 expectabam
673 1650 797 1689 nullas
812 1661 940 1688 moras
962 1661 1073 1699 passe
1092 1647 1234 1700 afferri
1251 1651 1482 1690 consulatui.
1539 1651 1613 1689 Ille
1630 1649 1808 1690 Stilicho
1827 1650 1947 1690 etiam

884 1741 1180 1756 OOOONOOOOOO

120 1793 150 1833 i.
164 1806 200 1834 e.
240 1795 481 1836 Geta—248
523 1796 690 1847 vestigio
713 1796 823 1844 ferri
855 1798 955 1838 Pat.
977 1798 1098 1837 vertit
1128 1796 1251 1836 Leid.
1284 1808 1370 1836 sec.
1402 1801 1448 1837 et
1479 1796 1684 1837 tredecim
1715 1795 1804 1846 alii,
1833 1796 1944 1836 Exc.

124 1845 306 1888 Gevart.
334 1847 405 1887 ed.
424 1849 567 1889 Vicet.
597 1849 732 1888 lambit
762 1850 923 1890 Moret.
956 1863 1021 1901 pr.
1047 1851 1165 1890 vestit
1195 1851 1360 1890 Mazar.
1389 1851 1494 1889 Exc.
1529 1849 1632 1889 Cod.
1663 1850 1945 1888 Ehem—249

122 1900 308 1939 mentitus
336 1901 497 1941 Mazar.
527 1902 687 1940 metitur
718 1902 820 1942 Jun.
839 1908 884 1942 et
915 1903 1068 1943 Ambr.
1087 1916 1150 1954 pr.
1172 1903 1314 1942 Oxou.
1335 1914 1423 1941 sec.
1445 1901 1564 1940 Med.
1585 1907 1728 1952 quart.
1760 1903 1946 1940 amictum

123 1952 191 1993 ed.
208 1953 481 1993 Vicet.—251
518 1954 691 1993 Munivit
724 1967 869 1994 omnes
891 1955 1012 1996 Vatt.
1035 1957 1131 1996 Pal.
1151 1957 1280 1994 Farn.
1314 1955 1430 1994 Prie.
1451 1955 1571 1993 Rott.
1594 1954 1727 1993 Oisel.
1759 1954 1944 2001 Mejuvit

123 2006 232 2058 Reg.
274 2007 452 2046 Mutavit
484 2006 603 2046 Med.
638 2013 777 2059 quart.
812 2008 1013 2048 Heinsius
1046 2008 1330 2059 ascripserat:
1360 2009 1372 2029 ‘
1395 2007 1456 2046 sic
1475 2007 1625 2045 munire
1655 2006 1770 2055 apud
1800 2006 1948 2045 Senec.

120 2058 247 2111 Trag.
267 2071 309 2111 p.
325 2062 389 2099 10.
409 2072 465 2100 ex
484 2071 529 2099 v.
550 2060 658 2100 Cod.
694 2061 747 2099 de
779 2062 979 2101 muniendi
1011 2062 1142 2101 verbo
1163 2061 1279 2112 apud
1296 2061 1323 2102 J
1329 2060 1633 2100 urisconsultos
1653 2059 1740 2097 vid.
1762 2059 1948 2100 Casaub.

124 2111 178 2154 ad
197 2112 314 2153 Hist.
333 2111 446 2165 Aug.
467 2126 509 2165 p.
531 2117 597 2154 65.
617 2114 791 2153 videtur
810 2121 952 2154 autem
986 2113 1312 2165 intelligendum
1344 2114 1398 2152 de
1426 2124 1545 2152 muro
1567 2114 1678 2151 inter
1695 2112 1883 2151 Scotiam
1903 2118 1949 2151 et

123 2161 347 2217 Anglium.²
373 2170 455 2206 toto
487 2167 609 2207 Rott.
636 2171 764 2206 tutam
782 2167 935 2208 Petav.
970 2180 1056 2208 sec.
1087 2171 1239 2207 tantam
1272 2167 1367 2207 Pal.
1399 2165 1519 2206 Med.
1554 2177 1621 2216 pr.
1651 2165 1812 2204 Scottus
1844 2165 1952 2206 Exc-

122 2218 303 2259 Lucens.
325 2231 392 2271 pr.
423 2220 615 2260 Incrmem
634 2221 735 2260 Vat.
756 2233 819 2272 pr.
839 2234 894 2262 m.
914 2233 978 2274 pr.
1008 2221 1172 2260 Ivernen
1205 2221 1311 2260 Exc.
1330 2220 1512 2259 Lucens.
1533 2231 1598 2270 pr.
1631 2219 1850 2257 Hibernam
1867 2218 1951 2258 duo

123 2271 275 2312 Leidd.
297 2277 385 2312 tres
403 2273 503 2312 Vat.
527 2274 623 2313 Pal.
644 2274 773 2313 Farn.
798 2275 916 2314 Rott.
952 2274 1089 2314 Oisel.
1119 2273 1311 2313 Hiberam
1341 2274 1442 2312 Vat.
1474 2277 1576 2311 tert.
1605 2271 1724 2310 Prie.
1753 2272 1852 2311 Jun.
1881 2283 1950 2321 pr.

121 2325 224 2366 Lov.
253 2326 411 2366 Iemam
429 2326 612 2378 Raphel.
632 2328 782 2366 Barth.
813 2328 953 2367 lernen
983 2328 1067 2378 leg.
1089 2327 1241 2366 Heins.
1289 2326 1485 2364 Inermem
1506 2330 1552 2363 et
1570 2323 1842 2362 emendatum
1872 2324 1952 2363 Hi-

123 2378 281 2418 bernam
296 2379 379 2419 duo
397 2379 674 2420 Oxon.—252
702 2380 848 2428 infecto
864 2380 891 2421 J
896 2392 966 2420 un.
985 2383 1185 2431 pr.—253
1213 2391 1281 2418 nec
1294 2378 1393 2417 bella
1408 2378 1516 2432 Reg.
1535 2377 1613 2415 tela
1627 2376 1655 2416 J
1659 2380 1790 2435 un3et
1807 2375 1950 2415 Oxon.

121 2442 194 2481 pr.
221 2432 300 2470 tela
330 2433 399 2472 vel
428 2432 526 2471 bella
558 2432 703 2472 Oxon.
736 2444 819 2472 sec.
847 2433 1030 2472 timerent
1065 2432 1304 2472 Pan—254
1333 2430 1509 2469 Scottica
1540 2429 1623 2467 inc.
1660 2428 1807 2467 Heius.
1842 2428 1953 2468 Exc-

123 2484 306 2524 Lucens.
325 2495 392 2535 pr.
421 2484 598 2524 Scor-tica
616 2485 718 2526 Jun.
734 2489 779 2524 et
794 2485 936 2525 Oxon.
956 2497 1022 2536 pr.
1050 2497 1118 2524 nec
1135 2484 1237 2523 Vat.
1260 2495 1347 2521 sec.
1365 2481 1483 2521 Med.
1502 2487 1641 2532 quart.
1660 2480 1768 2531 Reg.
1782 2481 1949 2520 Thuan.

126 2536 317 2577 Gronov.
337 2537 381 2576 in
400 2537 507 2578 Exc.
525 2537 694 2578 Schott.
723 2538 1001 2588 ascripserat,
1036 2537 1120 2576 vid.
1142 2535 1288 2575 Sidon.
1316 2535 1462 2579 ,Can-m.
1483 2545 1566 2573 vu.
1592 2546 1653 2572 vs,
1674 2537 1768 2573 227.
1798 2534 1948 2573 Savar.

126 2601 172 2639 p.
191 2592 257 2629 89.
277 2593 321 2628 et
338 2591 402 2629 sic
423 2589 590 2640 Grypli.
616 2590 725 2641 picta
757 2590 901 2629 Oxou.
920 2602 988 2641 pr.
1018 2593 1228 2629 tremerent
1263 2588 1364 2628 Put.
1391 2589 1552 2627 timeam
1570 2587 1670 2625 Vat.
1691 2587 1828 2638 quint.
1849 2587 1951 2626 Pat.

126 2642 232 2682 Var.
252 2643 338 2681 LL.
358 2642 428 2682 ed.
450 2642 581 2683 Antv.
609 2655 677 2682 nec
697 2644 812 2682 litore
831 2643 931 2682 Vat.
952 2654 1038 2682 sec.
1058 2643 1152 2682 Pal.
1175 2640 1296 2681 Med.
1315 2653 1379 2692 pr.
1410 2641 1518 2688 Reg.
1535 2640 1696 2678 Thuan.
1725 2643 1809 2679 tuto
1842 2641 1950 2690 Reg.

79 2730 83 2734 .
125 2695 231 2735 item
261 2696 394 2736 Gesn.
427 2701 472 2735 et
506 2695 576 2734 ed.
612 2697 790 2747 Bipont.
819 2699 900 2735 toto
933 2696 1001 2735 vel
1033 2698 1118 2735 tuto
1153 2695 1293 2735 Oxon.
1325 2696 1544 2734 sec.-255
1575 2692 1819 2744 Pro-spiciam
1851 2693 1954 2732 Vat-

127 2749 264 2800 quint.
281 2749 381 2788 Pat.
402 2749 505 2789 Var.
522 2749 607 2789 LL.
626 2749 693 2789 ed.
713 2747 845 2788 Antv.
878 2749 1149 2800 prospicerent
1168 2748 1272 2787 Put.
1303 2747 1572 2798 Perspicerent
1594 2746 1702 2797 Re'g.
1730 2746 1954 2796 Aspicerem

126 2801 278 2842 Ambr.
311 2814 376 2852 pr.
406 2802 569 2843 Moret.
603 2814 690 2841 sec.
730 2806 929 2841 ventosum
958 2801 1111 2842 Ambr.
1143 2813 1208 2852 pr.
1253 2800 1441 2840 Sanxona
1473 2799 1630 2838 Petav.
1664 2811 1748 2838 sec.
1777 2799 1953 2838 Santona

127 2854 278 2895 Ambr.
311 2858 548 2894 tert—256
581 2855 678 2894 Tum
696 2856 822 2895 Voss.
852 2857 958 2895 Lov.
990 2855 1152 2894 Moret.
1179 2865 1266 2893 sec.
1293 2858 1381 2892 tres
1400 2852 1520 2892 Med.
1555 2852 1636 2890 inc.
1669 2851 1821 2890 Heins.
1842 2852 1952 2901 Reg.

130 2908 299 2951 Bonan.
332 2908 432 2947 Pat.
452 2913 540 2947 tres
561 2909 716 2948 Petav.
740 2908 918 2948 totidem
939 2906 1089 2948 Ambr.
1108 2908 1213 2946 Exc.
1246 2906 1429 2946 Gevart.
1458 2906 1639 2945 Lucens.
1660 2916 1725 2955 pr.
1744 2905 1844 2943 Var.
1865 2904 1954 2944 LL.

124 2971 155 3004 ’,ε
173 2972 307 3015 marg.
329 2961 475 3003 Parm.
506 2961 613 3001 Tunc
643 2961 729 3001 duo
747 2963 870 3002 Vatt.
897 2962 990 3001 Pal.
1023 2961 1124 3002 Jun.
1146 2966 1190 2999 et
1211 2959 1351 3000 Oxou.
1370 2971 1434 3010 pr.
1462 2959 1572 2998 Dum
1588 2958 1757 2998 Tholos.
1784 2956 1956 3007 insignis

179 3096 259 3136 248
288 3095 425 3147 Picta]
464 3093 677 3145 Britanni,
708 3092 842 3143 Scoti,
872 3026 1207 3143 PicltipTAEffil
1239 3090 1398 3141 Iernen]
1429 3090 1620 3132 Eandem
1652 3090 1763 3129 hanc
1794 3088 1959 3129 faciunt

15 3178 21 3188 ι
49 3167 50 3170 ’
127 3154 228 3206 olim
244 3154 362 3197 ferro
375 3157 455 3197 sibi
471 3169 602 3209 genas
619 3157 1008 3206 cruentabant‚aut
1078 3167 1173 3194 cum
1192 3153 1430 3206 Hybernia.
1485 3153 1552 3191 De
1582 3151 1719 3192 Pictis
1754 3160 1800 3192 et
1830 3153 1960 3191 Saxo-

52 3268 57 3279 ?
130 3217 212 3256 alio
230 3220 377 3270 quovis
394 3221 518 3260 modo
533 3218 831 3261 deformabant
847 3220 901 3259 ad
923 3225 1008 3259 ter·
1078 3218 1198 3258 nibus
1219 3216 1336 3257 alibi.

127 3289 283 3320 rorem.
1130 3285 1212 3320 266
1238 3281 1370 3320 Dente
1414 3279 1577 3330 eburno]
1633 3277 1784 3318 Africa
1834 3276 1956 3316 ferax

157 3373 160 3375 -
183 3344 265 3384 ⁹49
290 3343 505 3396 Mentitur]
531 3347 832 3405 Repraesentat
852 3351 1005 3386 aestum
1077 3346 1237 3396 eboris,
1265 3349 1441 3397 propter
1466 3343 1732 3396 elephantos.

129 3405 259 3446 mari·
275 3404 447 3446 fluendo
463 3413 510 3447 et
526 3408 758 3450 renuendo.

238 3472 444 3524 Delph.et
469 3473 557 3514 Var.
579 3474 682 3515 ctas.
713 3508 719 3512 .
979 3476 1116 3514 Claud.
1767 3474 1794 3509 2
1818 3469 1845 3511 S
