2300 3906
85 1776 94 1783 ·
167 1766 347 1807 Gevart.
376 1770 525 1807 aversis
542 1776 631 1808 tres
648 1771 769 1808 Vatt.
793 1771 981 1808 Florent.
1015 1769 1131 1807 Med.

768 217 846 254 DE
890 215 970 254 vl.
1012 216 1181 256 cous,
1222 216 1454 255 HoNon.
1889 207 1998 260 811

183 332 358 384 Trans
384 339 555 400 caput
581 334 790 385 aversis
816 337 1068 387 manibus
1088 336 1365 404 jaculatur
1386 337 1441 386 in
1464 334 1731 387 Austrum

185 417 384 468 Secum
411 422 667 483 rapturas
694 423 921 471 cantata
945 422 1169 487 piacula
1194 421 1388 473 taedas.

252 499 454 551 Acrior
479 502 680 551 interea
709 503 917 554 visendi
944 504 1225 571 Principis
1250 505 1415 556 ardor

180 580 452 634 Accendit
477 600 600 634 cum
627 586 782 651 plebe
810 588 1024 650 PatreS,
1066 593 1120 640 et
1141 605 1291 654 saepe
1318 593 1567 654 negatum

178 664 422 731 Flagitat
445 665 754 718 adventum.
831 671 952 722 Nec
977 671 1072 722 tali
1099 672 1326 737 publica
1353 676 1482 723 vota

178 747 469 799 Consensu
494 751 706 802 tradunt
729 754 875 804 atavi
901 754 1139 804 caluisse
1163 770 1259 820 per
1285 754 1515 815 Urbem,

176 832 394 884 Dacica
419 833 742 900 bellipotens
763 853 888 887 cum
911 836 1146 903 fregerat
1171 836 1373 906 Ulpius
1392 853 1563 900 arma,

1889 421 1996 473 330

1885 839 1994 921 ³³⁵

174 997 304 1056 caput,
331 993 459 1055 vibrat
481 1006 616 1054 persus
637 997 846 1037 Meridiem
868 999 982 1047 faces
998 1000 1193 1039 ablaturus
1208 1013 1336 1040 secum
1357 1002 1458 1040 mala
1475 1001 1774 1040 incantamenta.
1829 999 1996 1039 Interim

172 1060 293 1095 mqyus
322 1048 555 1108 desuiesmm
588 1049 839 1099 Imperatoris
873 1054 1025 1092 videndi
1057 1053 1277 1104 inflammat
1304 1055 1515 1093 Senatores
1543 1067 1627 1093 cum
1652 1055 1804 1104 populo,
1835 1057 1874 1092 et
1890 1053 1995 1104 petit

172 1101 380 1161 adventum
416 1112 509 1151 eJus
545 1103 689 1152 soepv'us
725 1109 951 1146 recusatum.
1010 1107 1144 1158 Neque
1188 1107 1349 1156 majores
1385 1108 1519 1147 nostri
1559 1109 1665 1146 aiunt
1700 1111 1788 1145 vota
1824 1107 1994 1145 omnium

173 1165 312 1192 arslsse
357 1157 470 1192 tama
515 1157 715 1194 concordia
748 1170 818 1207 per
854 1159 983 1198 urbem
1029 1160 1223 1211 Romam,
1267 1173 1352 1199 cum
1394 1161 1534 1211 Ulpius
1566 1161 1771 1212 Trajanus
1800 1159 1996 1198 bellicosus

931 1274 1227 1291 OM‘O‘O‘OOO‘

170 1340 295 1380 Farn.
330 1343 449 1382 Rott.
495 1342 790 1395 turrtficumque
823 1344 980 1384 Moret.
1018 1355 1103 1382 sec.
1149 1343 1420 1395 tur-ificumque
1453 1343 1586 1396 Oisel.
1616 1343 1771 1382 Petav.
1788 1346 1889 1383 tert.
1909 1343 1993 1382 inc.

169 1393 319 1434 Heins.
349 1396 645 1448 thurificumque
684 1397 804 1435 Leid.
836 1410 923 1437 sec.
950 1398 1073 1436 Voss.
1108 1397 1209 1436 Put.
1244 1396 1391 1435 Petav.
1417 1408 1501 1435 sec.
1534 1397 1699 1434 Bonou.
1730 1396 1813 1435 duo
1843 1395 1995 1436 Ambr.

167 1447 275 1507 Exc.
307 1449 483 1489 Gevart.
508 1450 789 1501 parfia-umque
811 1451 878 1489 vel
897 1450 1191 1502 thurificumque
1211 1449 1325 1488 Pric.
1356 1450 1554 1488 Heinsius
1583 1448 1881 1500 lustu-{ficumque
1899 1461 1995 1487 con·

159 1507 346 1551 Jecerat,
365 1503 438 1541 sed
461 1509 554 1553 post
570 1504 752 1542 mutavit
771 1504 1047 1552 sententiam,
1075 1505 1289 1552 vulgatam
1310 1504 1506 1553 probans.
1566 1502 1685 1540 Idem
1707 1502 1993 1553 ascripserat:

164 1553 236 1592 Sic
258 1557 269 1576 ‘
292 1555 469 1605 Jupiter
490 1555 700 1595 salutaris'
732 1557 916 1595 'ri-eben.
938 1557 1076 1594 Pollio
1099 1558 1139 1593 in
1155 1555 1364 1594 Gallienis
1387 1569 1427 1606 p.
1450 1559 1540 1594 177.
1568 1557 1579 1576 ‘
1602 1556 1692 1593 Pax
1711 1556 1839 1606 igitur
1854 1556 1993 1594 Deum

167 1608 362 1657 quaesita,
378 1610 582 1658 inspectis
608 1610 783 1659 Sibyllae
805 1610 937 1657 libris,
955 1608 1203 1659 factumque
1228 1609 1337 1649 Jovl
1357 1610 1587 1648 SALUTAm
1607 1607 1887 1647 sacrifici‘um!
1908 1608 1993 1648 vid.

166 1661 346 1700 Casaub.
364 1674 404 1712 p.
420 1666 512 1701 206.
543 1663 719 1702 Salmas.
741 1676 780 1713 p.
810 1666 903 1702 280.
944 1667 1130 1712 precatur
1156 1662 1275 1701 Med.
1299 1668 1396 1700 tert.
1422 1666 1600 1712 precatus
1619 1662 1719 1701 Jun.
1742 1661 1882 1700 Oxon.
1904 1672 1991 1701 sec.

162 1713 287 1752 Leid.
309 1720 533 1755 sem—329
560 1718 741 1755 adversus
760 1717 885 1755 Fam.
914 1716 1086 1754 adversis
1106 1715 1227 1753 Leid.
1263 1727 1346 1754 sec.
1373 1727 1466 1753 cuin
1489 1715 1676 1754 sedecim
1708 1714 1800 1752 aliis
1821 1721 1863 1752 et
1884 1715 1992 1753 Exc.

1162 1780 1225 1819 pr.
1256 1769 1337 1806 inc.
1359 1768 1509 1807 Heius.
1533 1769 1686 1806 Petav.
1705 1773 1806 1806 tert.
1827 1767 1992 1806 Bonon.

164 1819 248 1859 duo
271 1820 420 1860 Ambr.
452 1823 553 1862 Lov.
579 1823 671 1862 Vat.
695 1822 834 1861 Livin.
866 1822 971 1860 Exc.
1000 1822 1167 1860 Schott.
1204 1822 1383 1860 Lucens.
1409 1833 1472 1871 pr.
1506 1827 1550 1859 et
1572 1821 1637 1859 ed.
1656 1821 1795 1860 Vicet.
1824 1820 1996 1859 adversis

161 1885 217 1911 m.
252 1886 316 1923 pr.
350 1882 394 1912 et
437 1876 581 1913 aversis
613 1888 666 1914 m.
698 1887 782 1914 sec.
802 1876 962 1914 Moret.
982 1887 1066 1913 sec.
1086 1875 1286 1923 jaculatus
1320 1875 1470 1913 Petav.
1501 1886 1584 1913 sec.
1624 1874 1663 1912 in
1685 1875 1807 1912 altum
1826 1874 1989 1912 Timan.

162 1930 321 1965 antrum
341 1928 445 1965 Var.
466 1928 553 1966 LL.
577 1941 598 1965 e
619 1941 751 1979 marg.
773 1929 919 1967 Parni.
961 1928 1151 1967 Austrum
1180 1929 1343 1966 Bonon.
1368 1928 1535 1966 Tholos.
1569 1928 1760 1965 Austrum
1787 1926 1854 1964 vel
1896 1927 1993 1965 His-

160 1983 268 2019 trum
303 1980 444 2020 Oxon.
478 1985 679 2030 p1·.—330
708 1986 897 2031 temptata
929 1994 1006 2031 pro
1047 1985 1206 2019 cantata
1239 1981 1403 2019 'l'liuam
1432 1983 1589 2030 captata
1622 1980 1779 2018 Moret.
1802 1990 1865 2028 pr.
1886 1979 1990 2018 Var.

162 2033 248 2073 LL.
284 2033 353 2073 ed.
390 2032 520 2073 Antv.
550 2036 722 2084 pericula
757 2047 832 2084 pro
862 2035 1018 2085 piacula
1038 2034 1138 2080 Vat.
1163 2033 1297 2084 quint.
1333 2033 1452 2071 Med.
1481 2035 1679 2083 pr.—-331
1709 2031 1873 2069 interior
1892 2032 1992 2070 Vat.

161 2091 262 2126 tert.
281 2099 336 2125 m,
361 2090 563 2137 piu—334
592 2091 721 2126 tradet
741 2088 837 2127 Pal.
868 2087 1017 2126 Arabes
1038 2087 1103 2125 vel
1124 2086 1231 2124 atavi.
1250 2087 1369 2124 Med.
1399 2092 1499 2124 tert.
1528 2086 1685 2123 coluisse
1701 2085 1811 2135 Rvg.
1829 2084 1990 2123 Tliuan.

155 2151 229 2190 per
245 2140 373 2178 orbem
394 2141 694 2180 Bonon.--335
728 2141 859 2179 Dacia
881 2140 997 2179 Leid.
1024 2151 1109 2178 sec.
1142 2152 1195 2177 m.
1230 2151 1293 2188 pr.
1327 2139 1409 2177 dno
1426 2139 1544 2178 Vatt.
1578 2138 1692 2176 Pric.
1722 2138 1827 2188 Reg.
1850 2137 1990 2176 Oxou.

160 2204 225 2244 pr.
240 2192 391 2232 Ambr.
416 2199 513 2233 tert.
545 2193 646 2234 Ald.
675 2195 826 2233 Dacica
845 2194 1037 2233 Florent.
1071 2200 1252 2243 quatuor
1285 2192 1402 2231 Med.
1433 2192 1516 2231 inc.
1538 2191 1689 2231 Heius.
1709 2191 1988 2230 Put.Thuan.

985 2301 1157 2341 NOTAE

1109 2392 1339 2443 gitationes
1368 2390 1607 2438 criminum,
1636 2402 1729 2441 quae
1758 2389 1990 2430 turbabant

1109 2460 1307 2494 mentem.
1364 2453 1446 2491 Vel
1477 2464 1553 2503 per
1577 2456 1735 2491 cantata
1753 2454 1905 2502 piacula
1924 2452 1988 2492 in-

210 2396 289 2433 329
329 2395 378 2433 In
411 2393 618 2444 Austrum]
676 2395 837 2434 Contra
866 2399 1041 2433 ventum

157 2456 475 2496 Meridianum:
524 2456 645 2496 nefas
682 2463 822 2496 autem
861 2462 970 2505 erat,
1007 2458 1042 2495 si

156 2518 243 2567 ille,
291 2520 361 2570 qui
403 2526 682 2569 purgamenta
730 2520 800 2558 illa
845 2519 1038 2558 lustralia

157 2581 379 2628 efferebat,
396 2583 649 2632 respiceret,
666 2594 738 2620 seu
756 2588 853 2632 post
874 2588 1038 2630 tergum

157 2647 406 2696 aspiceret3
455 2645 552 2683 ideo
587 2649 696 2683 trans
746 2648 859 2694 caput
896 2643 1042 2682 aversis

155 2708 332 2746 manibus
375 2708 550 2758 projicit
603 2707 760 2746 taedam
812 2706 1040 2745 lustralem.

154 2770 238 2810 Sed
271 2784 347 2809 cur
375 2772 415 2809 in
455 2771 688 2810 Austrum?
730 2770 831 2821 quia
859 2769 1040 2817 scilicet,

155 2846 252 2874 cum
285 2834 528 2873 sacerdotes
562 2833 616 2872 ad
648 2834 789 2872 Solem
812 2832 1037 2870 Orientem

154 2908 274 2936 sacra
307 2895 505 2935 faciendo
542 2902 825 2946 verterentur,
852 2907 1033 2946 cumque

154 2959 316 2999 aversis
372 2959 564 2997 manibus
625 2957 761 2998 facem
816 2958 1034 2996 lustralem

155 3027 271 3062 trans
306 3028 438 3072 caput
463 3021 680 3072 jacerent,
715 3021 868 3060 dextra
905 3021 957 3058 ad
990 3020 1034 3058 id

154 3091 342 3134 utentes,
388 3086 570 3123 naturali
611 3084 793 3136 quodam
835 3085 958 3134 jactu
993 3084 1035 3121 in

154 3148 377 3197 Austrum,
406 3149 478 3200 qui
511 3162 533 3186 a
558 3149 692 3187 latere
715 3147 868 3186 dextro
889 3160 1036 3186 occur-

154 3212 230 3262 rit,
260 3213 376 3252 illam
401 3212 634 3262 jaciebant.
676 3212 812 3260 Velnin
834 3214 1036 3261 Austrum,

153 3273 199 3313 id
214 3281 298 3323 est,
322 3280 473 3313 contra
495 3280 668 3312 ventum
689 3272 954 3323 simpliciter.

211 3339 291 3376 330
335 3336 517 3388 Piacuza]
601 3338 733 3376 Faces
783 3337 1037 3379 videbantur

157 3396 340 3449 auferre,
380 3398 450 3438 vel
489 3398 826 3451 incantamenta,
873 3400 937 3440 vel
967 3411 1036 3440 co-

1110 2517 1272 2567 tellige,
1291 2515 1408 2555 faces
1446 2527 1597 2566 rapere
1636 2528 1776 2554 ¹secum
1810 2515 1987 2555 crimina

1107 2579 1342 2626 incantata,
1374 2590 1448 2616 seu
1482 2577 1737 2616 carminibus
1763 2583 1807 2616 et
1844 2577 1990 2617 incan-

1109 2641 1309 2680 tamentis
1330 2641 1523 2691 depulsa.
1572 2639 1683 2678 Nam
1701 2640 1870 2690 piacula
1885 2644 1986 2680 sunt

1109 2705 1290 2744 crimina
1321 2703 1548 2754 expianda.

1161 2771 1239 2807 333
1288 2766 1489 2816 Flagitat]
1546 2766 1645 2804 Non
1674 2766 1784 2816 quod
1819 2765 1985 2806 deside-

1108 2831 1213 2870 rium
1265 2843 1339 2869 seu
1380 2830 1506 2868 ardor
1550 2827 1715 2879 flagitet
1753 2828 1983 2867 adventum

1104 2895 1334 2944 Principis,
1363 2893 1437 2931 sed
1479 2890 1612 2931 efficit
1640 2901 1686 2930 ut
1726 2893 1907 2930 Senatus
1938 2895 1985 2930 et

1105 2958 1301 3007 populus,
1360 2955 1574 2994 desiderio
1620 2954 1836 3002 ardentes,
1888 2965 1985 2993 eum

1103 3017 1312 3070 flagitent.

1156 3084 1235 3121 335
1266 3081 1436 3132 Dacica]
1505 3083 1612 3121 Cum
1648 3080 1800 3131 Ulpius
1835 3080 1985 3132 Traja-

1102 3158 1177 3184 nus
1198 3145 1302 3184 vicit
1322 3146 1488 3184 Dacos:
1511 3145 1582 3196 qui
1603 3150 1647 3183 et
1662 3145 1769 3183 Davi
1783 3144 1986 3183 dicuntur

1106 3209 1374 3255 aStrabone,
1409 3208 1555 3259 populi
1588 3208 1752 3247 scilicet
1781 3204 1875 3257 πρὸς
1893 3211 1981 3256 Γερ-

1104 3271 1258 3322 μανίαν,
1286 3270 1350 3310 καὶ
1382 3270 1454 3310 τὰς
1488 3271 1559 3309 τοῦ
1584 3267 1902 3322 Ἴστρου-πηγὰς,
1930 3269 1981 3308 ad

1107 3335 1364 3376 Germaniam
1376 3335 1531 3374 etlstri
1540 3333 1688 3383 foratos-
