2300 3906
282 217 392 271 622
832 231 924 270 CL.
966 226 1320 290 CLAUDIAM
1364 223 1535 264 xxu.

283 350 536 413 PonduS,
578 348 675 401 sed
701 347 950 415 geminos
977 361 1135 407 axeS,
1174 342 1495 411 tantumque
1521 345 1765 394 reservat

282 435 614 503 Depositum
641 433 860 494 teneriS,
900 436 1167 498 quantum
1194 429 1292 480 Sol
1316 430 1503 494 igneus
1529 427 1718 479 ambit.
2044 426 2116 478 60

284 517 437 583 Quid
460 535 570 569 non
596 516 899 583 intrepidus
924 514 1137 575 credaS,
1178 512 1270 564 cui
1294 513 1444 579 regia
1467 517 1582 565 tuto

283 602 583 656 Creditur?
662 601 793 652 Hoc
822 600 1020 667 clypeo
1046 599 1284 649 munitus
1312 597 1601 649 Honorius
1626 598 1800 650 altum

282 687 415 740 Non
435 689 640 754 gemuit
663 690 904 754 patrem3
946 686 1186 752 vitaeque
1211 690 1268 735 et
1290 683 1433 735 lucis
1458 685 1515 735 in
1539 684 1664 751 ipso

282 771 518 833 Limine,
558 774 871 822 contemtus
894 785 1179 836 nunquam
1200 768 1295 819 dat
1313 768 1445 836 jura
1469 768 1720 819 subactis

285 855 583 917 Gentibus,
611 860 664 907 et
689 869 878 905 secum
901 854 1062 904 sentit
1087 853 1333 904 crevisse
1353 851 1682 918 triumphos,
2045 849 2120 901 65

283 938 465 1004 Quem
485 945 543 991 tu
574 939 655 990 sic
673 937 901 1004 placida
925 937 1151 997 formaS,
1192 936 1274 986 sic
1297 940 1478 984 mente
1501 948 1719 995 severa,

282 1020 364 1075 Ut
383 1040 557 1090 neque
583 1021 814 1073 desidiae
841 1019 1050 1081 tradas,
1079 1018 1206 1069 dum
1232 1033 1443 1086 pronus
1470 1017 1542 1069 ad
1572 1033 1755 1079 omne,

283 1106 451 1170 Quod
476 1107 631 1168 libet,
659 1104 982 1171 obsequeris
1006 1105 1031 1167 3⁴
1057 1119 1162 1153 nec
1188 1107 1378 1154 contra
1397 1103 1561 1153 nixus
1588 1106 1843 1154 ovantem

283 1192 607 1258 Confringas
633 1191 908 1253 animum3
950 1192 1200 1240 secretus
1227 1201 1472 1239 consona
1493 1202 1659 1253 regno

282 1342 358 1369 non
376 1341 478 1380 opes,
506 1341 583 1367 non
610 1329 755 1378 pondus
781 1326 869 1365 auri
888 1326 1080 1375 relictum,
1097 1328 1164 1365 sed
1186 1325 1392 1377 imperium
1410 1326 1554 1376 duplex
1572 1324 1763 1364 Orientis
1783 1328 1828 1364 et
1850 1324 2120 1375 Occidentis,

282 1387 321 1422 et
340 1383 555 1434 depositum
571 1386 738 1427 tantum,
758 1384 944 1431 quantum
962 1381 1032 1418 Sol
1042 1378 1264 1431 flammifer
1282 1378 1436 1418 circuit.
1496 1378 1604 1423 Quid
1623 1391 1699 1418 non
1717 1391 1871 1418 securus
1901 1380 2123 1418 committas

281 1436 362 1485 illi,
379 1435 441 1475 cui
460 1436 549 1474 aula
562 1447 693 1474 secure
711 1432 1001 1474 committitur?
1059 1433 1259 1472 Honorius
1272 1432 1539 1471 corroboratus
1558 1432 1629 1470 Ιιοο
1644 1436 1750 1471 scuto
1769 1433 1909 1483 potuit
1930 1445 2004 1472 non
2021 1433 2122 1471 desi-

282 1490 419 1530 derare
440 1494 594 1540 patrem
608 1491 821 1537 augustum
840 1501 857 1534 ;
884 1492 923 1527 et
953 1487 996 1525 in
1014 1487 1096 1538 ipso
1114 1488 1225 1525 aditu
1244 1486 1336 1525 vitae
1355 1490 1392 1525 et
1424 1486 1596 1537 luminis,
1613 1498 1806 1537 nunquam
1823 1489 1989 1536 spretus,
2003 1486 2124 1536 impo-

281 1543 343 1582 nit
360 1545 464 1592 leges
475 1542 625 1593 populis
641 1541 772 1591 victis,
791 1545 829 1579 et
844 1541 1047 1592 experitur
1066 1540 1251 1579 victorias
1269 1552 1397 1578 secum
1416 1539 1592 1578 crevisse.
1615 1539 1739 1583 Quem
1757 1539 1999 1578 Honorium
2019 1544 2079 1587 tu,
2096 1551 2121 1578 o

283 1596 476 1646 Stilicho,
492 1595 551 1634 ita
566 1594 756 1642 instituis,
770 1595 829 1633 ita
849 1595 978 1633 animo
989 1593 1135 1643 rigido,
1155 1597 1198 1631 ut
1217 1604 1335 1643 neque
1353 1594 1471 1631 dedas
1485 1604 1581 1631 eum
1601 1592 1770 1641 inertice,
1784 1593 1875 1631 dum
1886 1592 2027 1640 facilis
2038 1591 2126 1632 obe·

284 1650 345 1688 dis
360 1650 411 1688 ad
430 1649 573 1697 omnia,
593 1660 678 1699 quoe
695 1649 850 1699 placent
868 1648 962 1698 ipsi,
977 1658 1096 1697 neque
1113 1649 1250 1684 contra
1269 1645 1451 1685 resistens
1469 1645 1628 1695 dejicias
1647 1647 1813 1685 indolem
1831 1646 1921 1698 ejus
1942 1647 2123 1685 exultan-

282 1707 359 1742 tem
374 1718 388 1743 .·
402 1709 450 1742 ut
465 1706 607 1742 secreto
622 1703 777 1741 edoceas
792 1701 909 1740 illum
923 1702 1026 1740 velut
1042 1700 1336 1750 adolescentem,
1350 1711 1401 1738 ea
1420 1711 1516 1751 quae
1529 1700 1649 1739 utilia
1666 1705 1768 1739 sunt
1787 1699 1971 1752 ImperiO,
1982 1712 2027 1739 ea
2039 1711 2123 1751 quoe

1055 1818 1351 1835 ‘Meemeeeo

282 1907 389 1943 —60
423 1904 667 1955 Depositum.
703 1916 799 1943 cnm
836 1902 969 1956 τελείᾳ
1004 1906 1153 1956 στιγμῇ
1172 1906 1334 1945 Mazar.
1361 1904 1520 1943 Moret.
1551 1915 1637 1942 sec.
1665 1904 1784 1942 terris
1805 1902 1888 1942 dno
1904 1901 2055 1942 Leidd.
2076 1906 2122 1942 et

282 1958 455 2007 plurimi
473 1958 640 2007 scripti,
654 1958 760 1996 Exc.
790 1958 970 1997 Gevart.
1004 1963 1050 1996 et
1072 1959 1250 1997 Lucens.
1270 1970 1354 1997 sec.
1382 1958 1526 1996 teneris
1543 1957 1613 1995 vel
1632 1957 1750 1995 terris
1770 1956 1867 1995 Vat.
1889 1962 1989 1995 tert.
2006 1956 2122 1996 Prie.

282 2011 474 2050 Florent.
492 2010 646 2059 Petav.
668 2014 875 2049 tert.-61
918 2012 1053 2050 credas
1071 2011 1147 2049 tibi
1166 2012 1265 2050 Vat.
1285 2016 1384 2049 tert.
1429 2021 1542 2050 curas
1559 2022 1645 2048 cum
1662 2010 1756 2048 Pal.
1779 2010 1897 2048 Med.
1923 2021 1988 2060 pr.
2025 2022 2121 2059 gra-

282 2064 344 2103 tia
362 2063 633 2102 'limam—63
665 2064 750 2102 Nec
768 2063 935 2102 Thuan.
975 2064 1115 2113 genuit
1141 2068 1323 2115 preestem
1340 2064 1466 2102 Voss.
1502 2075 1558 2101 m.
1592 2075 1656 2113 pr.
1691 2067 1863 2114 prestem
1892 2063 2013 2103 Leid.
2034 2075 2125 2102 sec.

284 2129 340 2156 m.
360 2119 536 2167 piu—64
565 2116 712 2155 Limite
738 2115 890 2157 Ambr.
920 2129 984 2167 pr.
1016 2117 1181 2156 Lumine
1201 2117 1296 2157 Pal.
1317 2117 1419 2156 Put.
1437 2117 1522 2156 duo
1540 2116 1659 2156 Med.
1694 2117 1860 2156 Lumine
1879 2118 1946 2156 vel
1966 2116 2123 2156 Limine

284 2170 404 2209 Med.
437 2181 501 2220 pr.
535 2170 641 2220 Reg.
677 2170 821 2208 Oxon.
858 2182 921 2220 pr.
968 2175 1169 2210 contentus
1201 2171 1325 2209 Farn.
1358 2169 1442 2210 duo
1462 2171 1579 2209 Vatt..
1614 2170 1698 2209 duo
1725 2170 1847 2209 Med.
1869 2170 1974 2210 Exc.
1995 2170 2122 2210 Laeti.

280 2223 514 2273 contemptis
531 2223 628 2262 Pat.
656 2227 897 2274 contemptus
910 2224 1102 2264 Florent.
1126 2224 1209 2263 duo
1229 2223 1347 2263 Med.
1365 2225 1447 2263 inc.
1473 2223 1618 2263 Heins.
1638 2225 1798 2263 Mazar.
1820 2225 1986 2265 Bonon.
2005 2223 2124 2263 Tho-

281 2277 360 2315 los.
393 2277 497 2316 Lov.
528 2277 687 2316 Moret.
717 2288 784 2326 pr.
806 2277 958 2316 PetaV.
987 2289 1070 2317 sec.
1092 2282 1178 2316 tres
1202 2276 1351 2317 Ambr.
1372 2278 1479 2317 Exc.
1499 2278 1665 2316 Schott.
1685 2284 1729 2317 et
1764 2278 1947 2317 Lucens.
1971 2291 2032 2329 pr.
2053 2277 2122 2318 ed.

283 2329 430 2369 Parm.
450 2335 496 2369 et
514 2329 660 2368 Vicet.
687 2331 756 2369 dat
776 2342 983 2381 numquam
1004 2331 1106 2371 Jun.
1127 2335 1301 2380 ρι·.-65
1332 2331 1452 2370 sentit
1470 2343 1597 2370 secum
1618 2332 1723 2382 Reg.
1742 2331 1884 2370 Oxon.
1906 2343 1973 2381 pr.
2001 2333 2124 2370 sensit

284 2383 369 2422 duo
398 2382 552 2422 Leidd.
573 2388 620 2421 et
639 2384 822 2422 maxima
843 2383 976 2423 Codd.
999 2396 1115 2434 pars,
1136 2385 1242 2424 Exc.
1263 2384 1442 2424 Gevart.
1476 2385 1659 2427 LucenS.
1682 2397 1746 2435 pr.
1771 2383 1867 2423 Ald.
1887 2384 1954 2423 ed.
1979 2384 2123 2425 vicet.

284 2439 392 2475 -66
420 2441 463 2475 tu
483 2436 670 2475 Florent.
690 2442 874 2488 quatuor
895 2437 1015 2476 Med.
1046 2439 1209 2477 Bonon.
1238 2437 1337 2477 Pat.
1364 2444 1452 2477 tres
1474 2436 1623 2477 Ambr.
1643 2438 1724 2478 inc.
1742 2438 1892 2477 Heius,
1915 2439 2020 2477 Exc.
2044 2438 2126 2477 Lu-

284 2501 402 2528 cens.
437 2501 503 2540 pr.
543 2488 611 2529 ed.
634 2488 777 2529 vicet.
822 2493 915 2529 tunc
949 2490 1070 2531 Med.
1103 2496 1241 2543 quart.
1277 2490 1412 2539 forma
1438 2491 1587 2530 Petav.
1607 2504 1691 2531 sec.
1719 2492 1867 2543 firmas
1887 2490 2036 2530 Ambr.
2057 2503 2125 2542 pr.

283 2544 416 2592 quieta
434 2544 534 2582 Vat.
555 2543 688 2594 quint.
717 2556 772 2583 m.
792 2555 859 2593 pr.
885 2555 1018 2582 severa
1049 2545 1243 2583 Florent.
1273 2545 1356 2582 dno
1387 2545 1507 2583 Med.
1553 2557 1686 2583 serena
1721 2545 1805 2583 dno
1843 2545 1993 2584 Leidd.
2028 2544 2124 2586 Pal.

283 2596 409 2635 Farn.
437 2596 554 2636 Pric.
583 2596 665 2635 duo
704 2597 823 2636 Med.
859 2597 943 2637 inc.
980 2597 1130 2637 Heius.
1164 2603 1251 2637 vet.
1284 2597 1390 2648 Gyr.
1408 2598 1532 2638 Voss.
1559 2599 1663 2637 Lov.
1683 2611 1739 2637 m.
1763 2610 1827 2649 pr.
1852 2598 2005 2638 Petav.
2035 2611 2122 2639 sec.

284 2648 388 2688 Put.
409 2650 507 2688 Pat.
528 2649 678 2688 Ambr.
700 2662 784 2689 see.
800 2650 906 2690 Exc.
927 2651 1110 2691 Gevart.
1133 2657 1178 2691 et
1198 2651 1378 2691 anens.
1400 2663 1484 2692 sec.
1512 2664 1644 2691 severa
1665 2652 1732 2691 vel
1761 2664 1896 2692 serena
1914 2653 2016 2691 Vat.
2037 2664 2123 2692 sec.

287 2703 392 2750 Reg.
415 2702 557 2741 Oxon.
575 2707 766 2742 sem—67
794 2705 928 2742 credas
946 2705 1047 2743 Vat.
1083 2717 1168 2745 sec.
1197 2717 1253 2744 m.
1282 2717 1345 2755 pr.
1388 2718 1475 2745 cum
1499 2706 1670 2744 Tholos.
1698 2709 1848 2756 tempus
1868 2707 2017 2745 Petav.
2037 2717 2124 2746 sec·

286 2755 398 2795 mitis
415 2756 516 2795 Put.
544 2769 655 2796 omen
677 2757 782 2808 Reg.
804 2757 947 2796 Oxou.
967 2770 1032 2807 pr.
1061 2771 1209 2797 omnem
1227 2758 1349 2797 Leid.
1364 2771 1448 2798 sec.
1470 2771 1522 2799 ni.
1543 2772 1606 2810 pr.
1626 2759 1723 2798 Pat.
1746 2759 1864 2798 Med.
1885 2766 1985 2799 tert.
2013 2771 2125 2799 omen

287 2810 356 2849 vel
384 2822 492 2849 omne
512 2809 665 2849 Petav.
682 2814 856 2861 pr.—68
888 2811 1093 2856 Quidlibet
1113 2813 1269 2851 Moret.
1292 2824 1377 2852 sec.
1411 2813 1526 2856 Quod
1542 2814 1671 2864 placet
1686 2812 1833 2852 Ambr.
1856 2825 1943 2851 sec.
1972 2825 2019 2852 ne
2036 2825 2125 2853 con-

286 2867 352 2902 tra
371 2863 469 2903 Vat.
500 2876 565 2914 pr.
595 2870 638 2902 et
671 2876 757 2905 sec.
790 2877 845 2902 m.
882 2877 943 2914 pr.
965 2865 1155 2904 Florent.
1188 2865 1308 2905 Med.
1329 2879 1392 2917 pr.
1420 2879 1540 2918 neque
1562 2867 1689 2905 Farn.
1719 2867 1826 2906 nisus
1847 2867 1998 2907 Petav.
2021 2871 2122 2906 tert.

284 2919 394 2955 -69
424 2917 684 2967 Constringas
707 2918 812 2958 Lov.
840 2919 1015 2969 stringas
1030 2931 1080 2958 an
1099 2919 1228 2958 virum
1254 2921 1383 2959 Farn.
1411 2932 1479 2959 ceu
1497 2933 1631 2959 cernas
1650 2921 1925 2964 Petavaert.
1954 2920 2125 2960 secernis

1107 3025 1285 3066 NOTAE

338 3104 391 3141 63
423 3101 515 3141 Non
531 3104 703 3155 gemuit]
756 3105 857 3144 Non
889 3105 1001 3157 quod
1023 3106 1169 3146 Hono·
1237 3111 1433 3163 populos,
1460 3115 1506 3149 et
1541 3122 1567 3150 a
1613 3110 1783 3150 nemine
1826 3115 1979 3150 tenera
2027 3110 2121 3163 ejus

287 3163 376 3204 rius
407 3176 493 3204 non
527 3164 751 3205 defleverit
783 3172 949 3218 patrem
976 3169 1170 3209 Theodo-
1238 3179 1344 3213 aetas
1362 3172 1665 3223 contemnitur,
1696 3179 1841 3211 tutore
1871 3173 2121 3213 Stilichone.

287 3226 412 3278 sium,
456 3227 531 3267 sed
567 3229 677 3281 quod
715 3231 906 3281 potuerit
946 3244 1044 3271 eum
1085 3245 1170 3273 non
1290 3239 1342 3275 67
1372 3234 1550 3274 Desidiae
1579 3233 1734 3284 tradas]
1791 3234 1860 3274 Ita
1879 3234 2044 3286 obedis,
2073 3240 2122 3276 ut

285 3289 566 3341 desiderare,
587 3305 712 3344 quem
743 3294 786 3333 in
816 3293 1051 3335 Stilichone
1090 3297 1172 3336 sibi
1239 3309 1323 3337 non
1356 3297 1451 3336 ideo
1490 3295 1564 3335 fiat
1600 3298 1743 3344 iners;
1772 3297 1833 3336 ita
1864 3298 2044 3349 resistis,
2072 3303 2125 3340 ut

287 3354 564 3405 superstitem
585 3356 744 3395 habere
764 3356 1006 3399 videbatur.
1237 3360 1401 3398 animus
1422 3359 1705 3399 adolescentis
1727 3372 1874 3411 ovans,
1903 3360 2125 3414 exultans,

342 3420 396 3459 64
436 3417 612 3471 Limine]
667 3419 718 3459 In
737 3419 832 3472 ipsa
851 3419 1035 3463 infantia
1055 3422 1170 3476 regit
1235 3424 1366 3464 alacri
1400 3424 1587 3477 laetaque
1623 3423 1769 3464 indole
1822 3436 1868 3465 se
1920 3436 2120 3478 exerens,
