2300 3906
648 211 889 251 RAPTUS
918 211 1213 252 PROSERP.
1244 214 1363 253 Llss.
1393 214 1459 253 11.

2 396 13 413 x
0 358 1 365 ⁴
0 284 7 291 ³
6 248 15 257 x
0 207 9 228 ’ἰ
0 0 23 190 ἱηᾞςξςῇςᾞ

43 218 57 234 ο

153 319 427 374 Pacificas
447 323 596 374 rubri
620 326 865 377 torsisset
886 326 1128 378 fulminis
1153 327 1293 390 alaS,

153 403 457 468 Confessus
483 422 748 459 socerum.
824 409 1044 461 Nimbis
1070 410 1411 478 Hymenaeus
1430 408 1631 461 hiulcis

154 486 394 550 Intonat,
419 493 474 540 et
494 494 661 542 testes
687 491 898 544 firmant
923 494 1200 544 connubia
1218 494 1472 546 fiammae.

0 630 7 644 w
154 570 356 623 Invitae
382 589 596 625 cessere
625 575 783 628 Deae.
858 576 1218 643 Compescuit
1242 593 1429 629 arcum

4 670 11 729 ς
156 655 298 707 Cum
324 658 543 723 gemitu,
567 659 811 726 talesque
836 659 983 710 dedit
1007 659 1240 711 Latonia
1261 674 1428 711 voces
1450 676 1462 712 ε

4 735 13 765 ³
230 740 322 792 Sis
346 757 571 804 memor,
597 759 648 804 o,
674 743 1006 810 longumque
1032 744 1169 795 vale.
1246 743 1572 796 Reverentia
1596 745 1769 811 patris

0 877 11 897 Ἴ,
159 822 386 875 Obstitit
410 825 646 877 auxilio:
684 842 786 878 nec
811 843 913 879 nos
940 827 1225 879 defendere
1248 833 1436 881 contra

0 900 21 1000 t?
159 906 487 960 PossumuS.
566 909 810 977 Imperio
837 911 980 963 vinci
1006 910 1212 978 majore
1237 910 1487 963 fatemur.

161 990 228 1041 In
253 996 307 1043 te
334 993 582 1060 conjurat
605 994 836 1058 genitor,
862 996 1185 1062 populoque
1207 995 1390 1047 silenti

160 1074 431 1139 TraderiS,
460 1076 565 1127 heu
587 1077 821 1144 cupidas
847 1095 950 1130 non
978 1083 1270 1146 aspectura
1295 1095 1523 1142 sororeS‚

1857 827 1965 879 235

160 1186 321 1237 Jupiter
351 1186 513 1226 nubibus
552 1188 749 1227 commotis
775 1188 970 1237 jaculatus
1004 1188 1151 1236 suisset
1180 1199 1325 1238 pennus
1352 1188 1522 1238 placidus
1541 1187 1728 1236 fulminis
1755 1188 1972 1236 rubicundi,

161 1241 354 1288 confessus
372 1252 415 1279 se
433 1252 525 1279 esse
544 1252 728 1280 socerum.
785 1241 1024 1292 Hymenaeus
1052 1241 1230 1290 designat
1258 1242 1421 1287 tonitru,
1438 1241 1596 1280 nubibus
1626 1241 1915 1291 dehiscentibus,
1934 1246 1972 1279 et

163 1293 277 1354 ignes
294 1293 435 1331 conscii
450 1293 677 1344 confirmant
695 1295 1000 1333 ‚nutrimentum
1030 1294 1125 1332 Deae
1143 1295 1375 1332 reluctantes
1394 1298 1637 1333 recesserunt.
1671 1294 1798 1333 Diana
1811 1294 1975 1332 retinuit

10 1359 22 1425 i
154 1345 328 1394 jaculum
346 1357 430 1383 cum
451 1345 570 1394 fletu,
586 1349 623 1383 et
651 1345 759 1384 dixit
786 1348 886 1384 ‘talia
918 1346 1056 1385 verba.-
1093 1347 1130 1384 Ο
1153 1346 1423 1396 Proserpina,
1455 1351 1638 1385 memento
1657 1347 1802 1394 nostri,
1833 1349 1871 1384 et
1895 1346 1978 1383 eale

164 1402 352 1437 (eternum
369 1412 381 1436 .·
408 1398 534 1447 pietus
554 1396 595 1434 in
621 1401 775 1446 patrem
799 1398 951 1437 Jovem
979 1398 1180 1447 impedivit
1211 1411 1317 1446 opem
1337 1405 1536 1446 nostram,
1568 1403 1604 1436 et
1635 1411 1703 1436 nos
1722 1410 1795 1436 non
1810 1399 1976 1436 calemus

165 1451 267 1490 tueri
286 1455 329 1489 te
350 1454 486 1488 contra
504 1449 619 1488 illum
640 1462 649 1487 :
679 1449 904 1501 confitemur
924 1462 996 1488 nos
1014 1449 1189 1500 superari
1204 1452 1392 1499 potestate
1411 1453 1615 1500 superiore.
1649 1451 1767 1488 Pater
1785 1450 1976 1499 conspirat

10 1510 21 1538 t
166 1507 301 1543 contra
330 1507 382 1548 te,
416 1506 454 1541 et
479 1502 663 1552 traderis,
692 1501 795 1541 heu!
823 1502 970 1540 umbris
996 1502 1144 1550 tacitis,
1175 1514 1250 1540 non
1275 1502 1406 1539 visura
1442 1514 1589 1540 sorores
1619 1502 1914 1551 amantissimus,
1941 1506 1979 1540 et

941 1592 1206 1607 “O‘'‘O‘UO‘

170 1649 374 1699 Paciferas
393 1649 491 1688 Vat.
512 1649 647 1700 quint.
666 1648 774 1687 rubei
792 1648 891 1686 Vat.
915 1659 979 1697 pr.
997 1647 1161 1685 misisset
1183 1646 1274 1685 Pal.
1291 1646 1405 1686 Med.
1424 1658 1486 1696 pr.
1496 1645 1677 1693 fulminis
1690 1646 1852 1684 Bonon.
1868 1645 1979 1685 Tho-

168 1703 244 1743 los.
266 1708 352 1750 vet.
375 1703 479 1754 Gyr.
502 1703 679 1753 Raphel.
701 1701 860 1740 luminis
874 1712 1017 1740 omues
1034 1700 1150 1738 Vatt.
1171 1700 1262 1740 Pal.
1280 1700 1381 1738 Put.
1397 1700 1582 1738 chartac.
1603 1699 1751 1737 Heius.
1771 1699 1870 1738 Jun.
1892 1709 1981 1737 sec.

172 1756 313 1796 Oxou.
334 1768 420 1795 sec.
441 1769 495 1795 m.
517 1768 580 1806 pr.
601 1761 702 1794 tres.
717 1754 870 1793 Petav.
892 1752 1251 1792 Cod.'Bartliolin.
1270 1752 1426 1791 hminis
1438 1751 1694 1798 velsulminis
1714 1752 1818 1800 Reg.
1842 1751 1980 1789 Oxou.

174 1813 376 1859 pin—230
408 1809 603 1857 Confessis
635 1808 734 1846 Vat.
755 1821 839 1846 sec.
864 1805 1087 1854 Confessum
1106 1805 1254 1844 Pet-av.
1284 1817 1366 1845 sec.
1386 1806 1444 1843 sic
1466 1804 1598 1843 Laud.
1628 1805 1774 1843 Seren.
1794 1807 1859 1842 81.
1884 1804 1984 1842 Con·

163 1861 283 1910 fessae
300 1864 435 1913 plausu
453 1864 663 1901 dominam.
706 1872 874 1900 socerum
892 1861 1016 1899 Voss.
1035 1870 1099 1909 pr.
1113 1857 1212 1897 And.
1232 1859 1333 1896 var.
1355 1859 1438 1896 LL.
1456 1870 1479 1896 e
1499 1870 1626 1906 marg.
1647 1857 1788 1895 Parm.
1809 1855 1983 1905 Raphel.

172 1928 359 1965 generum
378 1916 484 1955 cod.
514 1914 748 1954 Bartholin.
769 1916 964 1963 chartac„
986 1911 1136 1950 Heius.
1158 1911 1310 1950 Ambr.
1333 1916 1432 1949 tert.
1463 1910 1529 1950 ed.
1552 1911 1691 1949 Parin.
1722 1915 1766 1948 et
1785 1908 1982 1947 vicet.—

175 1972 252 2008 231
283 1971 417 2008 tristes
437 1980 512 2018 pro
540 1971 656 2007 testes
675 1967 1032 2016 Oxon.pr.—232
1062 1964 1255 2003 Attonitoe
1274 1975 1415 2002 cessere
1448 1964 1545 2002 Deoe
1578 1963 1676 2003 Jun.
1709 1974 1794 2000 sec.
1822 1971 1983 2010 compes-

174 2023 256 2062 cuit
300 2022 382 2060 iras
420 2022 654 2061 Fun-234
682 2019 821 2070 Sisque
854 2030 996 2057 memor
1014 2017 1242 2067 longumque
1275 2017 1372 2058 Jun.
1397 2019 1590 2067 pr.-—235
1620 2028 1683 2054 vos
1709 2016 1809 2054 Vat.
1831 2020 1984 2053 tert.—

1000 2110 1173 2150 NOTAE

234 2197 314 2235 229
343 2191 555 2246 Pacificas]
582 2191 751 2231 Primus
771 2189 957 2229 fulminis
965 2190 1059 2241 jac-

171 2263 266 2307 tus,
286 2256 358 2308 qui
379 2259 555 2306 pacatus
575 2259 657 2303 est,
675 2258 720 2292 et
736 2258 890 2290 monet.

236 2318 383 2370 Rubri]
427 2319 599 2360 Fulmen
638 2316 810 2356 rubrum
839 2325 1058 2355 consecra·

184 2393 271 2428 tum
295 2386 405 2437 paci.

239 2449 435 2490 Fulminis
452 2445 552 2496 alas]
582 2444 674 2484 Alae
700 2442 866 2483 fulmini
886 2441 1058 2480 tributae

184 2517 283 2554 sunt
312 2512 365 2552 ob
400 2509 683 2550 celeritatem.
752 2506 952 2545 Ceterum
973 2503 1058 2552 ful-

187 2576 290 2616 mine
309 2574 479 2625 Jupiter
502 2571 652 2619 foedera
669 2569 794 2608 sancit
816 2580 888 2606 seu
909 2564 1060 2606 confir-

187 2644 290 2690 mat,
309 2643 352 2678 et
373 2634 653 2675 matrimonia.
681 2630 908 2681 Virgilius:
940 2628 952 2649 ‘
966 2628 1061 2667 Ful-

187 2714 279 2743 sere
308 2701 429 2752 ignes
449 2704 494 2737 et
513 2695 708 2736 conscius
737 2693 871 2733 aether
897 2691 1062 2731 Connu-

190 2760 277 2816 bii,’'
295 2765 376 2803 διο.

242 2830 323 2867 230
352 2821 609 2877 Hymenoeus]
636 2819 718 2860 Vel
747 2818 913 2869 Hymen
935 2813 1065 2866 Apol-

191 2892 286 2931 linis
305 2895 351 2930 et
370 2888 597 2938 Calliopes,
614 2896 690 2924 seu
707 2881 898 2930 Uraniae,
926 2878 1037 2918 filius
1055 2891 1065 2926 ;

194 2955 277 3005 vel,
296 2951 525 2992 secundum
546 2948 661 2997 alim,
677 2944 832 2985 Bacchi
860 2948 905 2982 et
931 2941 1067 2981 Vene-

193 3018 268 3059 ris.
286 3017 405 3056 Deus
427 3023 665 3065 praesesque
693 3008 934 3058 nuptiarum
953 3003 1069 3043 habi-

195 3088 264 3122 tus
283 3085 366 3120 est.
424 3076 508 3116 Alii
527 3074 673 3113 dicunt
693 3072 974 3123 Hymenaeum
995 3065 1069 3106 At-

198 3145 328 3184 ticum
354 3141 558 3192 juvenem
591 3135 736 3184 fuisse,
767 3133 836 3184 qui
870 3135 1014 3181 raptas
1046 3140 1070 3167 a

198 3205 435 3246 latronibus
454 3200 667 3251 Virgines,
683 3194 926 3248 parentibus
942 3193 1072 3231 intac-

199 3276 266 3311 tas
285 3265 490 3314 restituit,
504 3269 548 3303 et
566 3261 661 3301 ideo
684 3260 725 3298 in
738 3256 897 3308 nuptiis
912 3256 1075 3294 invoca-

202 3339 271 3374 tus
287 3335 367 3379 est,
382 3335 583 3380 tanquam
596 3322 794 3363 defensor
808 3316 1075 3370 virginitatis.
1141 3308 1224 3359 βία,
1245 3306 1322 3347 Dei

1126 2193 1206 2238 est,
1251 2187 1445 2238 designat
1487 2185 1654 2237 nuptias
1702 2196 1776 2236 per
1822 2183 1992 2223 tonitru.

1126 2250 1387 2299 Hymenaeus
1400 2248 1570 2299 ponitur
1585 2247 1709 2284 etiam
1729 2258 1804 2295 pro
1819 2245 1991 2296 nuptiis,

1126 2316 1174 2349 ut
1205 2309 1396 2349 Bacchus
1430 2321 1508 2359 pro
1540 2308 1646 2347 vino.
1700 2307 1824 2345 Nova
1855 2311 1993 2357 nupta

1126 2373 1263 2423 ignem
1285 2378 1327 2410 et
1348 2383 1498 2422 aquam
1510 2368 1746 2420 jubebatur
1765 2368 1989 2418 attingere.

1129 2435 1255 2474 Unde
1294 2433 1426 2473 Ovid.
1471 2436 1482 2454 ‘
1504 2432 1620 2473 Quos
1659 2429 1819 2469 faciunt
1851 2430 1990 2480 justos

1125 2497 1231 2549 ignis
1270 2502 1313 2535 et
1351 2494 1462 2534 unda
1495 2492 1637 2532 viros.'
1706 2491 1829 2531 Unde
1864 2491 1992 2531 etiam

1125 2560 1238 2613 apud
1256 2557 1590 2601 ,Iurisconsultus
1609 2558 1620 2576 ⁴
1640 2555 1840 2605 excipere
1856 2554 1998 2606 conju·

1127 2635 1221 2675 gem
1242 2634 1351 2672 aqua
1371 2627 1416 2660 et
1435 2619 1561 2671 igne,’
1580 2618 1620 2657 id
1644 2623 1723 2668 est,
1743 2617 1926 2674 ducere..

1181 2687 1259 2725 232
1288 2683 1404 2733 Deoe]
1432 2681 1575 2721 Pallas
1589 2686 1633 2719 et
1649 2679 1805 2726 Diana,
1820 2678 1994 2717 Latonae

1128 2747 1230 2797 filia,
1250 2747 1431 2798 ideoque
1450 2744 1562 2784 dicta
1582 2742 1772 2782 Latonia.

1185 2813 1262 2850 234
1291 2809 1537 2858 Longumque
1564 2804 1666 2854 vale]
1693 2804 1788 2842 Vox
1805 2806 1871 2842 est
1887 2801 1997 2840 vale·

1132 2872 1358 2912 dicentium
1374 2883 1385 2918 ;
1406 2868 1636 2909 absentiam
1649 2864 1924 2904 miserabilem
1938 2863 1999 2902 in·

1134 2934 1314 2973 sinnam.
1371 2931 1483 2973 Quin
1508 2936 1552 2969 et
1585 2934 1770 2968 mortuos
1801 2927 1878 2965 hac
1897 2924 2002 2985 salu·

1136 2998 1313 3046 tatione,
1333 3001 1533 3046 tanquam
1554 3004 1637 3031 non
1657 2989 1834 3040 amplius
1854 2998 1924 3027 eos
1942 2986 1999 3025 vi·

1135 3060 1236 3110 suri,
1256 3057 1540 3097 dimittebant.
1707 3098 1712 3101 ¹

1189 3125 1267 3162 235
1291 3122 1372 3160 Nec
1383 3117 1597 3170 possumus]
1615 3111 1786 3154 Etiamsi
1802 3110 1999 3150 vellemus

1139 3189 1183 3224 te
1203 3181 1453 3229 defendere,
1470 3190 1551 3218 non
1572 3184 1798 3229 possumus.

1194 3249 1274 3286 236
1303 3242 1471 3294 Imperio
1495 3236 1654 3289 mnjore]
1695 3234 1779 3274 Hic
1807 3236 1888 3283 est,
1904 3231 2002 3270 Θεοῦ

1338 3305 1412 3355 vis,
1427 3304 1494 3344 cui
1512 3300 1708 3341 resistere
1721 3306 1843 3335 nemo
1857 3297 2002 3347 queat.

203 3392 405 3437 Heinsius
422 3389 587 3431 mavult.
601 3385 831 3437 Hymeneon
847 3381 1015 3431 intonat,
1034 3377 1077 3417 id
1143 3371 1344 3424 Virgilius
1364 3383 1374 3409 ι
1402 3369 1415 3391 ‘
1431 3365 1572 3417 Major
1591 3360 1677 3414 agit
1694 3357 1841 3400 Deus:
