2300 3906
754 212 833 250 nn
875 211 1072 250 nunno
1111 211 1331 251 cnrlco
1373 211 1492 252 Lm.
1921 203 2029 258 733

219 327 566 392 Permittens„
593 328 852 395 credique
878 328 1072 393 timor-3
1110 333 1224 381 tum
1250 331 1464 383 somnia
1486 330 1655 396 vulgo

220 412 476 476 Narrari3
516 417 632 462 tum
654 416 893 465 monstra
919 412 1115 474 Deum,
1140 416 1485 481 monitusque
1509 414 1747 466 sinistri:

220 495 371 559 Quid
396 496 719 546 meditentur
744 511 891 556 aveS,
919 496 1051 563 quid
1077 511 1203 547 cum
1231 499 1546 549 mortalibus
1570 497 1737 550 aether
1925 495 2031 550 230

218 579 510 630 Fulmineo
538 578 665 628 velit
689 579 809 643 igne
829 579 1004 646 loqui,
1029 579 1159 647 quid
1183 580 1423 631 carmine
1447 588 1649 649 poscat

218 661 471 713 Fatidico
498 667 693 712 custos
722 662 960 714 Romani
988 664 1255 715 carbasus
1278 650 1404 716 aevi.

216 745 454 797 Territat
479 746 736 797 assiduus
763 746 935 799 Lunae
963 748 1135 810 labor,
1163 751 1388 816 atraque
1414 747 1631 799 Phoebe

218 827 501 880 Noctibus
530 830 797 883 aerisonas
824 831 1028 883 crebris
1053 831 1264 884 ululata
1288 848 1386 899 per
1410 832 1591 883 urbes.

217 1017 255 1053 et
273 1013 368 1053 sinit
387 1015 510 1052 multa
517 1013 627 1065 fingi
647 1028 692 1054 ac
722 1019 842 1066 credi,
874 1022 965 1058 tunc
992 1019 1156 1070 somnia,
1189 1022 1279 1058 tunc
1307 1022 1346 1058 et
1371 1021 1554 1071 portenta
1587 1017 1780 1067 Deorum,
1802 1016 2032 1068 funestaque

215 1067 362 1106 monita
392 1068 537 1117 passim
574 1076 796 1118 coeperunt
831 1072 995 1118 referri.-
1067 1077 1128 1121 et,
1171 1073 1278 1122 quid,
1333 1071 1519 1119 aiebant,
1568 1072 1738 1110 volueres
1772 1071 2002 1121 portendant
2021 1083 2038 1116 ,·

214 1121 308 1170 quid
335 1121 482 1159 Coelum
511 1122 591 1158 vult
623 1122 749 1160 dicere
776 1123 991 1162 hominibus
1022 1124 1114 1173 igne
1138 1124 1351 1172 futminis5
1379 1125 1471 1174 quid
1501 1124 1662 1162 linteum
1693 1123 1882 1173 Sibyllae,
1911 1134 2034 1162 asser-

214 1185 310 1211 vans
327 1176 476 1224 tempus
510 1173 677 1213 Romani
710 1174 894 1226 imperii,
917 1178 1018 1226 petit
1050 1177 1222 1215 versibus
1249 1176 1567 1216 vaticinantibus.
1623 1176 1793 1226 Eclz‘psis
1812 1176 1933 1214 Lunoe
1950 1187 2036 1215 con-

219 1226 331 1265 tinua
349 1230 484 1279 terret,
510 1230 549 1266 et
580 1228 671 1266 luna
690 1228 806 1277 nigra
835 1241 910 1279 per
940 1231 1082 1269 multas
1109 1233 1238 1269 noctes
1256 1231 1406 1269 ululata
1427 1234 1492 1268 est
1520 1241 1590 1279 per
1619 1229 1732 1268 urbes
1749 1232 1924 1268 sonantes
1942 1240 2034 1267 (ενι.

983 1345 1274 1360 ΟΙΙ-ΙΙΙΦΟΙΟΟΟ

216 1439 330 1479 quam
344 1427 514 1478 plurima
531 1427 649 1468 Pric.
671 1429 833 1468 Mazar.
863 1428 964 1467 Pat.
985 1428 1089 1473 Lov.
1118 1440 1265 1478 quoque
1286 1429 1444 1467 Moret.
1474 1439 1560 1467 sec.
1578 1425 1605 1479 ᾇ
1619 1427 1782 1465 Thuan.
1813 1430 1902 1477 quot
1931 1427 2034 1466 Vat.

217 1486 322 1520 tert.
345 1481 462 1519 Med.
484 1493 548 1531 pr.
568 1482 649 1521 inc.
670 1483 822 1521 Heius.
842 1482 1001 1520 Moret.
1018 1494 1082 1532 pr.
1104 1481 1258 1521 Petav.
1275 1494 1360 1521 sec.
1381 1483 1543 1520 Bonon.
1561 1481 1725 1520 Tholos.
1740 1480 1842 1519 Var.
1865 1480 1950 1519 LL.
1970 1479 2036 1518 ed.

216 1533 349 1573 Antv.
368 1546 424 1573 m.
444 1538 647 1584 ρι’.-228
675 1535 930 1573 Praemittens
948 1533 1096 1573 Ambr.
1119 1540 1220 1574 tert.
1249 1539 1332 1573 tum
1357 1536 1457 1585 Reg.
1476 1535 1632 1573 Moret.
1654 1546 1715 1583 pr.
1744 1537 1834 1571 tunc
1855 1538 2039 1583 quatuor

216 1586 338 1626 Vatt.
355 1586 454 1625 Pal.
493 1591 585 1626 tunc
602 1587 730 1626 omina
749 1588 861 1637 conj.
886 1588 1032 1626 Heius.
1060 1588 1169 1636 vulgi
1190 1588 1216 1628 J
1223 1600 1290 1626 un.
1313 1599 1375 1638 ρι’.
1400 1588 1538 1626 Oxon.
1572 1589 1793 1625 sec—229
1836 1590 1926 1624 tunc
1947 1591 2035 1624 tres

217 1640 340 1679 vatt.
372 1639 468 1680 Pal.
503 1640 637 1679 Oisel.
670 1642 775 1679 Exc.
809 1641 933 1679 Laeti.
964 1645 1210 1690 monstraque
1245 1641 1342 1679 Vat.
1379 1641 1654 1691 quint.-—230
1683 1640 1919 1676 meditantur
1951 1638 2037 1677 duo

217 1692 339 1740 Vatt.
359 1692 512 1732 Petav.
534 1705 598 1743 pr.
627 1693 740 1732 ather
762 1694 866 1732 Exc.
886 1695 1065 1733 anens,
1093 1696 1313 1732 sem—231
1350 1693 1550 1732 Flumineo
1571 1692 1692 1731 Leid.
1711 1694 1930 1730 secu—232
1959 1691 2039 1730 Fa-

218 1745 342 1784 tidica
361 1747 488 1784 Farn.
518 1748 641 1785 cultor
658 1747 760 1786 var.
782 1747 866 1785 LL.
887 1746 955 1785 ed.
978 1745 1108 1787 Antv.
1140 1748 1334 1785 Caucasus
1353 1744 1501 1784 Ambr.
1525 1758 1587 1795 pr.
1611 1745 1748 1784 oxon.
1771 1755 1855 1782 sec.
1877 1755 1930 1781 m.
1953 1754 2037 1783 sec.

218 1798 327 1837 Exc.
347 1799 454 1838 Cod.
475 1799 624 1838 Rhem.
651 1799 804 1838 Sched.
827 1799 940 1838 Gud.
970 1805 1014 1839 et
1035 1800 1323 1850 Cuiam—233
1352 1799 1517 1837 assiduis
1536 1797 1686 1837 Ambr.
1719 1799 1919 1846 piu—234
1949 1795 2037 1835 hor-

217 1850 367 1889 risonas
378 1852 480 1890 Lov.
492 1852 651 1890 Moret.
665 1864 750 1890 sec.
765 1853 870 1891 Exc.
885 1852 1012 1891 Laeti.
1028 1853 1213 1891 oerisonas
1227 1851 1473 1891 duoLeidd.
1487 1863 1582 1890 cum
1593 1849 1917 1900 vigintiduobus
1931 1849 2040 1898 aliis,

218 1903 323 1943 Exc.
344 1903 525 1943 Gevart.
546 1905 726 1942 Lucens.
747 1917 812 1955 pr.
835 1904 933 1943 Ald.
952 1906 1056 1944 Var.
1078 1906 1162 1944 LL.
1181 1917 1204 1943 e
1225 1917 1356 1955 marg.
1386 1905 1530 1943 Parni.
1551 1908 1596 1942 et
1616 1903 1682 1941 ed.
1703 1901 1831 1941 Antv.
1864 1903 2040 1940 assiduas

218 1955 406 1996 Florent.
425 1969 482 1995 m.
499 1969 564 2007 pr.
578 1956 775 1996 Ausonias
786 1958 887 1996 Vat.
907 1963 1005 1996 tert.
1023 1959 1141 1997 Rott.
1157 1958 1374 1995 horrisonas
1389 1958 1454 1995 vel
1471 1956 1656 1994 aerisonas
1670 1954 1808 1993 Oxon.
1824 1966 1908 1992 sec.
1929 1953 2041 1992 urbes

218 2009 317 2050 Vat.
337 2023 402 2062 pr.
423 2010 666 2050 Exc.Laeti.
686 2010 822 2050 herbas
841 2009 923 2049 duo
939 2010 1062 2050 Vatt.
1084 2010 1233 2050 Petav.
1252 2022 1315 2062 pr.
1330 2022 1383 2049 m.
1399 2022 1464 2060 pr.
1485 2020 1597 2048 aures
1615 2008 1679 2047 vel
1695 2006 1806 2046 urbes
1821 2007 2040 2045 Thuan.--

1044 2102 1225 2144 NOTAE

271 2188 351 2224 230
383 2186 490 2231 Quid
517 2185 771 2236 meditentur]
815 2185 934 2225 Scire
970 2190 1098 2225 avent

219 2259 363 2289 omnes
382 2249 483 2300 quid
503 2261 601 2294 aves
620 2248 894 2301 portendant.

271 2314 349 2350 231
381 2311 602 2362 Fulmineo]
629 2311 804 2362 Jupiter
825 2322 901 2362 per
920 2310 1098 2351 fulmina

217 2384 335 2412 suam
357 2375 618 2413 voluntatem
638 2374 857 2424 explicare
876 2373 1042 2414 solitus.

272 2438 353 2475 232
383 2436 595 2486 Carbasus]
652 2437 851 2475 Linteum
904 2435 1097 2475 tenuissi-

219 2508 350 2547 mum,
383 2498 604 2537 continens
637 2498 768 2537 libros
800 2510 874 2537 seu
911 2498 1097 2536 carmina

219 2559 443 2611 Sibyllina,
463 2573 557 2611 quae
578 2564 700 2599 erant
717 2559 907 2610 fatidica,
935 2571 1007 2598 seu
1028 2571 1096 2598 res

220 2620 386 2661 futuras
437 2622 731 2673 praedicentia.
804 2623 870 2660 Ex
926 2621 1095 2663 Gellio:

219 2684 372 2723 ‘Anus
407 2685 577 2735 hospita
616 2690 744 2736 atque
786 2683 1006 2734 incognita
1045 2682 1097 2722 ad

218 2748 492 2801 Tarquinium
529 2749 765 2799 Superbum
803 2760 947 2798 regem
982 2748 1100 2798 adiit,

219 2824 371 2851 novem
386 2812 512 2851 libros
527 2811 683 2860 ferens,
700 2823 803 2863 quos
821 2823 911 2849 esse
927 2809 1100 2849 dicebat

161 2924 165 2927 ι
219 2875 363 2915 divina
376 2876 548 2914 oracula
559 2874 585 2914 ε’
614 2876 762 2913 horum
776 2873 885 2924 petit
900 2872 1100 2924 pretium,

218 2938 348 2992 idque
370 2943 550 2986 tantum,
585 2949 661 2975 rex
682 2940 730 2975 ut
751 2936 933 2976 vetulam
953 2934 1098 2975 irride-

217 3006 312 3041 ret:
351 3013 449 3039 mox
482 3000 617 3038 tribus
651 2998 811 3037 exustis
846 2996 1097 3036 tantundem

217 3065 385 3116 poscit:
416 3075 592 3116 eamque
612 3074 709 3109 rege
726 3060 858 3112 magis
874 3059 1097 3110 irridente,

221 3132 310 3167 tres
340 3138 510 3179 quoque
531 3126 632 3165 alios
652 3124 831 3172 deussit,
862 3127 907 3161 et
928 3134 1002 3173 pro
1024 3121 1098 3161 tri-

220 3188 299 3229 bus
320 3190 494 3241 reliquis
515 3188 629 3228 idem
650 3188 836 3238 pretium
859 3197 884 3225 a
904 3196 1005 3235 rege
1027 3196 1099 3234 pe-

211 3251 291 3301 tit,
309 3252 556 3310 egobtinet.
615 3251 728 3289 Hinc
746 3249 936 3298 digressa
948 3252 1099 3297 postea

224 3314 530 3365 nusquamyloci
549 3314 634 3353 visa
654 3318 735 3352 est.
780 3311 792 3332 ‘
811 3311 931 3352 Libri
954 3316 1038 3349 tres
1056 3310 1099 3348 in

221 3376 452 3417 sacrarium
471 3375 650 3428 conditi,
663 3374 864 3428 Sibyllini
880 3372 1101 3426 appellati.

1165 2183 1235 2224 Ad
1247 2196 1334 2235 eos,
1349 2183 1467 2236 quasi
1477 2183 1528 2222 ad
1539 2182 1773 2230 oraculum,
1787 2178 2042 2232 quindecim-

1164 2247 1243 2286 viri
1264 2245 1438 2296 adeunt,
1455 2258 1550 2285 cum
1567 2245 1636 2283 Dii
1660 2242 1918 2283 immortales
1939 2241 2042 2292 pub·

1163 2310 1250 2350 lice
1271 2308 1516 2349 consulendi
1536 2305 1666 2346 sunt.'

1222 2373 1360 2411 Custos
1376 2370 1470 2419 oevi]
1513 2368 1725 2409 Carbasus
1758 2379 1832 2406 seu
1862 2366 2040 2408 linteum

1165 2445 1384 2474 asservans
1413 2444 1477 2478 ea,
1508 2443 1602 2482 quae
1624 2428 1843 2480 pertinent
1864 2428 1918 2466 ad
1937 2434 2042 2468 tem-

1163 2508 1242 2547 pus
1275 2500 1349 2535 aut
1380 2493 1709 2534 diuturnitatem
1754 2491 1925 2542 imperii
1956 2492 2040 2531 Ro-

1163 2559 1292 2597 mani.

1219 2624 1297 2660 233
1325 2620 1451 2660 Lunae
1466 2618 1590 2670 labor]
1619 2620 1750 2659 Lunae
1767 2630 1840 2657 seu
1854 2616 2040 2657 Phoebes

1166 2684 1339 2734 eclipsis
1372 2682 1566 2722 terrebat
1598 2681 1724 2720 rudes
1757 2693 1806 2720 ac
1839 2680 2042 2732 supersti-

1166 2742 1295 2789 tiosos
1316 2756 1574 2797 paganornm
1594 2744 1767 2783 animos.
1808 2743 2043 2793 Virgilius:

1165 2810 1176 2831 ‘
1198 2807 1411 2849 Defectus
1428 2807 1538 2848 Solis
1558 2806 1713 2858 varios,
1747 2807 1963 2859 Lunaeque
1983 2804 2043 2849 la-

1167 2872 1320 2912 bores.’

1221 2938 1301 2975 234
1330 2932 1550 2984 AErz'sonas]
1568 2932 1707 2973 Urbes
1722 2943 1807 2972 aere
1820 2933 2043 2973 sonantes:

1166 2996 1398 3038 credebant
1420 2996 1577 3048 quippe
1595 3007 1639 3034 se
1656 3006 1778 3046 posse
1793 3003 2044 3032 succurrere

1167 3060 1276 3098 lunoe
1297 3058 1506 3097 laboranti
1526 3056 1728 3096 adhibitis
1750 3054 1978 3094 ululatibus
1998 3057 2044 3093 et

1169 3121 1465 3161 tintinnabulis
1496 3120 1635 3170 aereis,
1665 3119 1811 3172 sicque
1840 3129 1885 3157 se
1918 3128 2042 3168 posse

1168 3186 1380 3237 repellere
1409 3183 1692 3224 veneficarum
1720 3179 2042 3221 incantationes.

1167 3248 1389 3289 Juvenalis
1418 3247 1472 3286 de
1503 3245 1766 3299 loquacitate
1792 3241 2012 3282 mulierum
2029 3252 2047 3283 :⁷

1168 3312 1179 3333 ‘
1202 3312 1299 3350 Una
1334 3309 1548 3352 laboranti
1596 3306 1757 3361 poterit
1792 3311 2040 3346 succurrere

1170 3373 1331 3416 Lunae:
