2300 3906
336 216 446 272 660
888 229 984 268 cr..
1024 223 1377 266 CLAUDIAM
1419 220 1589 262 xxxi.

340 351 411 404 Et
435 366 627 404 cursus
652 348 983 415 stabilesque
1006 361 1207 409 moraS,
1234 346 1433 415 quibus
1458 344 1646 397 omnia
1668 341 1877 406 vivunt,
2053 337 2160 393 1135

340 434 428 488 Ac
452 438 676 503 pereunt
700 433 830 485 fixis
855 448 980 483 cum
998 431 1213 497 legibus
1234 446 1247 482 ε
1286 429 1381 481 ille
1406 432 1652 481 recenset
2130 422 2142 428 ’

342 519 617 576 Incertum
640 516 772 585 quid
799 515 995 567 Martis
1015 517 1137 577 iter,
1164 518 1477 581 certumque
1502 511 1770 564 Tonantis

343 603 606 656 Proficiat
627 600 847 663 munde,
873 599 1004 668 quid
1027 599 1193 650 velox
1218 598 1410 649 semita
1436 596 1630 659 Lunae,

338 686 614 754 Pigraque
639 686 886 738 Saturni:
927 688 1188 751 quantum
1208 681 1479 750 Cytherea
1504 695 1693 732 sereno

340 770 648 833 CurricuIO,
677 770 987 836 Phoebique
1014 783 1201 819 comes
1230 765 1529 835 CylleniUS,
1556 767 1709 816 erret.
2057 758 2166 812 440

341 854 504 907 Illius
527 859 589 906 ut
609 868 808 920 magno
837 852 934 903 Sol
958 852 1141 903 limine
1167 851 1417 903 constitit
1440 850 1594 909 antri,

344 936 599 990 Accurrit
626 936 839 987 Natura
860 939 1073 1002 potem,
1100 935 1391 1001 seniorque
1418 929 1671 998 superbis

343 1062 382 1097 et
414 1056 696 1096 retardationes
727 1058 867 1105 certas,
895 1054 1032 1106 quibus
1057 1067 1120 1095 res
1147 1067 1277 1095 omnes
1293 1053 1474 1094 oriuntur
1497 1055 1566 1092 aut
1597 1052 1788 1102 occidunt,
1817 1054 1968 1091 statuta
1987 1049 2172 1101 quadam

343 1112 427 1159 lege
440 1122 454 1148 .-
481 1111 544 1148 ille
564 1121 695 1148 senex
713 1108 851 1158 refert,
866 1108 961 1160 quid
988 1109 1054 1148 via
1071 1109 1188 1148 dubia
1205 1109 1354 1147 Martis
1381 1108 1585 1159 planetae,
1600 1106 1691 1157 quid
1708 1105 1778 1145 via
1796 1108 1902 1144 certa
1919 1104 2034 1144 Jovis
2046 1105 2174 1156 prosit

349 1163 474 1208 0r1›i;
501 1163 592 1212 quid
611 1174 746 1202 cursus
762 1164 861 1201 celer
880 1162 1020 1211 Lunae,
1052 1162 1147 1212 quid
1179 1173 1326 1201 cursus
1359 1162 1485 1200 lentus
1514 1159 1678 1199 Saturni
1708 1158 1872 1210 prosit3
1901 1161 2042 1208 quanto
2072 1162 2176 1196 tem-

345 1228 451 1267 pore
477 1216 604 1255 Venus
621 1227 738 1254 curru
753 1215 926 1266 pulchro,
952 1218 990 1254 et
1010 1221 1169 1266 quanto
1190 1214 1414 1254 Mercurius
1427 1214 1616 1253 comitans
1634 1212 1766 1252 Solem
1797 1216 1976 1261 vagetur.
2023 1209 2175 1250 Statim

344 1273 461 1321 atque
479 1269 548 1308 Sol
565 1269 679 1308 stetit
697 1268 740 1308 in
759 1267 944 1308 vestibulo
968 1268 1121 1318 ingenti
1141 1269 1329 1319 speluncoe
1348 1267 1477 1320 huius,
1495 1266 1653 1306 Natura
1671 1269 1797 1305 mater
1814 1264 1935 1304 venit
1951 1263 2117 1315 obviam,
2135 1266 2176 1303 et

1113 1375 1407 1391 OOOOOOOOOOOO

348 1454 488 1495 Oxon.
507 1457 725 1495 sec—434
753 1454 897 1494 dividis
927 1453 1077 1495 Ambr.
1110 1456 1307 1506 pr.—435
1336 1453 1472 1493 vivant
1490 1453 1593 1492 Vat.
1626 1452 1902 1503 quarn—436
1931 1449 1989 1489 Et
2015 1451 2182 1500 pereunt

349 1509 511 1549 Mazar.
530 1521 575 1547 ac
591 1512 764 1560 pereant.
785 1520 879 1547 cum
911 1510 1073 1560 στιγμῇ,
1102 1514 1192 1547 tres
1209 1508 1333 1547 Vatt.
1363 1506 1479 1558 fictis
1497 1506 1563 1545 ed.
1593 1504 1737 1544 Vicet.
1768 1515 1836 1542 ceu
1854 1514 1933 1554 pro
1959 1514 2046 1542 cum
2064 1503 2179 1555 conj.

349 1562 503 1602 Heius.
531 1563 631 1601 Vat.
667 1573 731 1612 pr.
765 1566 811 1600 et
847 1561 919 1600 alii
957 1561 1226 1612 distingumt
1263 1559 1369 1612 fixis
1406 1571 1492 1598 cum
1527 1557 1677 1607 legibus
1703 1557 1769 1595 ille
1801 1559 1984 1595 recenset.
2031 1554 2181 1606 legibus

349 1615 541 1654 Floreut.
562 1616 667 1663 Reg.
702 1614 763 1652 ire
797 1618 969 1652 recenset
987 1614 1088 1653 Vat.
1125 1615 1399 1664 quarn—437
1429 1612 1530 1661 quod
1564 1611 1648 1650 inc.
1671 1609 1959 1649 Heius—438
1986 1607 2181 1661 Perficiat

348 1668 451 1706 Vat.
471 1668 606 1718 quint.
624 1667 705 1705 inc.
725 1666 872 1706 Heius.
892 1667 1053 1706 Mazar.
1076 1665 1230 1705 Petav.
1252 1676 1337 1705 sec.
1348 1664 1442 1703 ·duo
1462 1663 1612 1703 Ambr.
1634 1664 1737 1702 Exc.
1757 1662 1937 1702 Gevart.
1956 1661 2181 1713 Prospiciat

350 1719 473 1759 Leid.
502 1732 567 1770 pr.
597 1732 652 1759 m.
682 1731 766 1758 sec.
799 1719 898 1758 Pal.
936 1720 1061 1758 Farn.
1099 1719 1223 1758 Rott.
1257 1718 1365 1769 Reg.
1384 1717 1550 1758 Thuan.
1581 1717 1723 1756 Oxon.
1743 1727 1809 1767 pr.
1829 1715 1913 1755 duo
1932 1714 2052 1755 Med.
2071 1714 2178 1756 Exc.

349 1773 536 1813 Lucens.
565 1784 630 1823 pr.
655 1772 876 1822 Prospiciat
896 1772 964 1810 vel
983 1772 1176 1824 Proficiat
1203 1771 1303 1811 Vat.
1338 1775 1439 1811 tert.
1472 1772 1586 1809 velox
1604 1769 1760 1810 Scintia
1777 1768 1893 1809 Prie.
1909 1768 2057 1808 semina
2075 1768 2179 1811 Put.

348 1829 484 1866 -439
510 1838 686 1865 serenum
703 1824 805 1866 Jun.
824 1837 890 1876 pr.
912 1825 1054 1866 Oxou.
1071 1837 1158 1865 sec.
1176 1837 1232 1865 m.
1251 1837 1317 1876 pr.
1336 1836 1471 1864 sonoro
1489 1825 1647 1864 Moret.
1669 1835 1734 1875 pr.
1753 1834 1886 1874 soporo
1904 1821 1987 1862 Ma.
2001 1821 2180 1862 Mureti.

350 1879 520 1919 Saturno
551 1880 650 1919 Vat.
684 1886 819 1930 quart.
853 1879 1020 1918 Thuan.
1054 1891 1143 1918 seno
1180 1878 1295 1918 Prie.
1334 1890 1480 1918 remoso
1519 1878 1759 1917 Pan-440
1786 1879 1892 1915 errat
1930 1875 2074 1915 Oxon.
2110 1886 2179 1926 pr.

351 1936 455 1973 erret
474 1933 776 1972 Exc.1.ucens.
813 1942 880 1982 pr.
908 1932 1031 1971 hoeret
1060 1932 1216 1972 Moret.
1252 1943 1337 1971 sec.
1367 1932 1535 1971 Bonon.
1568 1935 1672 1971 ercet
1701 1929 1813 1982 Reg.
1839 1929 1918 1969 iret
1949 1927 2019 1968 ed.
2036 1927 2180 1969 Vicet.

351 1987 463 2024 ardet
479 1985 715 2024 Pan—441
745 1996 886 2034 magno
904 1986 961 2023 sol
992 1985 1126 2024 limine
1146 1985 1246 2024 Vat.
1279 1997 1345 2037 pr.
1367 1990 1412 2024 et
1431 1991 1531 2025 tert.
1549 1984 1644 2025 Pal.
1663 1984 1779 2024 Rott.
1800 1982 1937 2023 Oisel.
1956 1980 2041 2023 duo
2059 1981 2181 2022 Med.

351 2038 520 2078 Thuan.
553 2038 715 2077 Mazar.
754 2037 893 2077 Oxou.
927 2049 994 2088 pr.
1029 2038 1132 2077 Vat.
1166 2038 1304 2078 Livin.
1341 2039 1447 2078 Exc.
1478 2037 1586 2079 cod.
1618 2038 1768 2078 Rhem.
1788 2030 1957 2076 Phoebuo
1986 2035 2038 2075 ad
2064 2035 2183 2075 limen

352 2090 471 2131 Med.
492 2095 593 2130 tert.
622 2091 728 2130 item
748 2090 881 2130 Gesn.
917 2096 964 2130 et
998 2090 1069 2131 ed.
1106 2090 1282 2141 Bipont.
1311 2104 1452 2141 magno
1471 2092 1540 2131 Sol
1575 2091 1711 2131 limine
1725 2090 1795 2130 vel
1816 2088 2047 2129 Phoebusad
2064 2088 2183 2128 limen

353 2145 545 2184 Florent.
576 2145 627 2183 ad
660 2145 788 2183 lumen
805 2142 955 2183 Ambr.
983 2155 1068 2183 sec.
1102 2144 1246 2183 lumine
1276 2146 1453 2183 constitit
1482 2146 1592 2184 antri
1623 2146 1727 2196 Reg.
1745 2144 1907 2183 Thuan.
1934 2141 2063 2182 antris
2080 2142 2183 2183 Vat.

352 2209 419 2249 pr.
439 2209 493 2236 m.
514 2209 577 2248 pr.
596 2197 720 2236 austri
746 2196 820 2236 lib.
841 2196 1124 2237 Barth—442
1151 2196 1344 2236 Adcurrit
1370 2197 1471 2237 Put.
1500 2198 1604 2237 Var.
1634 2198 1720 2238 LI..
1751 2197 1822 2237 ed.
1839 2195 1974 2238 AntV.
1996 2194 2183 2236 Occurrit

354 2250 456 2290 Vat.
478 2262 541 2301 pr.
560 2250 747 2290 Accurrit
763 2251 884 2289 Voss.
915 2262 970 2290 m.
997 2262 1062 2301 pr.
1093 2250 1176 2290 duo
1196 2251 1316 2290 Vatt.
1349 2249 1467 2290 Med.
1495 2255 1596 2290 tert.
1616 2250 1700 2291 inc.
1727 2249 1876 2289 Heins.
1895 2251 2063 2289 Bonon.
2082 2248 2183 2290 Pat.

354 2304 522 2343 Tholas.
542 2304 645 2343 Lov.
666 2304 825 2343 Moret.
846 2315 931 2343 sec.
954 2309 1042 2342 tres
1062 2302 1214 2344 Petav.
1246 2303 1428 2344 totidem
1447 2302 1598 2344 Ambr.
1627 2304 1693 2343 ed.
1712 2303 1857 2342 Parm.
1877 2301 1985 2341 Exc.
2002 2302 2183 2342 Gevart.

358 2357 516 2395 Natura
531 2368 674 2407 parens
696 2357 854 2395 Moret.
874 2368 937 2407 pr.
958 2356 1162 2395 Heinsius
1182 2356 1441 2408 ascripserat
1469 2357 1612 2396 ‘locum
1643 2356 1772 2396 Plinii
1812 2355 1882 2395 lib.
1910 2365 2028 2394 xxu.
2056 2366 2095 2394 c.
2115 2357 2184 2394 24.

354 2410 367 2432 ‘
388 2410 552 2448 Parens
571 2410 646 2448 illa
658 2421 708 2447 ac
723 2409 868 2447 divina
882 2421 1022 2448 rerum
1042 2408 1199 2448 artifex
1220 2410 1417 2450 Natura!
1433 2411 1528 2449 duce
1538 2411 1637 2449 Vat.
1658 2422 1723 2461 pr.
1739 2422 1794 2449 m.
1810 2420 1875 2459 pr.
1893 2407 2076 2459 superbus
2096 2406 2183 2446 duo

360 2463 481 2503 Vatt.
502 2463 630 2503 Farn.
652 2463 812 2501 Moret.
834 2474 901 2513 pr.
918 2462 1037 2503 Med,
1056 2467 1158 2503 tert.
1178 2463 1283 2503 Put.
1297 2462 1363 2503 ed.
1379 2463 1524 2502 Parm.
1540 2463 1739 2504 etVicet.
1757 2462 1916 2512 superbo
1931 2463 2013 2502 inc.
2034 2460 2188 2503 Heius.

1186 2556 1364 2599 NOTAE

417 2639 496 2677 435
529 2638 676 2677 Cursus
704 2637 936 2690 stabilesque
965 2636 1110 2689 moras]
1149 2637 1240 2678 Per
1359 2640 1439 2678 438
1474 2636 1595 2678 Velox
1630 2636 1769 2677 semita
1805 2635 1947 2688 Lunoe]
2003 2638 2184 2679 Cursum

358 2712 495 2741 cursus
538 2700 831 2751 cognoscimus
877 2702 1103 2752 planetas;
1161 2713 1240 2753 per
1306 2712 1427 2742 suum
1448 2713 1526 2754 per
1543 2711 1733 2741 mensem
1748 2699 2031 2741 conficientis.

359 2763 519 2804 stabiles
532 2776 659 2802 moras
675 2763 939 2814 agnoscimus
956 2764 1102 2803 stellas
1116 2762 1238 2803 fixas.
1358 2768 1440 2805 439
1467 2763 1685 2817 Pigraque]
1741 2763 1946 2804 Saturnus
1993 2775 2073 2816 per
2110 2762 2186 2804 tri·

421 2826 567 2866 Vivunt
594 2839 640 2866 ac
670 2825 853 2879 pereunt]
881 2826 1052 2866 Etenim
1076 2830 1242 2866 statuta
1306 2828 1422 2881 ginta
1451 2840 1582 2868 annos
1601 2838 1767 2868 cursum
1806 2826 2004 2868 absolvit.
2056 2824 2185 2867 Unde

364 2888 547 2942 quadam
566 2890 677 2941 lege.
731 2889 744 2911 ‘
764 2890 918 2930 Ortum
938 2888 1142 2943 quicquid
1167 2889 1240 2930 ha·
1306 2894 1487 2932 vocatur
1501 2890 1622 2942 pigra
1640 2890 1730 2943 ejus
1742 2889 1899 2929 semita.

363 2949 441 2991 bet
459 2949 587 2991 finem
609 2951 761 2993 timet!
817 2952 997 2994 Statius.
1263 2979 1268 2984 -
1364 2953 1577 3008 Cytherea]
1602 2953 1737 2995 Stella
1751 2951 1949 3004 Veneris,
1983 2963 2079 3004 quae
2103 2951 2190 2992 Ve-

418 3017 499 3054 48⁷
527 3014 727 3054 Incertum
746 3016 894 3055 Martis
923 3016 1022 3069 iter]
1061 3017 1241 3070 Tempe·
1306 3029 1386 3059 nus
1405 3018 1618 3070 Cytherea
1636 3015 1808 3068 dicitur,
1842 3020 1891 3056 ut
1922 3027 2052 3067 supra
2081 3014 2189 3055 vidi·

365 3075 451 3116 ries
470 3076 624 3116 Martis
643 3077 837 3118 Planetae
866 3078 1037 3119 incerta
1063 3085 1107 3119 et
1138 3079 1242 3120 inae-
1307 3091 1414 3119 mus.

367 3139 504 3192 qualis
533 3145 616 3189 est,
649 3146 779 3192 prout
807 3141 941 3194 magis
967 3147 1042 3182 aut
1073 3142 1244 3184 accedit
1360 3144 1441 3182 440
1465 3139 1675 3193 Phoebique
1691 3151 1814 3180 comes
1832 3137 2052 3192 Cyllenius]
2071 3137 2188 3178 Mer·

370 3208 446 3243 aut
463 3202 799 3244 recedstaSole.
1309 3203 1470 3252 curius,
1498 3201 1558 3242 sic
1595 3202 1733 3242 dictus
1767 3214 1793 3241 a
1827 3201 2007 3253 Cyllene
2043 3206 2187 3241 monte

426 3267 588 3306 Certum
613 3264 816 3317 Tonantis]
842 3267 1087 3319 Temperies
1119 3267 1243 3311 Jovis
1315 3264 1524 3306 Arcadiae.
1552 3264 1778 3305 Proximus
1798 3270 1865 3305 est
1879 3265 1983 3312 soli,
2001 3264 2187 3320 ideoque

371 3328 565 3370 Planetae
579 3329 738 3369 certior
752 3333 820 3368 est
833 3333 880 3368 et
894 3331 1116 3381 aequalior,
1131 3329 1246 3383 quod
1311 3327 1433 3370 illum
1452 3333 1662 3382 perpetuo
1683 3328 1878 3369 comitari
1894 3328 2066 3371 dicitur.

372 3395 517 3432 servet
534 3390 779 3439 distantiam
799 3403 824 3432 a
840 3391 939 3432 Sole
960 3393 1244 3445 aequaliorem.
