2300 3906
351 188 460 251 542

922 198 1018 236 GL.
1057 188 1410 232 CLAUDIANI
1449 186 1567 230 XX.

351 321 468 374 Hic
492 325 551 373 et
575 317 870 388 Apollinea
893 317 1079 367 victus
1103 310 1372 364 testudine
1395 312 1590 377 pastor

353 406 638 474 Suspensa
661 416 934 455 memores
958 399 1194 450 illustrat
1218 394 1363 462 pelle
1389 391 1670 444 Celaenas.
1699 459 1711 465 ·

356 488 607 552 Quatuor
630 489 753 538 hinc
770 485 986 550 magnis
1012 480 1310 550 procedunt
1333 477 1578 529 fontibus
1604 483 1794 525 amnes

355 570 625 627 Auriferi:
663 586 767 621 nec
793 570 955 620 miror
981 581 1153 634 aquas
1178 563 1394 615 radiare
1415 559 1668 621 metallo,

1207 647 1483 699 Diversus
1507 644 1579 695 ad
1605 641 1872 694 Austrum

353 653 497 718 Quae
526 655 689 705 toties
714 654 898 703 lavere
920 650 1130 701 Midan.

354 737 564 789 Cursus
591 742 647 788 et
670 736 937 788 Arctoum
961 733 1144 784 fluviis
1168 747 1336 782 mare.

2067 554 2173 608 260

1417 726 1698 795 Dindyma
1720 722 1956 776 fundunt

353 819 695 886 Sangarium,
712 820 874 871 vitrei
897 833 1040 885 puro
1060 818 1154 884 qui
1179 815 1384 882 gurgite
1407 813 1562 879 Galli

355 900 575 954 Auctus
598 901 886 954 Amazonii
916 901 1157 952 defertur
1183 900 1253 950 ad
1275 899 1420 949 ostia
1445 895 1637 947 Ponti.

351 985 590 1036 Icarium
616 986 843 1051 pelagus
872 984 1266 1050 Mycalaeaque
1292 982 1473 1033 littora
1491 979 1674 1048 juncti

2066 975 2174 1028 265

352 1066 581 1133 Marsya
607 1066 1000 1134 Maeanderque
1025 1070 1246 1133 petunt:
1288 1063 1385 1115 sed
1414 1062 1644 1129 Marsya
1671 1061 1859 1124 velox,

354 1230 521 1268 Phoebea
539 1234 650 1268 ornat
673 1230 844 1268 Celoenas
869 1229 1130 1268 memorabiles
1145 1229 1241 1279 pelle
1259 1239 1440 1278 appensa.
1496 1225 1580 1264 Hic
1588 1224 1710 1276 fluvii
1730 1226 1893 1275 quatuor
1911 1219 2077 1268 auriferi
2093 1231 2178 1258 sea·

354 1283 505 1321 turiunt
525 1295 578 1321 ex
597 1283 820 1331 ingentibus
833 1282 1061 1332 originibus.
1121 1284 1255 1332 Neque
1274 1281 1447 1319 admiror
1466 1291 1585 1329 aquas
1598 1290 1746 1316 eorum
1770 1276 1933 1325 fulgere
1962 1286 2071 1323 auro,
2093 1284 2178 1323 quae

355 1347 477 1386 aquae
495 1335 693 1373 abluerunt
709 1335 823 1374 torres
843 1336 1013 1375 Midam.
1072 1337 1217 1374 Cursus
1236 1334 1372 1374 varius
1384 1338 1450 1372 est
1472 1331 1706 1383 fluminibus
1723 1332 1773 1368 ad
1808 1328 2021 1377 meridiem,
2052 1330 2089 1366 et
2123 1324 2178 1387 affl

358 1400 463 1426 mare
482 1388 805 1438 septemtrionale.
860 1389 1062 1440 Dindyma
1082 1395 1246 1427 montes
1265 1387 1428 1438 pariunt
1442 1386 1695 1434 Sangarium,
1728 1381 2042 1434 quitumefactus
2066 1390 2181 1430 aquis

352 1440 493 1480 nitidis
513 1441 622 1479 Galli
640 1441 835 1491 micantis,
853 1442 1010 1492 rapitur
1029 1443 1079 1480 ad
1111 1442 1212 1480 ostia
1234 1440 1348 1491 ponti
1368 1439 1582 1479 Amazonii.
1639 1439 1804 1488 Marsya
1822 1439 1859 1474 et
1876 1435 2080 1474 Moeander
2093 1443 2180 1471 con-

343 1493 476 1541 juncti
511 1495 679 1545 influunt
710 1506 814 1533 mare
851 1494 1040 1544 Icarium,
1085 1498 1122 1533 et
1159 1506 1247 1533 oras
1278 1494 1519 1544 Mycalaeas:
1545 1493 1613 1530 sed
1644 1491 1812 1541 Marsya
1829 1489 1944 1539 celer,
1979 1488 2072 1526 dum
2089 1496 2181 1524 suus

1110 1607 1157 1621 ‘O
1163 1605 1405 1620 ‘OO‘N‘OOO

354 1685 488 1723 umbra
521 1685 715 1724 Minervoe
743 1686 842 1723 Vat.
873 1697 934 1734 pr.
973 1697 1026 1723 m.
1066 1696 1128 1734 pr.
1157 1686 1259 1723 unda
1288 1684 1448 1722 Moret.
1482 1695 1544 1733 pr.
1574 1682 1725 1721 PetaV.
1747 1682 1983 1721 tert—258
2010 1679 2180 1718 illustret

356 1738 453 1777 Par.
474 1742 595 1776 morte
614 1750 689 1787 pro
707 1738 803 1789 pelle
821 1738 985 1776 'l'huan.
1004 1738 1159 1776 Petav.
1194 1742 1297 1775 tert.
1327 1748 1432 1775 more
1457 1736 1576 1774 Med.
1606 1746 1689 1773 see.
1711 1746 1767 1774 m.
1789 1746 1857 1785 pr.
1876 1732 1998 1772 Leid.
2019 1744 2103 1772 sec.
2122 1744 2180 1773 m.

352 1794 553 1841 pr.—259
580 1790 654 1828 huc
672 1790 827 1839 magnis
854 1790 1015 1830 Moret.
1044 1802 1109 1840 pr.
1137 1789 1227 1828 hinc
1247 1789 1352 1828 Exc.
1381 1788 1509 1839 Laeti,
1529 1788 1613 1827 duo
1648 1787 1769 1827 Med.
1790 1792 1844 1826 et
1873 1785 1980 1825 Exc.
1995 1786 2179 1826 Lucem.

355 1855 439 1883 sec.
480 1844 543 1882 hic
579 1855 725 1882 omnes
758 1844 878 1882 Vatt.
906 1843 1003 1882 Pal.
1033 1844 1162 1882 Fam.
1191 1843 1307 1881 Prie.
1341 1841 1478 1881 Oisel.
1515 1841 1578 1880 his
1608 1841 1729 1880 Rott.
1756 1840 1927 1880 Thalos.
1967 1839 2058 1878 huic
2077 1850 2178 1878 con-

349 1895 535 1947 jiciebat
570 1895 786 1935 Heinsius,
831 1896 967 1945 magni
1003 1896 1165 1935 Mazar.
1197 1894 1388 1945 fluctibus
1417 1895 1578 1934 Moret.
1607 1906 1673 1946 pr.
1701 1894 1862 1934 Thuan.
1897 1891 2080 1941 fontibus
2110 1891 2180 1932 vel

344 1948 537 2000 fluctibus
569 1949 670 1988 Vat.
708 1952 982 2000 quart.-—260
1031 1947 1365 1987 Heinsius-olim
1400 1947 1573 1998 legebat
1604 1946 1793 1996 Aurifero
1819 1959 1888 1986 nec
1914 1946 2038 1985 miror
2059 1956 2182 1996 aquas

355 2002 513 2040 radiare
544 2002 843 2041 metalla-261

892 2001 1049 2040 Midam
1093 2013 1238 2040 omnes
1267 2001 1389 2040 Vatt.
1425 2001 1521 2040 Pal.
1570 2001 1697 2040 Farn.
1740 2002 1860 2040 Rott.
1907 1999 2179 2039 mmet—262

358 2054 504 2093 Cursus
534 2059 619 2094 vet.
655 2054 762 2105 Gyr.
797 2055 897 2093 Vat.
924 2054 1063 2093 Livin.
1095 2056 1245 2093 Currus
1282 2055 1387 2093 Exe.
1419 2054 1532 2093 Laeti
1568 2066 1623 2093 m.
1673 2065 1738 2105 pr.
1771 2052 1872 2093 Ald.
1906 2053 2049 2093 Cresus
2071 2053 2178 2092 Vat-

358 2107 491 2158 quint.
507 2107 673 2160 findunt
705 2109 806 2146 Vat.
829 2112 927 2146 tert.
947 2108 1242 2147 Mazara—263
1271 2108 1336 2159 qui
1364 2119 1464 2159 puro
1495 2106 1599 2147 Jun.
1635 2113 1682 2147 et
1714 2107 1873 2147 Moret.
1905 2118 1970 2158 pr.
1994 2117 2094 2157 puro
2111 2104 2179 2157 qui

356 2171 503 2199 omnes
522 2161 642 2200 Vatt.
657 2160 772 2200 Prie.
790 2160 915 2199 Farn.
930 2161 1048 2200 Rott.
1075 2160 1195 2200 vitrei
1209 2161 1275 2211 qui
1289 2173 1389 2211 puro
1408 2160 1476 2200 vel
1490 2160 1614 2200 vitreo
1624 2160 1717 2212 puri
1732 2161 1797 2212 qui
1814 2160 2043 2199 Part—264
2071 2159 2180 2199 Duc-

355 2216 421 2252 tus
438 2211 588 2253 Ambr.
608 2225 692 2254 sec.
720 2213 845 2253 Actus
861 2214 1025 2254 Bonon.
1058 2213 1157 2254 Jun.
1187 2226 1251 2264 pr.
1273 2214 1418 2254 Oxon.
1451 2225 1538 2253 sec.
1567 2215 1672 2254 Exc.
1705 2213 1831 2264 Laeti,
1859 2213 1963 2253 Var.
1991 2212 2079 2252 LL.
2112 2211 2181 2252 ed.

352 2264 484 2306 Antv.
509 2266 695 2318 differtur
712 2266 832 2306 Med.
851 2270 1074 2306 sem—265
1105 2267 1367 2318 Megareaque
1395 2267 1515 2306 Med.
1550 2278 1637 2308 sec.
1672 2267 1934 2319 Mygaleaque
1952 2264 2052 2306 Ald.
2087 2266 2180 2317 My-

352 2320 533 2371 colemque
551 2321 618 2359 vel
639 2321 898 2371 Megareaque
916 2321 1018 2359 Vat.
1038 2323 1262 2360 sem—266
1291 2321 1596 2371 Moeandrusque
1612 2320 1734 2361 Med.
1760 2332 1846 2360 sec.
1873 2331 1928 2360 m.
1947 2331 2014 2371 pr.
2037 2321 2180 2370 potant

1179 2434 1355 2474 NOTAE

353 2510 427 2551 sed
446 2522 543 2551 cum
563 2512 606 2551 in
627 2512 778 2553 umbra
807 2510 941 2563 fluvii,
962 2516 1165 2565 tanquam
1181 2513 1226 2552 in

352 2576 526 2627 speculo
545 2576 711 2616 videret
731 2589 862 2628 genas
895 2590 992 2618 suas
1012 2582 1226 2617 tumentes

354 2648 404 2676 ac
423 2635 698 2690 deformatas,
711 2639 897 2690 projecit
918 2640 1082 2691 tibiam,
1099 2652 1226 2692 quam

351 2700 556 2739 invenere
576 2706 780 2752 pastores,
796 2709 841 2741 et
872 2703 1061 2743 didicere
1081 2703 1228 2743 modu·

352 2763 523 2804 lamina.
578 2764 696 2805 Hinc
730 2766 912 2806 Ovidius
942 2767 995 2806 de
1016 2766 1224 2806 Pallade:

351 2826 407 2866 ⁶1
437 2828 585 2877 procul
616 2828 730 2878 hinc,
758 2829 879 2881 dixit,
911 2841 997 2869 non
1028 2834 1096 2868 est
1122 2828 1226 2868 mihi

353 2888 460 2948 tibia
478 2890 606 2939 tanti,
633 2890 695 2930 Ut
715 2892 824 2931 vidit
842 2893 985 2932 vultus
1014 2892 1161 2932 Pallas
1181 2892 1225 2930 in

352 2961 476 2990 amne
495 2951 619 2991 suos.’

413 3011 578 3063 Umbra]

352 3073 476 3114 mule.

406 3138 486 3175 267
514 3135 676 3187 Pastor]
695 3138 873 3190 Satyrus
892 3141 1086 3192 Marsyas
1102 3154 1225 3182 ausus

353 3202 423 3238 est
451 3210 551 3238 cum
569 3198 768 3250 Apolline
802 3202 856 3242 de
891 3209 1022 3244 cantu
1053 3212 1227 3246 conten-

352 3260 489 3311 Δεῖος
527 3261 604 3302 sed
631 3263 770 3304 victus
801 3270 869 3305 est
898 3270 943 3305 et
980 3267 1093 3318 pelle
1127 3280 1228 3309 exu-

355 3328 440 3364 tus.

404 3387 487 3427 258
515 3385 708 3438 eatenus]
736 3387 924 3440 Populos
943 3388 1156 3443 Phrygiae,
1182 3397 1228 3433 et

639 3012 730 3054 Alii
781 3016 931 3066 legunt
975 3018 1095 3069 unda,
1144 3029 1225 3058 nec

1291 2514 1438 2554 urbem
1460 2515 1652 2566 ejusdem
1680 2513 1880 2565 regionis,
1915 2513 1969 2552 de
2000 2524 2084 2566 qua
2113 2524 2180 2552 su-

1293 2589 1388 2629 pra,
1407 2577 1483 2617 lib.
1506 2589 1537 2616 1.
1555 2578 1597 2616 in
1618 2578 1802 2628 Eutrop.
1818 2589 1883 2616 vs.
1898 2579 1996 2617 278.

1345 2644 1424 2679 261
1455 2640 1618 2690 Midan]
1647 2640 1810 2691 Regem
1829 2639 2175 2691 Phrygiae,quae·

1294 2714 1475 2755 cumque
1511 2707 1708 2754 tangeret
1754 2701 1797 2740 in
1828 2713 1974 2741 aurum
2007 2705 2176 2741 verten-

1295 2770 1411 2814 tem;
1441 2765 1634 2805 avaritiae
1650 2764 1909 2815 symbolum.

1334 2830 1424 2867 263
1461 2825 1588 2877 Galli]
1636 2827 1775 2866 Fluvii
1794 2839 1806 2874 ;
1839 2824 1952 2866 unde
1973 2824 2175 2866 dicuntur

1296 2890 1407 2930 Galli
1428 2889 1611 2941 Cybeles
1633 2889 1834 2929 ministri.

1345 2955 1424 2992 264
1451 2951 1677 3004 Amazonii]
1723 2952 1856 2992 Ponti
1874 2964 1951 2992 seu
1968 2951 2096 2992 maris
2114 2950 2174 2991 al-

1291 3015 1451 3056 luentis
1472 3016 1703 3067 Imperium
1725 3013 2004 3055 Amazonum.

1345 3081 1423 3118 265
1454 3077 1643 3129 Icarium]
1686 3077 1759 3117 Sic
1779 3077 1941 3117 dictum
1971 3076 2026 3116 ab
2042 3077 2173 3119 Icaro

1294 3141 1468 3182 Daedali
1497 3141 1603 3191 filio,
1640 3140 1713 3194 qui
1746 3140 1790 3179 in
1823 3139 1902 3180 hoc
1921 3150 2039 3180 mare
2058 3138 2173 3179 deci-

1295 3204 1419 3256 dens,
1437 3217 1491 3244 ex
1513 3204 1685 3254 Ovidio‚
1724 3203 1737 3225 ‘
1761 3202 1910 3244 Icarus
1928 3201 2079 3242 Icariis
2097 3213 2171 3242 no-

1295 3267 1406 3307 mina
1426 3267 1536 3307 fecit
1555 3266 1704 3320 aquis!

1348 3329 1564 3381 Mycalaea]
1581 3328 1749 3369 Littera
1762 3328 1977 3381 Mycenes,
1989 3329 2058 3376 vel
2068 3328 2172 3369 Pro·

1292 3392 1496 3433 montorii
1515 3393 1585 3434 vel
1603 3391 1720 3432 urbis
1739 3391 1890 3433 Cariae.
