2300 3906
322 179 431 233 632
880 189 976 228 cr..
1015 183 1368 227 anumANr
1409 182 1575 222 xxn.

324 309 466 377 Nec,
490 310 539 364 si
564 310 699 380 quid
723 310 952 369 tribuam,
966 305 1237 373 jactatum
1264 302 1474 371 saepius
1498 301 1641 354 idem

321 395 671 464 Exprobrare
695 393 872 445 soles:
910 403 1036 451 nec,
1058 402 1198 455 quos
1220 387 1580 453 promoveris,
1605 386 1716 438 alto

321 479 596 547 Turgidus
622 476 919 545 alloqueris
945 473 1122 525 fastu:
1161 487 1266 522 nec
1290 487 1556 539 prospera
1578 471 1746 536 flatus

321 561 598 616 Attollunt
619 561 845 614 nimios.
911 558 1061 622 Quin
1085 557 1212 625 ipsa
1237 556 1496 624 superbia
1517 555 1682 622 longe
2039 553 2146 606 160

321 648 623 710 Discessit,
651 648 844 699 vitium
866 645 1032 696 rebus
1058 642 1280 694 solenne
1306 640 1576 703 secundiS,

316 730 710 799 Virtutumque
735 732 946 798 ingrata
965 718 1167 781 comes.
1242 724 1564 792 Contingere
1588 723 1801 792 passim

318 812 605 882 Affarique
629 813 775 866 licet.
851 811 987 865 Non
1009 811 1144 862 inter
1167 809 1372 879 pocula
1396 824 1573 860 sermo

322 897 623 966 Captatur3
661 913 803 965 pura
826 895 930 948 sed
965 896 1220 945 libertate
1246 891 1506 958 loquendi

319 981 475 1035 Seria
501 981 734 1048 quisque
753 979 902 1046 jocis
928 977 1078 1043 nulla
1103 973 1390 1026 formidine
1409 973 1629 1024 miscet.
2038 971 2148 1029 165

319 1065 501 1130 Quem
524 1063 680 1117 videt
704 1061 943 1128 Augusti
963 1074 1215 1112 socerum
1237 1056 1500 1124 regnique
1525 1060 1823 1124 parentem,

318 1219 390 1248 non
422 1204 654 1246 consuevisti
683 1204 727 1244 id
759 1203 918 1253 objicere
949 1214 1052 1254 ,ηερε
1081 1201 1338 1242 venditando.-
1377 1212 1495 1252 neque
1521 1199 1757 1249 tumefactus
1776 1199 1893 1250 fastu
1925 1201 2151 1254 arroganti,

316 1260 458 1313 affin}
475 1272 548 1300 eos
582 1270 676 1310 quos
693 1257 867 1298 evexeris
887 1257 940 1295 ad
961 1257 1160 1306 honores,
1184 1267 1304 1306 neque
1335 1266 1402 1293 res
1429 1256 1605 1293 secundoe
1624 1253 1795 1306 efferunt
1815 1258 1861 1294 te
1881 1255 2054 1294 vanitate
2072 1256 2146 1294 im-

315 1315 479 1354 modica.
509 1313 633 1351 Immo
661 1310 841 1363 superbia
858 1310 944 1361 ipsa
975 1309 1130 1348 recessit
1146 1309 1295 1360 procul,
1315 1308 1454 1347 vitium
1458 1307 1666 1354 familiare
1686 1308 1728 1345 in
1747 1307 1861 1347 rebus
1877 1308 2088 1358 prosperis,
2107 1312 2148 1348 et

314 1366 419 1406 socia
447 1366 655 1415 injucunda
685 1366 889 1404 virtutum.
945 1363 1027 1403 Fas
1050 1366 1107 1402 est
1126 1362 1178 1401 ad
1204 1368 1249 1402 te
1277 1363 1472 1410 accedere,
1505 1363 1544 1400 et
1570 1361 1714 1412 alloqui
1733 1365 1791 1400 te.
1852 1361 1938 1399 Non
1959 1361 2147 1401 homines

313 1423 556 1470 aucupantur
578 1419 681 1458 inter
708 1416 882 1457 convivia
912 1415 1181 1455 occasionem
1215 1415 1390 1466 loquendi
1404 1427 1420 1461 ;
1449 1417 1493 1453 at
1524 1414 1784 1465 unusquisque.
1793 1414 1963 1464 ingenua
1989 1414 2148 1454 licentia

315 1473 471 1513 dicendi
485 1472 671 1512 admiscet
691 1471 795 1512 seria
806 1470 972 1519 facetiis
987 1469 1128 1521 absque
1141 1470 1217 1509 ullo
1247 1473 1367 1508 metu.
1423 1467 1480 1507 Et
1504 1479 1615 1519 quem
1634 1469 1810 1507 intuetur
1827 1479 1996 1506 socerum
2020 1467 2148 1518 Impe-

1084 1582 1253 1598 O‘OON‘
1258 1581 1380 1597 “0⁴“

312 1657 405 1697 nodi
420 1656 520 1696 Vat.
539 1668 606 1706 pr.
623 1668 677 1696 m.
699 1667 765 1706 pr.
787 1653 919 1694 Oisel.
944 1653 1061 1693 Prie.
1081 1654 1189 1703 Reg.
1234 1653 1326 1692 doni
1345 1653 1413 1693 vel
1427 1653 1520 1692 nodi
1538 1653 1639 1693 Vat.
1658 1656 1760 1694 tert.
1778 1665 1874 1694 cum
1892 1654 2046 1705 glossa,
2063 1653 2093 1694 i.
2109 1666 2145 1694 e.

311 1710 514 1750 amicitiae.
541 1709 746 1749 Heinsius
763 1707 1026 1758 ascripserat
1044 1707 1186 1746 locum
1216 1706 1363 1745 Ovidii
1396 1706 1535 1757 Epist.
1565 1707 1766 1747 Phaedrae
1800 1720 1859 1747 vs.
1887 1711 1978 1747 135.
2036 1707 2148 1747 ‘Illa

311 1762 402 1802 coit
419 1762 542 1801 firma
561 1761 733 1812 generis
751 1760 958 1812 junctura
976 1765 1142 1809 catena,
1174 1758 1385 1809 Imposuit
1413 1756 1547 1799 nodos
1579 1759 1650 1800 cui
1677 1760 1822 1800 Venus
1854 1760 1946 1812 ipsa
1966 1760 2147 1801 suos.'--

312 1819 390 1855 157
419 1816 484 1855 Ne
501 1815 594 1867 quid
612 1815 646 1854 si
666 1814 735 1854 ed.
754 1814 898 1853 Vicet.
928 1813 1013 1853 Nec
1026 1814 1063 1852 si
1081 1812 1175 1863 quid
1194 1812 1298 1851 Exc.
1319 1812 1499 1853 Lucens.
1521 1825 1584 1864 pr.
1613 1815 1705 1865 quid
1719 1815 1756 1853 si
1775 1815 1902 1854 Farn.
1919 1813 2147 1862 jactantiam

311 1873 357 1909 et
376 1880 503 1908 manu
522 1868 688 1908 recenti
705 1866 1044 1918 superscriptum
1051 1865 1288 1914 jactandum
1306 1865 1463 1906 Sched.
1484 1866 1599 1907 Gud.
1627 1867 1828 1916 jeu-tatum
1848 1869 1914 1907 vel
1935 1871 2146 1908 tractatum

310 1922 414 1961 Vat.
431 1925 634 1974 pr.-—-158
661 1921 740 1960 alto
761 1921 827 1958 vel
847 1920 950 1958 ultro
969 1919 1111 1959 Oxou.
1141 1923 1362 1959 see—159
1395 1919 1590 1959 Turbidus
1617 1920 1702 1959 duo
1730 1920 1882 1961 Leidd.
1901 1926 1947 1960 et
1974 1921 2147 1972 plurimi

311 1973 452 2014 Codd.
485 1976 591 2013 Exc.
626 1973 754 2022 Laeti,
791 1973 968 2011 Gevart.
990 1973 1171 2012 Lucens.
1191 1984 1255 2023 pr.
1280 1972 1347 2013 ed.
1365 1973 1505 2013 Vicet.
1524 1972 1628 2012 var.
1659 1974 1745 2013 LL.
1777 1974 1846 2013 ed.
1880 1973 2012 2014 Antv.
2047 1973 2147 2022 fatu

312 2027 384 2066 vel
405 2025 523 2074 fastu
553 2024 675 2066 Med.
707 2038 773 2076 pr.
805 2037 853 2064 ne
882 2026 1036 2065 Petav.
1070 2037 1158 2066 sec.
1189 2025 1327 2072 fastus
1351 2026 1454 2067 Jun.
1492 2030 1688 2078 pr.--l6l
1731 2027 1911 2066 Decessit
1937 2027 2043 2067 Jun.
2075 2039 2143 2079 pr.

310 2090 507 2119 commune
536 2078 656 2119 Pric.
697 2078 844 2118 sederis
876 2079 1002 2118 Farn.
1033 2081 1315 2132 m.-j32pr.—-—162
1342 2080 1570 2130 conjungere
1611 2079 1735 2120 Leid.
1780 2092 1848 2131 pr.
1891 2080 2034 2128 Oxou.
2077 2092 2144 2132 pr.

310 2135 444 2172 ι---163
472 2133 589 2171 datur
623 2144 701 2182 pro
732 2132 822 2170 licet
852 2130 1002 2171 Ambr.
1032 2142 1119 2170 sec.
1148 2131 1264 2169 licent
1291 2131 1393 2171 Vat.
1423 2144 1489 2184 pr.
1524 2144 1579 2170 m.
1613 2145 1677 2184 pr.
1707 2133 1814 2173 intra
1847 2134 1966 2174 Med.
1986 2138 2146 2174 tert.—

313 2188 392 2225 164
421 2189 509 2224 tuta
529 2184 598 2224 vel
616 2196 708 2224 vera
727 2183 987 2236 conjiciebat
1006 2182 1156 2224 Heius.
1187 2196 1311 2234 purus
1329 2185 1454 2224 Voss.
1483 2197 1537 2224 m.
1567 2189 1787 2227 sem—165
1818 2187 1913 2226 locis
1930 2187 2031 2226 Vat.
2053 2198 2141 2232 sec.

311 2238 432 2279 Med.
448 2242 549 2292 tert.
583 2239 686 2277 locus
703 2236 821 2278 Med.
838 2240 1064 2278 sem—166
1087 2248 1347 2289 generumque
1362 2242 1565 2289 parentem
1584 2238 1710 2280 Farn.
1733 2243 1930 2290 potentem
1949 2241 2057 2292 Reg.
2073 2252 2143 2292 po-

1131 2330 1308 2372 NOTAE

309 2428 393 2470 que
412 2416 569 2468 verbis,
589 2430 685 2458 cum
702 2430 853 2459 munus
868 2419 1039 2472 aliquod
1056 2418 1199 2469 datur,
1317 2422 1395 2459 162
1430 2418 1704 2471 Virtutumque
1722 2411 2039 2471 ingratacomes]
2065 2420 2145 2460 Su.

308 2485 488 2532 augetur
502 2480 594 2532 ejus
609 2481 806 2521 meritum
825 2486 871 2521 et
897 2481 1047 2533 gratia.
1108 2480 1198 2522 Alii
1260 2481 1411 2532 perbia
1450 2494 1590 2522 comes
1639 2481 1877 2534 injucunda
1921 2483 2143 2534 virtutum,

307 2544 460 2596 legunt
491 2545 596 2593 nodi,
626 2544 672 2585 id
700 2550 779 2595 est,
797 2544 911 2585 bona
934 2550 981 2586 et
1006 2543 1196 2585 officiosa
1259 2545 1340 2584 hoc
1358 2550 1439 2594 est,
1457 2546 1668 2584 honorum
1687 2545 1848 2584 virtute
1870 2541 2103 2597 partorum.

309 2606 443 2646 verba
474 2605 597 2657 dicis,
615 2606 769 2659 quibus
810 2606 966 2659 gratia
983 2613 1029 2648 et
1061 2608 1193 2648 honos
1315 2606 1574 2659 Contingere]
1616 2606 1687 2647 Ad
1726 2611 1770 2647 te
1809 2607 2017 2648 accedere
2044 2620 2143 2661 pro·

308 2668 411 2709 nodi
430 2669 650 2710 honorifici
672 2671 871 2711 amicitiae
890 2675 978 2710 tuae
998 2676 1196 2724 augetur,
1256 2669 1369 2722 pius,
1391 2669 1588 2710 dextram
1609 2675 1725 2709 tuam
1748 2671 2016 2722 contingere.

308 2731 566 2784 geminatur.
613 2733 790 2774 Cicero:
819 2734 831 2755 ‘
849 2732 1191 2775 Amabilissimus
1313 2736 1391 2775 163
1421 2733 1532 2772 Inter
1543 2732 1698 2785 pocula]
1727 2733 1847 2773 Inter
1866 2735 2062 2786 scyphos,
2077 2735 2143 2775 in-

307 2794 444 2836 nodus
463 2795 692 2838 amicitiae!
1256 2800 1326 2837 ter
1345 2795 1554 2845 convivia,
1576 2795 1648 2836 ubi
1669 2802 1838 2836 veteres
1857 2809 1901 2836 se
1925 2797 2140 2848 piaculum

363 2862 442 2900 158
472 2860 742 2912 Exprobrare]
781 2861 879 2901 Non
892 2862 1038 2918 jactas
1059 2862 1188 2902 bene·
1255 2859 1484 2900 admittere
1503 2859 1732 2912 putabant,
1753 2859 1788 2898 si
1805 2860 2030 2915 quicquam
2049 2865 2140 2903 tum

306 2919 452 2981 ficium
471 2935 497 2962 a
511 2928 556 2963 te
575 2923 796 2975 collatum,
829 2937 912 2964 non
935 2937 1189 2966 commemo·
1256 2922 1383 2963 triste
1396 2928 1470 2962 aut
1483 2922 1678 2982 dicerent
1691 2928 1766 2962 aut
1776 2920 1982 2962 facerent.
2014 2922 2140 2963 Ideo-

307 2996 396 3036 ras,
413 2996 512 3043 nam
529 2985 675 3027 isthaec
701 2989 1047 3029 commemoratio
1066 2988 1190 3041 quasi
1255 2997 1338 3039 que
1369 2986 1461 3027 haec
1494 2986 1607 3026 viros
1643 2985 1861 3038 principes
1891 2984 2137 3041 alloquendi

308 3046 586 3108 exprobratio
604 3053 671 3088 est
691 3049 731 3088 in
761 3050 951 3102 ingratos
970 3057 1016 3091 et
1044 3050 1188 3091 imme·
1254 3047 1425 3089 occasio
1445 3049 1643 3088 consulto
1662 3048 1935 3099 captabatur.
2132 3089 2135 3091 μ

306 3120 448 3150 mores
467 3109 785 3151 beneficiorum.
1312 3112 1388 3149 164
1419 3111 1548 3161 Pura]
1568 3109 1791 3149 Libertate
1812 3123 1936 3161 pura,
1952 3111 2137 3163 sincera,

362 3175 439 3215 161
469 3172 651 3223 solenne]
690 3169 900 3224 Superbia
919 3173 960 3213 in
982 3174 1109 3215 rebus
1123 3187 1188 3216 se·
1251 3174 1453 3225 ingenua,
1481 3184 1565 3213 non
1596 3179 1750 3224 parata
1769 3179 1813 3212 et
1833 3173 2055 3215 elaborata
2070 3187 2137 3215 ar-

305 3233 457 3289 cundis
480 3235 628 3276 vitium
666 3234 890 3287 familiare,
915 3236 1190 3289 ordinarium,
1258 3235 1415 3286 tificiis,
1448 3243 1497 3274 ut
1530 3247 1654 3275 aures
1693 3235 1981 3288 potentiorum
2018 3237 2138 3282 fastu

306 3296 424 3348 quod
441 3298 536 3339 vult
563 3294 663 3351 coli,
686 3297 807 3353 quasi
826 3298 916 3341 dies
935 3299 1087 3354 aliquis
1105 3296 1188 3342 fes·
1255 3298 1464 3352 turgidas,
1491 3303 1536 3339 et
1554 3298 1801 3340 obstructas
1821 3299 1970 3340 leniori
1991 3300 2135 3342 adula-

306 3359 379 3401 tus
396 3367 440 3402 et
460 3362 660 3405 solennis.
1254 3360 1372 3402 tione
1393 3365 1613 3413 penetret.
2139 3381 2151 3385 v
