<?xml version="1.0" encoding="UTF-8"?>
<!DOCTYPE html PUBLIC "-//W3C//DTD XHTML 1.0 Transitional//EN"
    "http://www.w3.org/TR/xhtml1/DTD/xhtml1-transitional.dtd">
<html xmlns="http://www.w3.org/1999/xhtml" xml:lang="en" lang="en">
 <head>
  <title>
</title>
<meta http-equiv="Content-Type" content="text/html;charset=utf-8" />
  <meta name='ocr-system' content='tesseract 3.04.00' />
  <meta name='ocr-capabilities' content='ocr_page ocr_carea ocr_par ocr_line ocrx_word'/>
</head>
<body>
  <div class='ocr_page' id='page_1' title='image "./operaomniaexedit02clauuoft/operaomniaexedit02clauuoft_0146.png"; bbox 0 0 2300 3906; ppageno 0'>
   <div class='ocr_carea' id='block_1_1' title="bbox 292 180 1554 234">
    <p class='ocr_par' dir='ltr' id='par_1_1' title="bbox 292 180 1554 234">
     <span class='ocr_line' id='line_1_1' title="bbox 292 180 1554 234; baseline -0.001 0"><span class='ocrx_word' id='word_1_1' title='bbox 292 180 400 234; x_wconf 81' lang='grc'><strong>648</strong></span> <span class='ocrx_word' id='word_1_2' title='bbox 847 193 943 234; x_wconf 69' lang='lat' dir='ltr'><strong>cn.</strong></span> <span class='ocrx_word' id='word_1_3' title='bbox 984 190 1341 232; x_wconf 71' lang='lat' dir='ltr'><strong>cLAumAm</strong></span> <span class='ocrx_word' id='word_1_4' title='bbox 1382 182 1554 233; x_wconf 75' lang='lat' dir='ltr'><strong>xxix.</strong></span> 
     </span>
    </p>
   </div>
   <div class='ocr_carea' id='block_1_2' title="bbox 291 298 1719 553">
    <p class='ocr_par' dir='ltr' id='par_1_2' title="bbox 291 298 1719 553">
     <span class='ocr_line' id='line_1_2' title="bbox 293 298 1638 384; baseline -0.005 -14"><span class='ocrx_word' id='word_1_5' title='bbox 293 318 622 380; x_wconf 86' lang='lat' dir='ltr'><strong>Posteritas,</strong></span> <span class='ocrx_word' id='word_1_6' title='bbox 645 331 747 368; x_wconf 89' lang='lat' dir='ltr'><strong>nec</strong></span> <span class='ocrx_word' id='word_1_7' title='bbox 765 298 883 384; x_wconf 80' lang='lat' dir='ltr'><strong>jam</strong></span> <span class='ocrx_word' id='word_1_8' title='bbox 905 313 1094 364; x_wconf 87' lang='lat' dir='ltr'><strong>doleat</strong></span> <span class='ocrx_word' id='word_1_9' title='bbox 1115 310 1345 363; x_wconf 85' lang='lat' dir='ltr'><strong>defensa</strong></span> <span class='ocrx_word' id='word_1_10' title='bbox 1366 315 1638 363; x_wconf 78' lang='lat' dir='ltr'><strong>vetustas,</strong></span> 
     </span>
     <span class='ocr_line' id='line_1_3' title="bbox 291 397 1719 464; baseline -0.006 -9"><span class='ocrx_word' id='word_1_11' title='bbox 291 402 378 455; x_wconf 88' lang='lat' dir='ltr'><strong>Sit</strong></span> <span class='ocrx_word' id='word_1_12' title='bbox 400 402 604 454; x_wconf 80' lang='lat' dir='ltr'>trabeis</span> <span class='ocrx_word' id='word_1_13' title='bbox 627 401 768 453; x_wconf 88' lang='lat' dir='ltr'><strong>ultor</strong></span> <span class='ocrx_word' id='word_1_14' title='bbox 793 398 1080 460; x_wconf 88' lang='lat' dir='ltr'><strong>Stilichon,</strong></span> <span class='ocrx_word' id='word_1_15' title='bbox 1110 397 1426 464; x_wconf 84' lang='lat' dir='ltr'><strong>Brutusque</strong></span> <span class='ocrx_word' id='word_1_16' title='bbox 1452 401 1719 464; x_wconf 82' lang='lat' dir='ltr'><strong>repertor.</strong></span> 
     </span>
     <span class='ocr_line' id='line_1_4' title="bbox 291 479 1705 553; baseline -0.003 -15"><span class='ocrx_word' id='word_1_17' title='bbox 291 485 543 539; x_wconf 84' lang='lat' dir='ltr'>Libertas</span> <span class='ocrx_word' id='word_1_18' title='bbox 568 484 782 553; x_wconf 89' lang='lat' dir='ltr'><strong>populi,</strong></span> <span class='ocrx_word' id='word_1_19' title='bbox 803 484 983 551; x_wconf 89' lang='lat' dir='ltr'><strong>primo</strong></span> <span class='ocrx_word' id='word_1_20' title='bbox 1006 486 1137 533; x_wconf 92' lang='lat' dir='ltr'><strong>tunc</strong></span> <span class='ocrx_word' id='word_1_21' title='bbox 1166 479 1406 532; x_wconf 86' lang='lat' dir='ltr'><strong>Consule</strong></span> <span class='ocrx_word' id='word_1_22' title='bbox 1432 481 1626 545; x_wconf 87' lang='lat' dir='ltr'><strong>Brut0‚</strong></span> <span class='ocrx_word' id='word_1_23' title='bbox 1702 532 1705 534; x_wconf 84' lang='lat'><strong>.</strong></span> 
     </span>
    </p>
   </div>
   <div class='ocr_carea' id='block_1_3' title="bbox 288 566 2118 1227">
    <p class='ocr_par' dir='ltr' id='par_1_3' title="bbox 293 566 1701 638">
     <span class='ocr_line' id='line_1_5' title="bbox 293 566 1701 638; baseline -0.004 -15"><span class='ocrx_word' id='word_1_24' title='bbox 293 570 535 624; x_wconf 84' lang='lat' dir='ltr'>Reddita</span> <span class='ocrx_word' id='word_1_25' title='bbox 560 586 660 637; x_wconf 84' lang='lat' dir='ltr'><strong>per</strong></span> <span class='ocrx_word' id='word_1_26' title='bbox 682 569 892 621; x_wconf 85' lang='lat' dir='ltr'><strong>fasces:</strong></span> <span class='ocrx_word' id='word_1_27' title='bbox 930 567 1019 619; x_wconf 91' lang='lat' dir='ltr'><strong>hic</strong></span> <span class='ocrx_word' id='word_1_28' title='bbox 1046 567 1289 638; x_wconf 84' lang='lat' dir='ltr'><strong>fascibus</strong></span> <span class='ocrx_word' id='word_1_29' title='bbox 1317 566 1536 634; x_wconf 84' lang='lat' dir='ltr'>expulit</span> <span class='ocrx_word' id='word_1_30' title='bbox 1559 566 1701 634; x_wconf 89' lang='lat' dir='ltr'><strong>ipsis</strong></span> 
     </span>
    </p>

    <p class='ocr_par' dir='ltr' id='par_1_4' title="bbox 290 648 2115 804">
     <span class='ocr_line' id='line_1_6' title="bbox 295 648 2115 707; baseline -0.003 0"><span class='ocrx_word' id='word_1_31' title='bbox 295 651 617 707; x_wconf 81' lang='lat' dir='ltr'><strong>Servitium:</strong></span> <span class='ocrx_word' id='word_1_32' title='bbox 655 652 891 705; x_wconf 82' lang='lat' dir='ltr'><strong>instituit</strong></span> <span class='ocrx_word' id='word_1_33' title='bbox 915 652 1204 703; x_wconf 88' lang='lat' dir='ltr'><strong>sublimem</strong></span> <span class='ocrx_word' id='word_1_34' title='bbox 1232 650 1435 702; x_wconf 86' lang='lat' dir='ltr'><strong>Brutus</strong></span> <span class='ocrx_word' id='word_1_35' title='bbox 1459 651 1752 702; x_wconf 84' lang='lat' dir='ltr'><strong>honorem:</strong></span> <span class='ocrx_word' id='word_1_36' title='bbox 2002 648 2115 701; x_wconf 69' lang='lat'><strong>325</strong></span> 
     </span>
     <span class='ocr_line' id='line_1_7' title="bbox 290 737 1793 804; baseline -0.003 -13"><span class='ocrx_word' id='word_1_37' title='bbox 290 737 544 791; x_wconf 88' lang='lat' dir='ltr'><strong>Asseruit</strong></span> <span class='ocrx_word' id='word_1_38' title='bbox 569 737 860 791; x_wconf 89' lang='lat' dir='ltr'><strong>Stilichon.</strong></span> <span class='ocrx_word' id='word_1_39' title='bbox 937 737 1077 789; x_wconf 92' lang='lat' dir='ltr'><strong>Plus</strong></span> <span class='ocrx_word' id='word_1_40' title='bbox 1106 742 1191 789; x_wconf 90' lang='lat' dir='ltr'><strong>est</strong></span> <span class='ocrx_word' id='word_1_41' title='bbox 1224 752 1478 788; x_wconf 87' lang='lat' dir='ltr'><strong>servasse</strong></span> <span class='ocrx_word' id='word_1_42' title='bbox 1502 738 1793 804; x_wconf 87' lang='lat' dir='ltr'><strong>repertum,</strong></span> 
     </span>
    </p>

    <p class='ocr_par' dir='ltr' id='par_1_5' title="bbox 292 814 1834 890">
     <span class='ocr_line' id='line_1_8' title="bbox 292 814 1834 890; baseline -0.002 -18"><span class='ocrx_word' id='word_1_43' title='bbox 292 821 473 886; x_wconf 85' lang='lat' dir='ltr'><strong>Quam</strong></span> <span class='ocrx_word' id='word_1_44' title='bbox 495 823 768 890; x_wconf 88' lang='lat' dir='ltr'><strong>quaesisse</strong></span> <span class='ocrx_word' id='word_1_45' title='bbox 789 838 1004 874; x_wconf 88' lang='lat' dir='ltr'><strong>novum.</strong></span> <span class='ocrx_word' id='word_1_46' title='bbox 1083 821 1472 885; x_wconf 83' lang='lat' dir='ltr'><strong>Quidtardius</strong></span> <span class='ocrx_word' id='word_1_47' title='bbox 1501 814 1595 872; x_wconf 79' lang='lat' dir='ltr'><strong>ore</strong></span> <span class='ocrx_word' id='word_1_48' title='bbox 1617 818 1834 871; x_wconf 88' lang='lat' dir='ltr'><strong>rubenti</strong></span> 
     </span>
    </p>

    <p class='ocr_par' dir='ltr' id='par_1_6' title="bbox 290 905 1650 970">
     <span class='ocr_line' id='line_1_9' title="bbox 290 905 1650 970; baseline -0.004 -12"><span class='ocrx_word' id='word_1_49' title='bbox 290 905 525 969; x_wconf 83' lang='lat' dir='ltr'><strong>AnnuiS,</strong></span> <span class='ocrx_word' id='word_1_50' title='bbox 552 910 605 957; x_wconf 90' lang='lat' dir='ltr'><strong>et</strong></span> <span class='ocrx_word' id='word_1_51' title='bbox 628 906 824 958; x_wconf 87' lang='lat' dir='ltr'><strong>solitus</strong></span> <span class='ocrx_word' id='word_1_52' title='bbox 850 906 1082 957; x_wconf 87' lang='lat' dir='ltr'><strong>frontem</strong></span> <span class='ocrx_word' id='word_1_53' title='bbox 1107 905 1443 957; x_wconf 85' lang='lat' dir='ltr'><strong>circumlinit</strong></span> <span class='ocrx_word' id='word_1_54' title='bbox 1466 905 1607 970; x_wconf 83' lang='lat' dir='ltr'><strong>ignis</strong></span> <span class='ocrx_word' id='word_1_55' title='bbox 1625 905 1650 954; x_wconf 79' lang='lat' dir='ltr'><strong>&#39;l</strong></span> 
     </span>
    </p>

    <p class='ocr_par' dir='ltr' id='par_1_7' title="bbox 289 986 1808 1056">
     <span class='ocr_line' id='line_1_10' title="bbox 289 986 1808 1056; baseline -0.002 -14"><span class='ocrx_word' id='word_1_56' title='bbox 289 990 541 1042; x_wconf 85' lang='lat' dir='ltr'><strong>Tandem</strong></span> <span class='ocrx_word' id='word_1_57' title='bbox 565 991 724 1041; x_wconf 86' lang='lat' dir='ltr'><strong>vince</strong></span> <span class='ocrx_word' id='word_1_58' title='bbox 745 995 917 1051; x_wconf 89' lang='lat' dir='ltr'><strong>tuum,</strong></span> <span class='ocrx_word' id='word_1_59' title='bbox 942 990 1118 1040; x_wconf 88' lang='lat' dir='ltr'><strong>vincis</strong></span> <span class='ocrx_word' id='word_1_60' title='bbox 1143 988 1240 1056; x_wconf 89' lang='lat' dir='ltr'><strong>qui</strong></span> <span class='ocrx_word' id='word_1_61' title='bbox 1266 993 1488 1050; x_wconf 84' lang='lat' dir='ltr'><strong>cuncta,</strong></span> <span class='ocrx_word' id='word_1_62' title='bbox 1516 986 1808 1054; x_wconf 86' lang='lat' dir='ltr'><strong>pudorem.</strong></span> 
     </span>
    </p>

    <p class='ocr_par' dir='ltr' id='par_1_8' title="bbox 288 1069 2118 1227">
     <span class='ocr_line' id='line_1_11' title="bbox 290 1069 2118 1142; baseline -0.001 -16"><span class='ocrx_word' id='word_1_63' title='bbox 290 1074 418 1126; x_wconf 93' lang='lat' dir='ltr'><strong>Hos</strong></span> <span class='ocrx_word' id='word_1_64' title='bbox 442 1075 624 1136; x_wconf 85' lang='lat' dir='ltr'><strong>etiam,</strong></span> <span class='ocrx_word' id='word_1_65' title='bbox 649 1073 906 1140; x_wconf 88' lang='lat' dir='ltr'><strong>quamvis</strong></span> <span class='ocrx_word' id='word_1_66' title='bbox 933 1073 1207 1142; x_wconf 87' lang='lat' dir='ltr'><strong>corrumpi</strong></span> <span class='ocrx_word' id='word_1_67' title='bbox 1229 1088 1446 1124; x_wconf 89' lang='lat' dir='ltr'><strong>munere</strong></span> <span class='ocrx_word' id='word_1_68' title='bbox 1470 1072 1626 1123; x_wconf 89' lang='lat' dir='ltr'><strong>nullo</strong></span> <span class='ocrx_word' id='word_1_69' title='bbox 2009 1069 2118 1124; x_wconf 82' lang='lat'><strong>330</strong></span> 
     </span>
     <span class='ocr_line' id='line_1_12' title="bbox 288 1157 1763 1227; baseline -0.002 -16"><span class='ocrx_word' id='word_1_70' title='bbox 288 1159 371 1211; x_wconf 88' lang='lat' dir='ltr'><strong>Te</strong></span> <span class='ocrx_word' id='word_1_71' title='bbox 398 1163 607 1211; x_wconf 88' lang='lat' dir='ltr'><strong>certum</strong></span> <span class='ocrx_word' id='word_1_72' title='bbox 628 1162 732 1221; x_wconf 91' lang='lat' dir='ltr'><strong>est,</strong></span> <span class='ocrx_word' id='word_1_73' title='bbox 757 1159 957 1210; x_wconf 88' lang='lat' dir='ltr'><strong>mirare</strong></span> <span class='ocrx_word' id='word_1_74' title='bbox 982 1159 1159 1211; x_wconf 91' lang='lat' dir='ltr'><strong>libens</strong></span> <span class='ocrx_word' id='word_1_75' title='bbox 1187 1175 1254 1211; x_wconf 87' lang='lat' dir='ltr'><strong>ac</strong></span> <span class='ocrx_word' id='word_1_76' title='bbox 1280 1158 1505 1227; x_wconf 88' lang='lat' dir='ltr'><strong>suscipe</strong></span> <span class='ocrx_word' id='word_1_77' title='bbox 1528 1157 1763 1220; x_wconf 79' lang='lat' dir='ltr'><strong>cinctuS,</strong></span> 
     </span>
    </p>
   </div>
   <div class='ocr_carea' id='block_1_4' title="bbox 284 1285 2120 1661">
    <p class='ocr_par' dir='ltr' id='par_1_9' title="bbox 284 1285 2120 1661">
     <span class='ocr_line' id='line_1_13' title="bbox 288 1285 2120 1342; baseline -0.002 -12"><span class='ocrx_word' id='word_1_78' title='bbox 288 1291 354 1341; x_wconf 81' lang='lat' dir='ltr'><strong>qui</strong></span> <span class='ocrx_word' id='word_1_79' title='bbox 371 1302 448 1342; x_wconf 87' lang='lat' dir='ltr'><strong>per</strong></span> <span class='ocrx_word' id='word_1_80' title='bbox 464 1295 507 1330; x_wconf 89' lang='lat' dir='ltr'><strong>te</strong></span> <span class='ocrx_word' id='word_1_81' title='bbox 527 1289 777 1341; x_wconf 80' lang='lat' dir='ltr'><strong>propugnati.</strong></span> <span class='ocrx_word' id='word_1_82' title='bbox 831 1290 983 1329; x_wconf 85' lang='lat' dir='ltr'><strong>Brutus</strong></span> <span class='ocrx_word' id='word_1_83' title='bbox 996 1290 1051 1329; x_wconf 83' lang='lat' dir='ltr'><strong>sit</strong></span> <span class='ocrx_word' id='word_1_84' title='bbox 1068 1290 1246 1329; x_wconf 80' lang='lat' dir='ltr'><strong>inventor</strong></span> <span class='ocrx_word' id='word_1_85' title='bbox 1266 1289 1511 1336; x_wconf 81' lang='lat' dir='ltr'><strong>Consulatus,</strong></span> <span class='ocrx_word' id='word_1_86' title='bbox 1529 1292 1567 1327; x_wconf 89' lang='lat' dir='ltr'><strong>et</strong></span> <span class='ocrx_word' id='word_1_87' title='bbox 1584 1287 1751 1326; x_wconf 81' lang='lat' dir='ltr'><strong>Stilicho</strong></span> <span class='ocrx_word' id='word_1_88' title='bbox 1769 1287 1927 1328; x_wconf 84' lang='lat' dir='ltr'><strong>vindex.</strong></span> <span class='ocrx_word' id='word_1_89' title='bbox 1982 1285 2120 1327; x_wconf 78' lang='lat' dir='ltr'><strong>Liber-</strong></span> 
     </span>
     <span class='ocr_line' id='line_1_14' title="bbox 287 1340 2118 1395; baseline -0.001 -13"><span class='ocrx_word' id='word_1_90' title='bbox 287 1349 351 1384; x_wconf 76' lang='lat' dir='ltr'><strong>tas</strong></span> <span class='ocrx_word' id='word_1_91' title='bbox 362 1343 494 1395; x_wconf 85' lang='lat' dir='ltr'><strong>populi</strong></span> <span class='ocrx_word' id='word_1_92' title='bbox 509 1348 600 1383; x_wconf 83' lang='lat' dir='ltr'><strong>tunc</strong></span> <span class='ocrx_word' id='word_1_93' title='bbox 618 1344 802 1382; x_wconf 88' lang='lat' dir='ltr'><strong>restituta</strong></span> <span class='ocrx_word' id='word_1_94' title='bbox 834 1347 890 1382; x_wconf 82' lang='lat' dir='ltr'><strong>est</strong></span> <span class='ocrx_word' id='word_1_95' title='bbox 917 1356 988 1393; x_wconf 83' lang='lat' dir='ltr'><strong>per</strong></span> <span class='ocrx_word' id='word_1_96' title='bbox 1011 1344 1277 1392; x_wconf 80' lang='lat' dir='ltr'><strong>Consulatum,</strong></span> <span class='ocrx_word' id='word_1_97' title='bbox 1308 1343 1439 1382; x_wconf 88' lang='lat' dir='ltr'><strong>Bruto</strong></span> <span class='ocrx_word' id='word_1_98' title='bbox 1472 1342 1635 1380; x_wconf 78' lang='lat' dir='ltr'><strong>Consule</strong></span> <span class='ocrx_word' id='word_1_99' title='bbox 1660 1341 1787 1391; x_wconf 80' lang='lat' dir='ltr'><strong>primo</strong></span> <span class='ocrx_word' id='word_1_100' title='bbox 1803 1354 1817 1379; x_wconf 90' lang='grc'><strong>.·</strong></span> <span class='ocrx_word' id='word_1_101' title='bbox 1843 1341 1908 1379; x_wconf 85' lang='lat' dir='ltr'><strong>hic</strong></span> <span class='ocrx_word' id='word_1_102' title='bbox 1937 1340 2118 1381; x_wconf 85' lang='lat' dir='ltr'><strong>Stilicho</strong></span> 
     </span>
     <span class='ocr_line' id='line_1_15' title="bbox 284 1394 2119 1449; baseline -0.002 -12"><span class='ocrx_word' id='word_1_103' title='bbox 284 1398 433 1449; x_wconf 78' lang='lat' dir='ltr'><strong>pepulit</strong></span> <span class='ocrx_word' id='word_1_104' title='bbox 453 1398 693 1446; x_wconf 78' lang='lat' dir='ltr'><strong>servitutem,</strong></span> <span class='ocrx_word' id='word_1_105' title='bbox 711 1397 795 1448; x_wconf 86' lang='lat' dir='ltr'><strong>ipso</strong></span> <span class='ocrx_word' id='word_1_106' title='bbox 814 1397 1039 1436; x_wconf 78' lang='lat' dir='ltr'><strong>Consulatu.</strong></span> <span class='ocrx_word' id='word_1_107' title='bbox 1080 1397 1234 1435; x_wconf 85' lang='lat' dir='ltr'><strong>Brutus</strong></span> <span class='ocrx_word' id='word_1_108' title='bbox 1249 1395 1447 1435; x_wconf 78' lang='lat' dir='ltr'><strong>inchoavit</strong></span> <span class='ocrx_word' id='word_1_109' title='bbox 1465 1397 1616 1446; x_wconf 81' lang='lat' dir='ltr'><strong>primus</strong></span> <span class='ocrx_word' id='word_1_110' title='bbox 1634 1394 1911 1443; x_wconf 77' lang='lat' dir='ltr'><strong>magistratum</strong></span> <span class='ocrx_word' id='word_1_111' title='bbox 1928 1394 2119 1444; x_wconf 80' lang='lat' dir='ltr'><strong>amplissi-</strong></span> 
     </span>
     <span class='ocr_line' id='line_1_16' title="bbox 288 1447 2118 1498; baseline -0.001 -10"><span class='ocrx_word' id='word_1_112' title='bbox 288 1464 418 1490; x_wconf 84' lang='lat' dir='ltr'><strong>mum:</strong></span> <span class='ocrx_word' id='word_1_113' title='bbox 447 1451 613 1490; x_wconf 82' lang='lat' dir='ltr'><strong>Stilicho</strong></span> <span class='ocrx_word' id='word_1_114' title='bbox 632 1452 736 1490; x_wconf 82' lang='lat' dir='ltr'><strong>ultus</strong></span> <span class='ocrx_word' id='word_1_115' title='bbox 753 1454 822 1489; x_wconf 86' lang='lat' dir='ltr'><strong>est.</strong></span> <span class='ocrx_word' id='word_1_116' title='bbox 865 1450 1083 1489; x_wconf 81' lang='lat' dir='ltr'><strong>Gloriosius</strong></span> <span class='ocrx_word' id='word_1_117' title='bbox 1101 1454 1158 1488; x_wconf 81' lang='lat' dir='ltr'><strong>est</strong></span> <span class='ocrx_word' id='word_1_118' title='bbox 1171 1449 1383 1497; x_wconf 66' lang='lat' dir='ltr'><strong>defendisse</strong></span> <span class='ocrx_word' id='word_1_119' title='bbox 1402 1449 1617 1498; x_wconf 85' lang='lat' dir='ltr'><strong>inventum,</strong></span> <span class='ocrx_word' id='word_1_120' title='bbox 1635 1460 1749 1498; x_wconf 81' lang='lat' dir='ltr'><strong>quam</strong></span> <span class='ocrx_word' id='word_1_121' title='bbox 1761 1447 1888 1498; x_wconf 81' lang='lat' dir='ltr'><strong>primo</strong></span> <span class='ocrx_word' id='word_1_122' title='bbox 1914 1447 2118 1487; x_wconf 78' lang='lat' dir='ltr'><strong>invenisse.</strong></span> 
     </span>
     <span class='ocr_line' id='line_1_17' title="bbox 290 1499 2120 1554; baseline -0.002 -12"><span class='ocrx_word' id='word_1_123' title='bbox 290 1505 424 1548; x_wconf 81' lang='lat' dir='ltr'><strong>Quare</strong></span> <span class='ocrx_word' id='word_1_124' title='bbox 454 1504 601 1554; x_wconf 79' lang='lat' dir='ltr'><strong>igitur,</strong></span> <span class='ocrx_word' id='word_1_125' title='bbox 629 1517 653 1543; x_wconf 95' lang='lat' dir='ltr'><strong>o</strong></span> <span class='ocrx_word' id='word_1_126' title='bbox 688 1504 879 1550; x_wconf 84' lang='lat' dir='ltr'><strong>Stilicho,</strong></span> <span class='ocrx_word' id='word_1_127' title='bbox 905 1504 1016 1542; x_wconf 86' lang='lat' dir='ltr'><strong>vultu</strong></span> <span class='ocrx_word' id='word_1_128' title='bbox 1043 1503 1281 1542; x_wconf 79' lang='lat' dir='ltr'><strong>erubescente</strong></span> <span class='ocrx_word' id='word_1_129' title='bbox 1307 1502 1429 1542; x_wconf 82' lang='lat' dir='ltr'><strong>serius</strong></span> <span class='ocrx_word' id='word_1_130' title='bbox 1447 1501 1621 1541; x_wconf 76' lang='lat' dir='ltr'><strong>concedis</strong></span> <span class='ocrx_word' id='word_1_131' title='bbox 1645 1500 1812 1551; x_wconf 84' lang='lat' dir='ltr'><strong>petita?</strong></span> <span class='ocrx_word' id='word_1_132' title='bbox 1850 1511 1982 1551; x_wconf 85' lang='lat' dir='ltr'><strong>quare</strong></span> <span class='ocrx_word' id='word_1_133' title='bbox 1999 1499 2120 1539; x_wconf 82' lang='lat' dir='ltr'><strong>rubor</strong></span> 
     </span>
     <span class='ocr_line' id='line_1_18' title="bbox 287 1553 2119 1607; baseline -0.002 -11"><span class='ocrx_word' id='word_1_134' title='bbox 287 1562 490 1597; x_wconf 83' lang='lat' dir='ltr'><strong>consuetus</strong></span> <span class='ocrx_word' id='word_1_135' title='bbox 508 1559 654 1596; x_wconf 81' lang='lat' dir='ltr'><strong>vultum</strong></span> <span class='ocrx_word' id='word_1_136' title='bbox 673 1555 830 1606; x_wconf 84' lang='lat' dir='ltr'><strong>cingit?</strong></span> <span class='ocrx_word' id='word_1_137' title='bbox 858 1555 1009 1607; x_wconf 81' lang='lat' dir='ltr'><strong>Supera</strong></span> <span class='ocrx_word' id='word_1_138' title='bbox 1041 1558 1197 1595; x_wconf 85' lang='lat' dir='ltr'><strong>tandem</strong></span> <span class='ocrx_word' id='word_1_139' title='bbox 1228 1555 1450 1595; x_wconf 78' lang='lat' dir='ltr'><strong>modestiam</strong></span> <span class='ocrx_word' id='word_1_140' title='bbox 1480 1559 1605 1604; x_wconf 85' lang='lat' dir='ltr'><strong>tuam,</strong></span> <span class='ocrx_word' id='word_1_141' title='bbox 1626 1558 1674 1592; x_wconf 88' lang='lat' dir='ltr'><strong>tu</strong></span> <span class='ocrx_word' id='word_1_142' title='bbox 1703 1553 1769 1604; x_wconf 81' lang='lat' dir='ltr'><strong>qm·</strong></span> <span class='ocrx_word' id='word_1_143' title='bbox 1796 1565 1957 1604; x_wconf 80' lang='lat' dir='ltr'><strong>superas</strong></span> <span class='ocrx_word' id='word_1_144' title='bbox 1975 1553 2119 1592; x_wconf 77' lang='lat' dir='ltr'><strong>omnia.</strong></span> 
     </span>
     <span class='ocr_line' id='line_1_19' title="bbox 294 1607 2119 1661; baseline -0.002 -12"><span class='ocrx_word' id='word_1_145' title='bbox 294 1611 536 1661; x_wconf 83' lang='lat' dir='ltr'><strong>Quinetiam,</strong></span> <span class='ocrx_word' id='word_1_146' title='bbox 555 1611 629 1649; x_wconf 85' lang='lat' dir='ltr'><strong>etsi</strong></span> <span class='ocrx_word' id='word_1_147' title='bbox 658 1614 806 1649; x_wconf 85' lang='lat' dir='ltr'><strong>constat</strong></span> <span class='ocrx_word' id='word_1_148' title='bbox 826 1613 864 1648; x_wconf 86' lang='lat' dir='ltr'><strong>te</strong></span> <span class='ocrx_word' id='word_1_149' title='bbox 883 1610 986 1648; x_wconf 85' lang='lat' dir='ltr'><strong>nullo</strong></span> <span class='ocrx_word' id='word_1_150' title='bbox 1005 1609 1211 1660; x_wconf 84' lang='lat' dir='ltr'><strong>depravari</strong></span> <span class='ocrx_word' id='word_1_151' title='bbox 1229 1610 1342 1660; x_wconf 87' lang='lat' dir='ltr'><strong>dono,</strong></span> <span class='ocrx_word' id='word_1_152' title='bbox 1356 1612 1485 1648; x_wconf 85' lang='lat' dir='ltr'><strong>tamen</strong></span> <span class='ocrx_word' id='word_1_153' title='bbox 1498 1607 1695 1647; x_wconf 83' lang='lat' dir='ltr'><strong>admirare</strong></span> <span class='ocrx_word' id='word_1_154' title='bbox 1713 1607 1831 1657; x_wconf 80' lang='lat' dir='ltr'><strong>ultro,</strong></span> <span class='ocrx_word' id='word_1_155' title='bbox 1847 1610 1885 1645; x_wconf 86' lang='lat' dir='ltr'><strong>et</strong></span> <span class='ocrx_word' id='word_1_156' title='bbox 1900 1607 2030 1658; x_wconf 79' lang='lat' dir='ltr'><strong>recipe</strong></span> <span class='ocrx_word' id='word_1_157' title='bbox 2047 1607 2119 1646; x_wconf 73' lang='lat' dir='ltr'><strong>lias</strong></span> 
     </span>
    </p>
   </div>
   <div class='ocr_carea' id='block_1_5' title="bbox 1054 1710 1351 1725">
    <p class='ocr_par' dir='ltr' id='par_1_10' title="bbox 1054 1710 1351 1725">
     <span class='ocr_line' id='line_1_20' title="bbox 1054 1710 1351 1725; baseline 0 -1"><span class='ocrx_word' id='word_1_158' title='bbox 1054 1710 1351 1725; x_wconf 55' lang='lat'><strong>000000000000</strong></span> 
     </span>
    </p>
   </div>
   <div class='ocr_carea' id='block_1_6' title="bbox 276 1776 2149 2792">
    <p class='ocr_par' dir='ltr' id='par_1_11' title="bbox 276 1776 2149 2792">
     <span class='ocr_line' id='line_1_21' title="bbox 283 1776 2120 1830; baseline -0.003 -8"><span class='ocrx_word' id='word_1_159' title='bbox 283 1786 363 1822; x_wconf 73' lang='lat'><strong>321</strong></span> <span class='ocrx_word' id='word_1_160' title='bbox 393 1786 475 1821; x_wconf 80' lang='lat' dir='ltr'><strong>tam</strong></span> <span class='ocrx_word' id='word_1_161' title='bbox 494 1782 592 1820; x_wconf 87' lang='lat' dir='ltr'><strong>Vat.</strong></span> <span class='ocrx_word' id='word_1_162' title='bbox 620 1782 858 1820; x_wconf 63' lang='lat' dir='ltr'><strong>tem—322</strong></span> <span class='ocrx_word' id='word_1_163' title='bbox 886 1777 935 1817; x_wconf 82' lang='lat' dir='ltr'><strong>Si</strong></span> <span class='ocrx_word' id='word_1_164' title='bbox 964 1777 1115 1818; x_wconf 82' lang='lat' dir='ltr'><strong>Ambr.</strong></span> <span class='ocrx_word' id='word_1_165' title='bbox 1142 1780 1344 1830; x_wconf 61' lang='lat' dir='ltr'><strong>piu—323</strong></span> <span class='ocrx_word' id='word_1_166' title='bbox 1370 1778 1522 1830; x_wconf 84' lang='lat' dir='ltr'><strong>populis</strong></span> <span class='ocrx_word' id='word_1_167' title='bbox 1553 1779 1682 1819; x_wconf 84' lang='lat' dir='ltr'><strong>Fam.</strong></span> <span class='ocrx_word' id='word_1_168' title='bbox 1719 1779 1860 1830; x_wconf 80' lang='lat' dir='ltr'><strong>populo</strong></span> <span class='ocrx_word' id='word_1_169' title='bbox 1894 1776 2018 1818; x_wconf 84' lang='lat' dir='ltr'><strong>Leid.</strong></span> <span class='ocrx_word' id='word_1_170' title='bbox 2050 1789 2120 1829; x_wconf 85' lang='lat' dir='ltr'><strong>pr.</strong></span> 
     </span>
     <span class='ocr_line' id='line_1_22' title="bbox 284 1831 2118 1885; baseline -0.002 -10"><span class='ocrx_word' id='word_1_171' title='bbox 284 1841 323 1875; x_wconf 85' lang='lat' dir='ltr'><strong>te</strong></span> <span class='ocrx_word' id='word_1_172' title='bbox 343 1837 493 1875; x_wconf 77' lang='lat' dir='ltr'><strong>consule</strong></span> <span class='ocrx_word' id='word_1_173' title='bbox 513 1835 643 1874; x_wconf 85' lang='lat' dir='ltr'><strong>Brute</strong></span> <span class='ocrx_word' id='word_1_174' title='bbox 676 1833 994 1885; x_wconf 39' lang='lat' dir='ltr'><strong>Floreut5Vat.</strong></span> <span class='ocrx_word' id='word_1_175' title='bbox 1026 1837 1130 1873; x_wconf 88' lang='lat' dir='ltr'><strong>tert.</strong></span> <span class='ocrx_word' id='word_1_176' title='bbox 1158 1845 1214 1871; x_wconf 92' lang='lat' dir='ltr'><strong>m.</strong></span> <span class='ocrx_word' id='word_1_177' title='bbox 1244 1844 1306 1883; x_wconf 87' lang='lat' dir='ltr'><strong>pr.</strong></span> <span class='ocrx_word' id='word_1_178' title='bbox 1350 1836 1434 1872; x_wconf 86' lang='lat' dir='ltr'><strong>tum</strong></span> <span class='ocrx_word' id='word_1_179' title='bbox 1452 1833 1603 1872; x_wconf 78' lang='lat' dir='ltr'><strong>consule</strong></span> <span class='ocrx_word' id='word_1_180' title='bbox 1621 1832 1704 1873; x_wconf 87' lang='lat' dir='ltr'><strong>inc.</strong></span> <span class='ocrx_word' id='word_1_181' title='bbox 1726 1833 2019 1872; x_wconf 80' lang='lat' dir='ltr'><strong>Heius.—324</strong></span> <span class='ocrx_word' id='word_1_182' title='bbox 2045 1831 2118 1872; x_wconf 80' lang='lat' dir='ltr'><strong>hac</strong></span> 
     </span>
     <span class='ocr_line' id='line_1_23' title="bbox 287 1884 2118 1936; baseline -0.002 -8"><span class='ocrx_word' id='word_1_183' title='bbox 287 1889 421 1929; x_wconf 88' lang='lat' dir='ltr'><strong>Oisel.</strong></span> <span class='ocrx_word' id='word_1_184' title='bbox 460 1889 523 1928; x_wconf 81' lang='lat' dir='ltr'><strong>his</strong></span> <span class='ocrx_word' id='word_1_185' title='bbox 554 1889 658 1927; x_wconf 86' lang='lat' dir='ltr'><strong>Var.</strong></span> <span class='ocrx_word' id='word_1_186' title='bbox 695 1887 781 1926; x_wconf 87' lang='lat' dir='ltr'><strong>LL.</strong></span> <span class='ocrx_word' id='word_1_187' title='bbox 804 1886 873 1926; x_wconf 88' lang='lat' dir='ltr'><strong>ed.</strong></span> <span class='ocrx_word' id='word_1_188' title='bbox 905 1885 1040 1925; x_wconf 89' lang='lat' dir='ltr'><strong>Antv.</strong></span> <span class='ocrx_word' id='word_1_189' title='bbox 1097 1886 1259 1925; x_wconf 86' lang='lat' dir='ltr'><strong>abstulit</strong></span> <span class='ocrx_word' id='word_1_190' title='bbox 1292 1884 1529 1926; x_wconf 76' lang='lat' dir='ltr'><strong>Ald.—325</strong></span> <span class='ocrx_word' id='word_1_191' title='bbox 1567 1886 1743 1925; x_wconf 80' lang='lat' dir='ltr'><strong>sublimis</strong></span> <span class='ocrx_word' id='word_1_192' title='bbox 1776 1885 1871 1925; x_wconf 82' lang='lat' dir='ltr'><strong>Pal.</strong></span> <span class='ocrx_word' id='word_1_193' title='bbox 1898 1884 2018 1924; x_wconf 89' lang='lat' dir='ltr'><strong>Med.</strong></span> <span class='ocrx_word' id='word_1_194' title='bbox 2052 1896 2118 1936; x_wconf 80' lang='lat' dir='ltr'><strong>pr.</strong></span> 
     </span>
     <span class='ocr_line' id='line_1_24' title="bbox 283 1938 2149 1992; baseline -0.002 -10"><span class='ocrx_word' id='word_1_195' title='bbox 283 1943 445 1982; x_wconf 86' lang='lat' dir='ltr'><strong>Thuan.</strong></span> <span class='ocrx_word' id='word_1_196' title='bbox 473 1942 654 1981; x_wconf 78' lang='lat' dir='ltr'><strong>servilem</strong></span> <span class='ocrx_word' id='word_1_197' title='bbox 672 1941 914 1979; x_wconf 64' lang='lat' dir='ltr'><strong>Low—326</strong></span> <span class='ocrx_word' id='word_1_198' title='bbox 938 1941 1121 1990; x_wconf 82' lang='lat' dir='ltr'><strong>populum</strong></span> <span class='ocrx_word' id='word_1_199' title='bbox 1139 1952 1310 1979; x_wconf 81' lang='lat' dir='ltr'><strong>servasse</strong></span> <span class='ocrx_word' id='word_1_200' title='bbox 1328 1939 1448 1980; x_wconf 88' lang='lat' dir='ltr'><strong>Med.</strong></span> <span class='ocrx_word' id='word_1_201' title='bbox 1467 1943 1740 1992; x_wconf 61' lang='lat' dir='ltr'><strong>quarn—327</strong></span> <span class='ocrx_word' id='word_1_202' title='bbox 1760 1951 1826 1979; x_wconf 86' lang='lat' dir='ltr'><strong>ore</strong></span> <span class='ocrx_word' id='word_1_203' title='bbox 1844 1938 2000 1978; x_wconf 82' lang='lat' dir='ltr'><strong>rubenti</strong></span> <span class='ocrx_word' id='word_1_204' title='bbox 2012 1938 2116 1980; x_wconf 83' lang='lat' dir='ltr'><strong>Vat.</strong></span> <span class='ocrx_word' id='word_1_205' title='bbox 2145 1939 2149 1944; x_wconf 67' lang='grc'><strong>“</strong></span> 
     </span>
     <span class='ocr_line' id='line_1_25' title="bbox 286 1992 2117 2047; baseline -0.002 -12"><span class='ocrx_word' id='word_1_206' title='bbox 286 2008 355 2047; x_wconf 86' lang='lat' dir='ltr'><strong>pr.</strong></span> <span class='ocrx_word' id='word_1_207' title='bbox 376 2001 421 2035; x_wconf 87' lang='lat' dir='ltr'><strong>et</strong></span> <span class='ocrx_word' id='word_1_208' title='bbox 440 2000 543 2035; x_wconf 86' lang='lat' dir='ltr'><strong>tert.</strong></span> <span class='ocrx_word' id='word_1_209' title='bbox 563 1995 683 2033; x_wconf 90' lang='lat' dir='ltr'><strong>Rott.</strong></span> <span class='ocrx_word' id='word_1_210' title='bbox 707 1992 843 2032; x_wconf 88' lang='lat' dir='ltr'><strong>Oisel.</strong></span> <span class='ocrx_word' id='word_1_211' title='bbox 865 1993 947 2031; x_wconf 82' lang='lat' dir='ltr'><strong>duo</strong></span> <span class='ocrx_word' id='word_1_212' title='bbox 966 1993 1089 2031; x_wconf 92' lang='lat' dir='ltr'><strong>Med.</strong></span> <span class='ocrx_word' id='word_1_213' title='bbox 1123 1993 1231 2043; x_wconf 86' lang='lat' dir='ltr'><strong>Reg.</strong></span> <span class='ocrx_word' id='word_1_214' title='bbox 1267 1994 1432 2033; x_wconf 88' lang='lat' dir='ltr'><strong>Thuan.</strong></span> <span class='ocrx_word' id='word_1_215' title='bbox 1467 1994 1630 2033; x_wconf 84' lang='lat' dir='ltr'><strong>Mazar.</strong></span> <span class='ocrx_word' id='word_1_216' title='bbox 1648 1993 1675 2034; x_wconf 87' lang='lat' dir='ltr'><strong>J</strong></span> <span class='ocrx_word' id='word_1_217' title='bbox 1682 2004 1750 2032; x_wconf 89' lang='lat' dir='ltr'><strong>un.</strong></span> <span class='ocrx_word' id='word_1_218' title='bbox 1769 1992 1910 2032; x_wconf 90' lang='lat' dir='ltr'><strong>Oxou.</strong></span> <span class='ocrx_word' id='word_1_219' title='bbox 1929 2004 1996 2043; x_wconf 84' lang='lat' dir='ltr'><strong>pr.</strong></span> <span class='ocrx_word' id='word_1_220' title='bbox 2015 1992 2117 2032; x_wconf 86' lang='lat' dir='ltr'><strong>Vat.</strong></span> 
     </span>
     <span class='ocr_line' id='line_1_26' title="bbox 284 2046 2116 2096; baseline -0.002 -8"><span class='ocrx_word' id='word_1_221' title='bbox 284 2049 422 2088; x_wconf 85' lang='lat' dir='ltr'><strong>Livin.</strong></span> <span class='ocrx_word' id='word_1_222' title='bbox 464 2049 628 2087; x_wconf 81' lang='lat' dir='ltr'><strong>verendo</strong></span> <span class='ocrx_word' id='word_1_223' title='bbox 648 2052 736 2085; x_wconf 85' lang='lat' dir='ltr'><strong>tres</strong></span> <span class='ocrx_word' id='word_1_224' title='bbox 754 2047 877 2085; x_wconf 79' lang='lat' dir='ltr'><strong>Vatt.</strong></span> <span class='ocrx_word' id='word_1_225' title='bbox 897 2046 1022 2085; x_wconf 85' lang='lat' dir='ltr'><strong>Faru.</strong></span> <span class='ocrx_word' id='word_1_226' title='bbox 1048 2046 1165 2087; x_wconf 77' lang='lat' dir='ltr'><strong>Prie..</strong></span> <span class='ocrx_word' id='word_1_227' title='bbox 1192 2047 1275 2086; x_wconf 89' lang='lat' dir='ltr'><strong>inc.</strong></span> <span class='ocrx_word' id='word_1_228' title='bbox 1305 2047 1457 2086; x_wconf 84' lang='lat' dir='ltr'><strong>Heius.</strong></span> <span class='ocrx_word' id='word_1_229' title='bbox 1477 2046 1561 2086; x_wconf 91' lang='lat' dir='ltr'><strong>duo</strong></span> <span class='ocrx_word' id='word_1_230' title='bbox 1581 2047 1703 2086; x_wconf 86' lang='lat' dir='ltr'><strong>Med.</strong></span> <span class='ocrx_word' id='word_1_231' title='bbox 1723 2047 1830 2087; x_wconf 85' lang='lat' dir='ltr'><strong>Exc.</strong></span> <span class='ocrx_word' id='word_1_232' title='bbox 1847 2046 2029 2086; x_wconf 73' lang='lat' dir='ltr'><strong>Lucem.</strong></span> <span class='ocrx_word' id='word_1_233' title='bbox 2049 2056 2116 2096; x_wconf 85' lang='lat' dir='ltr'><strong>pr.</strong></span> 
     </span>
     <span class='ocr_line' id='line_1_27' title="bbox 286 2098 2120 2150; baseline -0.002 -8"><span class='ocrx_word' id='word_1_234' title='bbox 286 2102 356 2143; x_wconf 86' lang='lat' dir='ltr'><strong>ed.</strong></span> <span class='ocrx_word' id='word_1_235' title='bbox 374 2102 518 2141; x_wconf 86' lang='lat' dir='ltr'><strong>Vicet.</strong></span> <span class='ocrx_word' id='word_1_236' title='bbox 537 2101 701 2149; x_wconf 78' lang='lat' dir='ltr'><strong>jacendo</strong></span> <span class='ocrx_word' id='word_1_237' title='bbox 720 2098 866 2138; x_wconf 86' lang='lat' dir='ltr'><strong>Ambr.</strong></span> <span class='ocrx_word' id='word_1_238' title='bbox 889 2110 954 2150; x_wconf 84' lang='lat' dir='ltr'><strong>pr.</strong></span> <span class='ocrx_word' id='word_1_239' title='bbox 982 2099 1139 2138; x_wconf 81' lang='lat' dir='ltr'><strong>rubenti</strong></span> <span class='ocrx_word' id='word_1_240' title='bbox 1158 2100 1226 2138; x_wconf 88' lang='lat' dir='ltr'><strong>vel</strong></span> <span class='ocrx_word' id='word_1_241' title='bbox 1243 2102 1408 2139; x_wconf 86' lang='lat' dir='ltr'><strong>verendo</strong></span> <span class='ocrx_word' id='word_1_242' title='bbox 1427 2101 1619 2140; x_wconf 81' lang='lat' dir='ltr'><strong>Florent.</strong></span> <span class='ocrx_word' id='word_1_243' title='bbox 1648 2100 1792 2141; x_wconf 88' lang='lat' dir='ltr'><strong>Oxou.</strong></span> <span class='ocrx_word' id='word_1_244' title='bbox 1823 2101 2047 2140; x_wconf 62' lang='lat' dir='ltr'><strong>sem—328</strong></span> <span class='ocrx_word' id='word_1_245' title='bbox 2074 2102 2120 2138; x_wconf 82' lang='lat' dir='ltr'><strong>at</strong></span> 
     </span>
     <span class='ocr_line' id='line_1_28' title="bbox 284 2151 2119 2204; baseline -0.002 -9"><span class='ocrx_word' id='word_1_246' title='bbox 284 2156 420 2195; x_wconf 82' lang='lat' dir='ltr'><strong>solitus</strong></span> <span class='ocrx_word' id='word_1_247' title='bbox 449 2157 545 2195; x_wconf 88' lang='lat' dir='ltr'><strong>Pat.</strong></span> <span class='ocrx_word' id='word_1_248' title='bbox 590 2158 628 2193; x_wconf 84' lang='lat' dir='ltr'><strong>et</strong></span> <span class='ocrx_word' id='word_1_249' title='bbox 656 2153 793 2192; x_wconf 82' lang='lat' dir='ltr'><strong>solitus</strong></span> <span class='ocrx_word' id='word_1_250' title='bbox 823 2152 907 2191; x_wconf 93' lang='lat' dir='ltr'><strong>duo</strong></span> <span class='ocrx_word' id='word_1_251' title='bbox 925 2153 1044 2192; x_wconf 87' lang='lat' dir='ltr'><strong>Vatt.</strong></span> <span class='ocrx_word' id='word_1_252' title='bbox 1077 2157 1163 2191; x_wconf 84' lang='lat' dir='ltr'><strong>tres</strong></span> <span class='ocrx_word' id='word_1_253' title='bbox 1195 2152 1315 2193; x_wconf 85' lang='lat' dir='ltr'><strong>Med.</strong></span> <span class='ocrx_word' id='word_1_254' title='bbox 1336 2152 1429 2193; x_wconf 86' lang='lat' dir='ltr'><strong>Pal.</strong></span> <span class='ocrx_word' id='word_1_255' title='bbox 1450 2153 1587 2193; x_wconf 88' lang='lat' dir='ltr'><strong>Oisel.</strong></span> <span class='ocrx_word' id='word_1_256' title='bbox 1609 2154 1802 2195; x_wconf 87' lang='lat' dir='ltr'><strong>Florent.</strong></span> <span class='ocrx_word' id='word_1_257' title='bbox 1825 2154 1934 2204; x_wconf 87' lang='lat' dir='ltr'><strong>Reg.</strong></span> <span class='ocrx_word' id='word_1_258' title='bbox 1952 2151 2119 2192; x_wconf 77' lang='lat' dir='ltr'><strong>Thuan.</strong></span> 
     </span>
     <span class='ocr_line' id='line_1_29' title="bbox 286 2204 2117 2258; baseline -0.002 -9"><span class='ocrx_word' id='word_1_259' title='bbox 286 2209 446 2249; x_wconf 81' lang='lat' dir='ltr'><strong>Mazar.</strong></span> <span class='ocrx_word' id='word_1_260' title='bbox 463 2208 618 2247; x_wconf 81' lang='lat' dir='ltr'><strong>PetaV.</strong></span> <span class='ocrx_word' id='word_1_261' title='bbox 638 2218 701 2258; x_wconf 80' lang='lat' dir='ltr'><strong>pr.</strong></span> <span class='ocrx_word' id='word_1_262' title='bbox 741 2205 925 2246; x_wconf 85' lang='lat' dir='ltr'><strong>insolitus</strong></span> <span class='ocrx_word' id='word_1_263' title='bbox 943 2205 1026 2245; x_wconf 90' lang='lat' dir='ltr'><strong>duo</strong></span> <span class='ocrx_word' id='word_1_264' title='bbox 1045 2205 1196 2246; x_wconf 84' lang='lat' dir='ltr'><strong>Leidd.</strong></span> <span class='ocrx_word' id='word_1_265' title='bbox 1209 2206 1311 2245; x_wconf 89' lang='lat' dir='ltr'><strong>Vat.</strong></span> <span class='ocrx_word' id='word_1_266' title='bbox 1332 2218 1418 2246; x_wconf 86' lang='lat' dir='ltr'><strong>sec.</strong></span> <span class='ocrx_word' id='word_1_267' title='bbox 1441 2206 1569 2246; x_wconf 86' lang='lat' dir='ltr'><strong>Farn.</strong></span> <span class='ocrx_word' id='word_1_268' title='bbox 1591 2207 1705 2247; x_wconf 83' lang='lat' dir='ltr'><strong>Prie.</strong></span> <span class='ocrx_word' id='word_1_269' title='bbox 1725 2206 1869 2247; x_wconf 87' lang='lat' dir='ltr'><strong>Oxou.</strong></span> <span class='ocrx_word' id='word_1_270' title='bbox 1886 2218 1975 2247; x_wconf 84' lang='lat' dir='ltr'><strong>sec.</strong></span> <span class='ocrx_word' id='word_1_271' title='bbox 1994 2204 2117 2246; x_wconf 81' lang='lat' dir='ltr'><strong>Med.</strong></span> 
     </span>
     <span class='ocr_line' id='line_1_30' title="bbox 287 2257 2120 2311; baseline -0.002 -8"><span class='ocrx_word' id='word_1_272' title='bbox 287 2268 389 2303; x_wconf 84' lang='lat' dir='ltr'><strong>tert.</strong></span> <span class='ocrx_word' id='word_1_273' title='bbox 430 2274 482 2301; x_wconf 89' lang='lat' dir='ltr'><strong>an</strong></span> <span class='ocrx_word' id='word_1_274' title='bbox 511 2260 649 2301; x_wconf 82' lang='lat' dir='ltr'><strong>solitus</strong></span> <span class='ocrx_word' id='word_1_275' title='bbox 682 2260 831 2298; x_wconf 87' lang='lat' dir='ltr'><strong>Barth.</strong></span> <span class='ocrx_word' id='word_1_276' title='bbox 863 2271 919 2298; x_wconf 87' lang='lat' dir='ltr'><strong>ex</strong></span> <span class='ocrx_word' id='word_1_277' title='bbox 949 2259 1035 2298; x_wconf 89' lang='lat' dir='ltr'><strong>Ms.</strong></span> <span class='ocrx_word' id='word_1_278' title='bbox 1075 2263 1121 2298; x_wconf 77' lang='lat' dir='ltr'><strong>ut</strong></span> <span class='ocrx_word' id='word_1_279' title='bbox 1153 2258 1221 2299; x_wconf 87' lang='lat' dir='ltr'><strong>vel</strong></span> <span class='ocrx_word' id='word_1_280' title='bbox 1250 2271 1296 2298; x_wconf 88' lang='lat' dir='ltr'><strong>en</strong></span> <span class='ocrx_word' id='word_1_281' title='bbox 1327 2259 1438 2310; x_wconf 90' lang='lat' dir='ltr'><strong>conj.</strong></span> <span class='ocrx_word' id='word_1_282' title='bbox 1472 2259 1626 2299; x_wconf 82' lang='lat' dir='ltr'><strong>Heius.</strong></span> <span class='ocrx_word' id='word_1_283' title='bbox 1669 2257 1826 2299; x_wconf 78' lang='lat' dir='ltr'><strong>tandem</strong></span> <span class='ocrx_word' id='word_1_284' title='bbox 1845 2271 1922 2311; x_wconf 83' lang='lat' dir='ltr'><strong>pro</strong></span> <span class='ocrx_word' id='word_1_285' title='bbox 1939 2258 2120 2307; x_wconf 85' lang='lat' dir='ltr'><strong>frontem</strong></span> 
     </span>
     <span class='ocr_line' id='line_1_31' title="bbox 284 2312 2121 2366; baseline -0.003 -11"><span class='ocrx_word' id='word_1_286' title='bbox 284 2315 436 2355; x_wconf 88' lang='lat' dir='ltr'><strong>Ambr.</strong></span> <span class='ocrx_word' id='word_1_287' title='bbox 456 2327 521 2366; x_wconf 83' lang='lat' dir='ltr'><strong>pr.</strong></span> <span class='ocrx_word' id='word_1_288' title='bbox 561 2313 799 2353; x_wconf 83' lang='lat' dir='ltr'><strong>circumlinit</strong></span> <span class='ocrx_word' id='word_1_289' title='bbox 822 2313 948 2353; x_wconf 77' lang='lat' dir='ltr'><strong>Farn.</strong></span> <span class='ocrx_word' id='word_1_290' title='bbox 976 2313 1080 2351; x_wconf 89' lang='lat' dir='ltr'><strong>Put.</strong></span> <span class='ocrx_word' id='word_1_291' title='bbox 1101 2312 1206 2351; x_wconf 79' lang='lat' dir='ltr'><strong>Lov.</strong></span> <span class='ocrx_word' id='word_1_292' title='bbox 1236 2318 1283 2352; x_wconf 88' lang='lat' dir='ltr'><strong>et</strong></span> <span class='ocrx_word' id='word_1_293' title='bbox 1310 2313 1376 2352; x_wconf 89' lang='lat' dir='ltr'><strong>ed.</strong></span> <span class='ocrx_word' id='word_1_294' title='bbox 1401 2312 1545 2352; x_wconf 88' lang='lat' dir='ltr'><strong>Vicet.</strong></span> <span class='ocrx_word' id='word_1_295' title='bbox 1587 2313 1806 2352; x_wconf 84' lang='lat' dir='ltr'><strong>circumluit</strong></span> <span class='ocrx_word' id='word_1_296' title='bbox 1822 2313 1926 2353; x_wconf 84' lang='lat' dir='ltr'><strong>Lov.</strong></span> <span class='ocrx_word' id='word_1_297' title='bbox 1945 2324 2000 2351; x_wconf 86' lang='lat' dir='ltr'><strong>ex</strong></span> <span class='ocrx_word' id='word_1_298' title='bbox 2020 2323 2121 2351; x_wconf 88' lang='lat' dir='ltr'><strong>con-</strong></span> 
     </span>
     <span class='ocr_line' id='line_1_32' title="bbox 276 2364 2117 2420; baseline -0.002 -11"><span class='ocrx_word' id='word_1_299' title='bbox 276 2369 469 2420; x_wconf 75' lang='lat' dir='ltr'><strong>Jectura,</strong></span> <span class='ocrx_word' id='word_1_300' title='bbox 491 2368 604 2406; x_wconf 85' lang='lat' dir='ltr'><strong>sicut</strong></span> <span class='ocrx_word' id='word_1_301' title='bbox 623 2372 668 2406; x_wconf 84' lang='lat' dir='ltr'><strong>et</strong></span> <span class='ocrx_word' id='word_1_302' title='bbox 686 2366 786 2404; x_wconf 91' lang='lat' dir='ltr'><strong>olim</strong></span> <span class='ocrx_word' id='word_1_303' title='bbox 806 2366 956 2405; x_wconf 84' lang='lat' dir='ltr'><strong>Heius.</strong></span> <span class='ocrx_word' id='word_1_304' title='bbox 985 2365 1132 2404; x_wconf 85' lang='lat' dir='ltr'><strong>circum</strong></span> <span class='ocrx_word' id='word_1_305' title='bbox 1164 2366 1223 2405; x_wconf 85' lang='lat' dir='ltr'><strong>uit</strong></span> <span class='ocrx_word' id='word_1_306' title='bbox 1238 2367 1345 2406; x_wconf 89' lang='lat' dir='ltr'><strong>Exc.</strong></span> <span class='ocrx_word' id='word_1_307' title='bbox 1362 2366 1475 2406; x_wconf 84' lang='lat' dir='ltr'><strong>Laeti</strong></span> <span class='ocrx_word' id='word_1_308' title='bbox 1495 2371 1540 2406; x_wconf 89' lang='lat' dir='ltr'><strong>et</strong></span> <span class='ocrx_word' id='word_1_309' title='bbox 1555 2367 1736 2407; x_wconf 86' lang='lat' dir='ltr'><strong>Lucens.</strong></span> <span class='ocrx_word' id='word_1_310' title='bbox 1752 2379 1817 2417; x_wconf 84' lang='lat' dir='ltr'><strong>pr.</strong></span> <span class='ocrx_word' id='word_1_311' title='bbox 1835 2365 1942 2405; x_wconf 87' lang='lat' dir='ltr'><strong>item</strong></span> <span class='ocrx_word' id='word_1_312' title='bbox 1961 2364 2117 2405; x_wconf 87' lang='lat' dir='ltr'><strong>Heius.</strong></span> 
     </span>
     <span class='ocr_line' id='line_1_33' title="bbox 285 2418 2118 2471; baseline -0.002 -9"><span class='ocrx_word' id='word_1_313' title='bbox 285 2422 420 2463; x_wconf 86' lang='lat' dir='ltr'><strong>Gesn.</strong></span> <span class='ocrx_word' id='word_1_314' title='bbox 439 2426 484 2460; x_wconf 89' lang='lat' dir='ltr'><strong>et</strong></span> <span class='ocrx_word' id='word_1_315' title='bbox 503 2421 570 2460; x_wconf 88' lang='lat' dir='ltr'><strong>ed.</strong></span> <span class='ocrx_word' id='word_1_316' title='bbox 592 2421 765 2471; x_wconf 89' lang='lat' dir='ltr'><strong>Bipout.</strong></span> <span class='ocrx_word' id='word_1_317' title='bbox 813 2418 1059 2470; x_wconf 82' lang='lat' dir='ltr'><strong>circumfluat</strong></span> <span class='ocrx_word' id='word_1_318' title='bbox 1128 2419 1197 2459; x_wconf 84' lang='lat' dir='ltr'><strong>ed.</strong></span> <span class='ocrx_word' id='word_1_319' title='bbox 1214 2423 1316 2460; x_wconf 81' lang='lat' dir='ltr'><strong>tert.</strong></span> <span class='ocrx_word' id='word_1_320' title='bbox 1360 2419 1468 2470; x_wconf 83' lang='lat' dir='ltr'><strong>ignis</strong></span> <span class='ocrx_word' id='word_1_321' title='bbox 1485 2425 1574 2460; x_wconf 84' lang='lat' dir='ltr'><strong>tres</strong></span> <span class='ocrx_word' id='word_1_322' title='bbox 1588 2420 1712 2461; x_wconf 86' lang='lat' dir='ltr'><strong>Vatt.</strong></span> <span class='ocrx_word' id='word_1_323' title='bbox 1731 2420 1829 2459; x_wconf 88' lang='lat' dir='ltr'><strong>Pal.</strong></span> <span class='ocrx_word' id='word_1_324' title='bbox 1873 2419 1999 2459; x_wconf 79' lang='lat' dir='ltr'><strong>amnis</strong></span> <span class='ocrx_word' id='word_1_325' title='bbox 2014 2419 2118 2459; x_wconf 82' lang='lat' dir='ltr'><strong>Vat.</strong></span> 
     </span>
     <span class='ocr_line' id='line_1_34' title="bbox 282 2471 2119 2524; baseline -0.001 -10"><span class='ocrx_word' id='word_1_326' title='bbox 282 2487 371 2516; x_wconf 90' lang='lat' dir='ltr'><strong>sec.</strong></span> <span class='ocrx_word' id='word_1_327' title='bbox 391 2475 507 2515; x_wconf 82' lang='lat' dir='ltr'><strong>Pric.</strong></span> <span class='ocrx_word' id='word_1_328' title='bbox 523 2474 678 2513; x_wconf 85' lang='lat' dir='ltr'><strong>Petav.</strong></span> <span class='ocrx_word' id='word_1_329' title='bbox 700 2484 786 2511; x_wconf 85' lang='lat' dir='ltr'><strong>sec.</strong></span> <span class='ocrx_word' id='word_1_330' title='bbox 807 2471 890 2512; x_wconf 90' lang='lat' dir='ltr'><strong>inc.</strong></span> <span class='ocrx_word' id='word_1_331' title='bbox 913 2473 1063 2511; x_wconf 86' lang='lat' dir='ltr'><strong>Heius.</strong></span> <span class='ocrx_word' id='word_1_332' title='bbox 1086 2473 1250 2513; x_wconf 89' lang='lat' dir='ltr'><strong>Bonon.</strong></span> <span class='ocrx_word' id='word_1_333' title='bbox 1268 2473 1436 2513; x_wconf 86' lang='lat' dir='ltr'><strong>Tholos.</strong></span> <span class='ocrx_word' id='word_1_334' title='bbox 1456 2473 1578 2514; x_wconf 87' lang='lat' dir='ltr'><strong>Leid.</strong></span> <span class='ocrx_word' id='word_1_335' title='bbox 1605 2485 1693 2513; x_wconf 87' lang='lat' dir='ltr'><strong>sec.</strong></span> <span class='ocrx_word' id='word_1_336' title='bbox 1713 2485 1769 2512; x_wconf 91' lang='lat' dir='ltr'><strong>m.</strong></span> <span class='ocrx_word' id='word_1_337' title='bbox 1792 2484 1858 2524; x_wconf 87' lang='lat' dir='ltr'><strong>pr.</strong></span> <span class='ocrx_word' id='word_1_338' title='bbox 1879 2471 2005 2512; x_wconf 86' lang='lat' dir='ltr'><strong>ambo</strong></span> <span class='ocrx_word' id='word_1_339' title='bbox 2021 2471 2119 2512; x_wconf 80' lang='lat' dir='ltr'><strong>Mo·</strong></span> 
     </span>
     <span class='ocr_line' id='line_1_35' title="bbox 282 2525 2118 2577; baseline -0.002 -7"><span class='ocrx_word' id='word_1_340' title='bbox 282 2534 368 2570; x_wconf 77' lang='lat' dir='ltr'><strong>ret.</strong></span> <span class='ocrx_word' id='word_1_341' title='bbox 382 2529 466 2569; x_wconf 88' lang='lat' dir='ltr'><strong>duo</strong></span> <span class='ocrx_word' id='word_1_342' title='bbox 486 2527 639 2568; x_wconf 82' lang='lat' dir='ltr'><strong>Ambr.</strong></span> <span class='ocrx_word' id='word_1_343' title='bbox 655 2527 762 2566; x_wconf 85' lang='lat' dir='ltr'><strong>Var.</strong></span> <span class='ocrx_word' id='word_1_344' title='bbox 781 2526 867 2574; x_wconf 84' lang='lat' dir='ltr'><strong>LL.</strong></span> <span class='ocrx_word' id='word_1_345' title='bbox 892 2538 915 2564; x_wconf 89' lang='lat' dir='ltr'><strong>e</strong></span> <span class='ocrx_word' id='word_1_346' title='bbox 934 2538 1067 2577; x_wconf 82' lang='lat' dir='ltr'><strong>marg.</strong></span> <span class='ocrx_word' id='word_1_347' title='bbox 1088 2525 1234 2565; x_wconf 85' lang='lat' dir='ltr'><strong>Parm.</strong></span> <span class='ocrx_word' id='word_1_348' title='bbox 1275 2526 1382 2576; x_wconf 82' lang='lat' dir='ltr'><strong>ignis</strong></span> <span class='ocrx_word' id='word_1_349' title='bbox 1404 2527 1471 2566; x_wconf 87' lang='lat' dir='ltr'><strong>vel</strong></span> <span class='ocrx_word' id='word_1_350' title='bbox 1490 2525 1616 2566; x_wconf 81' lang='lat' dir='ltr'><strong>amnis</strong></span> <span class='ocrx_word' id='word_1_351' title='bbox 1636 2526 1778 2567; x_wconf 88' lang='lat' dir='ltr'><strong>Oxou.</strong></span> <span class='ocrx_word' id='word_1_352' title='bbox 1802 2537 1867 2577; x_wconf 84' lang='lat' dir='ltr'><strong>pr.</strong></span> <span class='ocrx_word' id='word_1_353' title='bbox 1891 2526 1999 2577; x_wconf 84' lang='lat' dir='ltr'><strong>Reg.</strong></span> <span class='ocrx_word' id='word_1_354' title='bbox 2019 2536 2118 2566; x_wconf 85' lang='lat' dir='ltr'><strong>cum</strong></span> 
     </span>
     <span class='ocr_line' id='line_1_36' title="bbox 285 2578 2118 2635; baseline -0.002 -13"><span class='ocrx_word' id='word_1_355' title='bbox 285 2583 442 2635; x_wconf 81' lang='lat' dir='ltr'><strong>glossa,</strong></span> <span class='ocrx_word' id='word_1_356' title='bbox 460 2582 491 2622; x_wconf 84' lang='lat' dir='ltr'><strong>i.</strong></span> <span class='ocrx_word' id='word_1_357' title='bbox 504 2595 539 2621; x_wconf 85' lang='lat' dir='ltr'><strong>e.</strong></span> <span class='ocrx_word' id='word_1_358' title='bbox 570 2583 688 2621; x_wconf 84' lang='lat' dir='ltr'><strong>sudor</strong></span> <span class='ocrx_word' id='word_1_359' title='bbox 719 2592 771 2619; x_wconf 80' lang='lat' dir='ltr'><strong>ex</strong></span> <span class='ocrx_word' id='word_1_360' title='bbox 800 2580 1042 2620; x_wconf 84' lang='lat' dir='ltr'><strong>verecundia.</strong></span> <span class='ocrx_word' id='word_1_361' title='bbox 1076 2580 1181 2620; x_wconf 88' lang='lat' dir='ltr'><strong>Lov.</strong></span> <span class='ocrx_word' id='word_1_362' title='bbox 1210 2591 1306 2619; x_wconf 89' lang='lat' dir='ltr'><strong>cum</strong></span> <span class='ocrx_word' id='word_1_363' title='bbox 1337 2581 1490 2632; x_wconf 86' lang='lat' dir='ltr'><strong>glossa.</strong></span> <span class='ocrx_word' id='word_1_364' title='bbox 1508 2581 1538 2620; x_wconf 83' lang='lat' dir='ltr'><strong>i.</strong></span> <span class='ocrx_word' id='word_1_365' title='bbox 1559 2593 1594 2620; x_wconf 91' lang='lat' dir='ltr'><strong>e.</strong></span> <span class='ocrx_word' id='word_1_366' title='bbox 1611 2581 1880 2620; x_wconf 60' lang='lat' dir='ltr'><strong>sudam—329</strong></span> <span class='ocrx_word' id='word_1_367' title='bbox 1907 2579 1974 2631; x_wconf 83' lang='lat' dir='ltr'><strong>qui</strong></span> <span class='ocrx_word' id='word_1_368' title='bbox 1991 2578 2118 2620; x_wconf 80' lang='lat' dir='ltr'><strong>vineis</strong></span> 
     </span>
     <span class='ocr_line' id='line_1_37' title="bbox 277 2632 2115 2686; baseline -0.003 -8"><span class='ocrx_word' id='word_1_369' title='bbox 277 2643 377 2678; x_wconf 65' lang='lat' dir='ltr'><strong>tres</strong></span> <span class='ocrx_word' id='word_1_370' title='bbox 394 2637 515 2676; x_wconf 89' lang='lat' dir='ltr'><strong>Vatt.</strong></span> <span class='ocrx_word' id='word_1_371' title='bbox 536 2635 630 2675; x_wconf 82' lang='lat' dir='ltr'><strong>Pal.</strong></span> <span class='ocrx_word' id='word_1_372' title='bbox 647 2633 764 2673; x_wconf 83' lang='lat' dir='ltr'><strong>Prie.</strong></span> <span class='ocrx_word' id='word_1_373' title='bbox 806 2632 930 2673; x_wconf 63' lang='lat' dir='ltr'><strong>vincis</strong></span> <span class='ocrx_word' id='word_1_374' title='bbox 944 2633 1011 2685; x_wconf 84' lang='lat' dir='ltr'><strong>qui</strong></span> <span class='ocrx_word' id='word_1_375' title='bbox 1030 2634 1130 2673; x_wconf 87' lang='lat' dir='ltr'><strong>Vat.</strong></span> <span class='ocrx_word' id='word_1_376' title='bbox 1150 2633 1285 2673; x_wconf 85' lang='lat' dir='ltr'><strong>Livin.</strong></span> <span class='ocrx_word' id='word_1_377' title='bbox 1300 2645 1397 2673; x_wconf 89' lang='lat' dir='ltr'><strong>cum</strong></span> <span class='ocrx_word' id='word_1_378' title='bbox 1412 2633 1565 2686; x_wconf 87' lang='lat' dir='ltr'><strong>viginti</strong></span> <span class='ocrx_word' id='word_1_379' title='bbox 1585 2633 1691 2686; x_wconf 86' lang='lat' dir='ltr'><strong>aliis,</strong></span> <span class='ocrx_word' id='word_1_380' title='bbox 1710 2635 1816 2673; x_wconf 89' lang='lat' dir='ltr'><strong>Exc.</strong></span> <span class='ocrx_word' id='word_1_381' title='bbox 1831 2634 2012 2673; x_wconf 85' lang='lat' dir='ltr'><strong>Lucens.</strong></span> <span class='ocrx_word' id='word_1_382' title='bbox 2030 2643 2115 2673; x_wconf 83' lang='lat' dir='ltr'><strong>sec.</strong></span> 
     </span>
     <span class='ocr_line' id='line_1_38' title="bbox 283 2686 2116 2741; baseline -0.003 -11"><span class='ocrx_word' id='word_1_383' title='bbox 283 2689 408 2730; x_wconf 71' lang='lat' dir='ltr'><strong>vincis</strong></span> <span class='ocrx_word' id='word_1_384' title='bbox 435 2702 508 2741; x_wconf 86' lang='lat' dir='ltr'><strong>quo</strong></span> <span class='ocrx_word' id='word_1_385' title='bbox 541 2687 660 2728; x_wconf 89' lang='lat' dir='ltr'><strong>Leid.</strong></span> <span class='ocrx_word' id='word_1_386' title='bbox 694 2698 775 2726; x_wconf 86' lang='lat' dir='ltr'><strong>sec.</strong></span> <span class='ocrx_word' id='word_1_387' title='bbox 807 2687 970 2727; x_wconf 82' lang='lat' dir='ltr'><strong>Mazar.</strong></span> <span class='ocrx_word' id='word_1_388' title='bbox 1013 2687 1135 2727; x_wconf 88' lang='lat' dir='ltr'><strong>Voss.</strong></span> <span class='ocrx_word' id='word_1_389' title='bbox 1169 2688 1279 2727; x_wconf 80' lang='lat' dir='ltr'><strong>Exc.</strong></span> <span class='ocrx_word' id='word_1_390' title='bbox 1315 2687 1630 2728; x_wconf 79' lang='lat' dir='ltr'><strong>Gevart.-330</strong></span> <span class='ocrx_word' id='word_1_391' title='bbox 1666 2699 1908 2738; x_wconf 85' lang='lat' dir='ltr'><strong>corrumpere</strong></span> <span class='ocrx_word' id='word_1_392' title='bbox 1940 2686 2116 2726; x_wconf 85' lang='lat' dir='ltr'><strong>Prie.—</strong></span> 
     </span>
     <span class='ocr_line' id='line_1_39' title="bbox 286 2739 2116 2792; baseline -0.002 -9"><span class='ocrx_word' id='word_1_393' title='bbox 286 2746 364 2783; x_wconf 83' lang='lat'><strong>331</strong></span> <span class='ocrx_word' id='word_1_394' title='bbox 400 2743 453 2783; x_wconf 88' lang='lat' dir='ltr'><strong>Te</strong></span> <span class='ocrx_word' id='word_1_395' title='bbox 469 2746 618 2782; x_wconf 83' lang='lat' dir='ltr'><strong>certum</strong></span> <span class='ocrx_word' id='word_1_396' title='bbox 635 2745 692 2781; x_wconf 79' lang='lat' dir='ltr'><strong>est</strong></span> <span class='ocrx_word' id='word_1_397' title='bbox 713 2741 902 2780; x_wconf 83' lang='lat' dir='ltr'><strong>Florent.</strong></span> <span class='ocrx_word' id='word_1_398' title='bbox 927 2740 1010 2779; x_wconf 91' lang='lat' dir='ltr'><strong>duo</strong></span> <span class='ocrx_word' id='word_1_399' title='bbox 1037 2740 1159 2780; x_wconf 84' lang='lat' dir='ltr'><strong>Med.</strong></span> <span class='ocrx_word' id='word_1_400' title='bbox 1194 2741 1299 2792; x_wconf 86' lang='lat' dir='ltr'><strong>Reg.</strong></span> <span class='ocrx_word' id='word_1_401' title='bbox 1321 2742 1487 2782; x_wconf 89' lang='lat' dir='ltr'><strong>Thuan.</strong></span> <span class='ocrx_word' id='word_1_402' title='bbox 1520 2742 1682 2781; x_wconf 85' lang='lat' dir='ltr'><strong>Mazar.</strong></span> <span class='ocrx_word' id='word_1_403' title='bbox 1713 2741 1813 2780; x_wconf 91' lang='lat' dir='ltr'><strong>Pat.</strong></span> <span class='ocrx_word' id='word_1_404' title='bbox 1843 2740 1946 2781; x_wconf 79' lang='lat' dir='ltr'><strong>Var.</strong></span> <span class='ocrx_word' id='word_1_405' title='bbox 1977 2739 2116 2780; x_wconf 77' lang='lat' dir='ltr'><strong>Livin-</strong></span> 
     </span>
    </p>
   </div>
   <div class='ocr_carea' id='block_1_7' title="bbox 1106 2854 1288 2895">
    <p class='ocr_par' dir='ltr' id='par_1_12' title="bbox 1106 2854 1288 2895">
     <span class='ocr_line' id='line_1_40' title="bbox 1106 2854 1288 2895; baseline 0.005 -1"><span class='ocrx_word' id='word_1_406' title='bbox 1106 2854 1288 2895; x_wconf 84' lang='lat' dir='ltr'>NOTAE</span> 
     </span>
    </p>
   </div>
   <div class='ocr_carea' id='block_1_8' title="bbox 282 2947 2122 3384">
    <p class='ocr_par' dir='ltr' id='par_1_13' title="bbox 283 2947 2122 3003">
     <span class='ocr_line' id='line_1_41' title="bbox 283 2947 2122 3003; baseline -0.004 -10"><span class='ocrx_word' id='word_1_407' title='bbox 283 2958 398 3003; x_wconf 86' lang='lat' dir='ltr'><strong>tuus,</strong></span> <span class='ocrx_word' id='word_1_408' title='bbox 421 2949 502 2989; x_wconf 90' lang='lat' dir='ltr'><strong>hoc</strong></span> <span class='ocrx_word' id='word_1_409' title='bbox 523 2953 605 2999; x_wconf 87' lang='lat' dir='ltr'><strong>est,</strong></span> <span class='ocrx_word' id='word_1_410' title='bbox 625 2949 879 2989; x_wconf 84' lang='lat' dir='ltr'><strong>Consulatus</strong></span> <span class='ocrx_word' id='word_1_411' title='bbox 905 2953 1019 2999; x_wconf 88' lang='lat' dir='ltr'><strong>tuus,</strong></span> <span class='ocrx_word' id='word_1_412' title='bbox 1034 2961 1165 2989; x_wconf 86' lang='lat' dir='ltr'><strong>annu·</strong></span> <span class='ocrx_word' id='word_1_413' title='bbox 1232 2949 1394 3001; x_wconf 85' lang='lat' dir='ltr'><strong>primus</strong></span> <span class='ocrx_word' id='word_1_414' title='bbox 1428 2947 1618 2989; x_wconf 84' lang='lat' dir='ltr'><strong>instituit</strong></span> <span class='ocrx_word' id='word_1_415' title='bbox 1650 2947 1944 2998; x_wconf 86' lang='lat' dir='ltr'><strong>Consulatum,</strong></span> <span class='ocrx_word' id='word_1_416' title='bbox 1968 2950 2016 2987; x_wconf 80' lang='lat' dir='ltr'><strong>et</strong></span> <span class='ocrx_word' id='word_1_417' title='bbox 2042 2957 2122 2999; x_wconf 88' lang='lat' dir='ltr'><strong>po-</strong></span> 
     </span>
    </p>

    <p class='ocr_par' dir='ltr' id='par_1_14' title="bbox 283 3011 1631 3065">
     <span class='ocr_line' id='line_1_42' title="bbox 283 3011 1631 3065; baseline -0.004 -8"><span class='ocrx_word' id='word_1_418' title='bbox 283 3019 471 3058; x_wconf 86' lang='lat' dir='ltr'><strong>meretur</strong></span> <span class='ocrx_word' id='word_1_419' title='bbox 490 3012 610 3052; x_wconf 83' lang='lat' dir='ltr'><strong>aunis</strong></span> <span class='ocrx_word' id='word_1_420' title='bbox 630 3012 858 3063; x_wconf 85' lang='lat' dir='ltr'><strong>appellatis</strong></span> <span class='ocrx_word' id='word_1_421' title='bbox 872 3011 927 3052; x_wconf 85' lang='lat' dir='ltr'><strong>ab</strong></span> <span class='ocrx_word' id='word_1_422' title='bbox 947 3011 1038 3051; x_wconf 87' lang='lat' dir='ltr'><strong>aliis</strong></span> <span class='ocrx_word' id='word_1_423' title='bbox 1057 3012 1166 3054; x_wconf 91' lang='lat' dir='ltr'><strong>Con·</strong></span> <span class='ocrx_word' id='word_1_424' title='bbox 1231 3013 1334 3065; x_wconf 86' lang='lat' dir='ltr'><strong>pulo</strong></span> <span class='ocrx_word' id='word_1_425' title='bbox 1352 3011 1631 3064; x_wconf 82' lang='lat' dir='ltr'><strong>comparavit.</strong></span> 
     </span>
    </p>

    <p class='ocr_par' dir='ltr' id='par_1_15' title="bbox 282 3070 2116 3189">
     <span class='ocr_line' id='line_1_43' title="bbox 282 3070 2116 3126; baseline -0.004 -7"><span class='ocrx_word' id='word_1_426' title='bbox 282 3077 459 3121; x_wconf 69' lang='lat' dir='ltr'><strong>nulibus.</strong></span> <span class='ocrx_word' id='word_1_427' title='bbox 1285 3078 1365 3115; x_wconf 72' lang='lat'><strong>32⁷</strong></span> <span class='ocrx_word' id='word_1_428' title='bbox 1396 3075 1528 3120; x_wconf 83' lang='lat' dir='ltr'><strong>Quam</strong></span> <span class='ocrx_word' id='word_1_429' title='bbox 1544 3074 1723 3126; x_wconf 69' lang='lat' dir='ltr'><strong>quaesisse</strong></span> <span class='ocrx_word' id='word_1_430' title='bbox 1737 3072 1897 3124; x_wconf 82' lang='lat' dir='ltr'><strong>novum]</strong></span> <span class='ocrx_word' id='word_1_431' title='bbox 1924 3070 2116 3125; x_wconf 76' lang='lat' dir='ltr'><strong>Vulgata</strong></span> 
     </span>
     <span class='ocr_line' id='line_1_44' title="bbox 337 3135 2116 3189; baseline -0.004 -7"><span class='ocrx_word' id='word_1_432' title='bbox 337 3144 415 3182; x_wconf 73' lang='lat'><strong>321</strong></span> <span class='ocrx_word' id='word_1_433' title='bbox 446 3137 611 3188; x_wconf 84' lang='lat' dir='ltr'><strong>Doleat]</strong></span> <span class='ocrx_word' id='word_1_434' title='bbox 656 3135 920 3189; x_wconf 77' lang='lat' dir='ltr'><strong>Antiquitas,</strong></span> <span class='ocrx_word' id='word_1_435' title='bbox 956 3141 1000 3177; x_wconf 88' lang='lat' dir='ltr'><strong>te</strong></span> <span class='ocrx_word' id='word_1_436' title='bbox 1033 3139 1166 3178; x_wconf 86' lang='lat' dir='ltr'><strong>semel</strong></span> <span class='ocrx_word' id='word_1_437' title='bbox 1230 3142 1331 3180; x_wconf 85' lang='lat' dir='ltr'><strong>sunt</strong></span> <span class='ocrx_word' id='word_1_438' title='bbox 1349 3138 1451 3179; x_wconf 84' lang='lat' dir='ltr'><strong>illa:</strong></span> <span class='ocrx_word' id='word_1_439' title='bbox 1473 3141 1594 3189; x_wconf 78' lang='lat' dir='ltr'><strong>parta</strong></span> <span class='ocrx_word' id='word_1_440' title='bbox 1623 3135 1728 3176; x_wconf 79' lang='lat' dir='ltr'><strong>tueri</strong></span> <span class='ocrx_word' id='word_1_441' title='bbox 1758 3147 1847 3177; x_wconf 89' lang='lat' dir='ltr'><strong>uon</strong></span> <span class='ocrx_word' id='word_1_442' title='bbox 1877 3135 2017 3176; x_wconf 86' lang='lat' dir='ltr'><strong>minor</strong></span> <span class='ocrx_word' id='word_1_443' title='bbox 2046 3140 2116 3176; x_wconf 85' lang='lat' dir='ltr'><strong>est</strong></span> 
     </span>
    </p>

    <p class='ocr_par' dir='ltr' id='par_1_16' title="bbox 286 3201 1740 3256">
     <span class='ocr_line' id='line_1_45' title="bbox 286 3201 1740 3256; baseline -0.006 -9"><span class='ocrx_word' id='word_1_444' title='bbox 286 3205 487 3256; x_wconf 76' lang='lat' dir='ltr'><strong>Consule,</strong></span> <span class='ocrx_word' id='word_1_445' title='bbox 508 3201 716 3243; x_wconf 81' lang='lat' dir='ltr'><strong>solabitur</strong></span> <span class='ocrx_word' id='word_1_446' title='bbox 742 3201 931 3241; x_wconf 87' lang='lat' dir='ltr'><strong>dolorem</strong></span> <span class='ocrx_word' id='word_1_447' title='bbox 952 3214 1082 3246; x_wconf 76' lang='lat' dir='ltr'><strong>‚suum</strong></span> <span class='ocrx_word' id='word_1_448' title='bbox 1109 3215 1164 3243; x_wconf 86' lang='lat' dir='ltr'><strong>ex</strong></span> <span class='ocrx_word' id='word_1_449' title='bbox 1231 3201 1370 3242; x_wconf 80' lang='lat' dir='ltr'><strong>virtus</strong></span> <span class='ocrx_word' id='word_1_450' title='bbox 1389 3212 1517 3253; x_wconf 85' lang='lat' dir='ltr'><strong>quam</strong></span> <span class='ocrx_word' id='word_1_451' title='bbox 1531 3210 1740 3253; x_wconf 70' lang='lat' dir='ltr'><strong>quaerere.</strong></span> 
     </span>
    </p>

    <p class='ocr_par' dir='ltr' id='par_1_17' title="bbox 286 3259 2114 3321">
     <span class='ocr_line' id='line_1_46' title="bbox 286 3259 2114 3321; baseline -0.007 -9"><span class='ocrx_word' id='word_1_452' title='bbox 286 3267 487 3321; x_wconf 85' lang='lat' dir='ltr'><strong>Eutropii</strong></span> <span class='ocrx_word' id='word_1_453' title='bbox 516 3265 750 3307; x_wconf 85' lang='lat' dir='ltr'><strong>Consulatu</strong></span> <span class='ocrx_word' id='word_1_454' title='bbox 782 3270 1052 3318; x_wconf 79' lang='lat' dir='ltr'><strong>susceptum3</strong></span> <span class='ocrx_word' id='word_1_455' title='bbox 1082 3278 1164 3308; x_wconf 83' lang='lat' dir='ltr'><strong>neo</strong></span> <span class='ocrx_word' id='word_1_456' title='bbox 1284 3266 1364 3305; x_wconf 79' lang='lat'><strong>328</strong></span> <span class='ocrx_word' id='word_1_457' title='bbox 1393 3263 1528 3316; x_wconf 79' lang='lat' dir='ltr'><strong>Ignis]</strong></span> <span class='ocrx_word' id='word_1_458' title='bbox 1565 3261 1729 3314; x_wconf 83' lang='lat' dir='ltr'><strong>Pudor,</strong></span> <span class='ocrx_word' id='word_1_459' title='bbox 1767 3259 1915 3312; x_wconf 83' lang='lat' dir='ltr'><strong>rubor,</strong></span> <span class='ocrx_word' id='word_1_460' title='bbox 1930 3259 2018 3314; x_wconf 61' lang='lat' dir='ltr'><strong>fqui</strong></span> <span class='ocrx_word' id='word_1_461' title='bbox 2048 3260 2114 3300; x_wconf 91' lang='lat' dir='ltr'><strong>in-</strong></span> 
     </span>
    </p>

    <p class='ocr_par' dir='ltr' id='par_1_18' title="bbox 287 3321 2112 3384">
     <span class='ocr_line' id='line_1_47' title="bbox 287 3321 2112 3384; baseline -0.004 -12"><span class='ocrx_word' id='word_1_462' title='bbox 287 3332 467 3384; x_wconf 81' lang='lat' dir='ltr'><strong>amplius</strong></span> <span class='ocrx_word' id='word_1_463' title='bbox 486 3328 664 3370; x_wconf 85' lang='lat' dir='ltr'><strong>dolebit.</strong></span> <span class='ocrx_word' id='word_1_464' title='bbox 1232 3332 1324 3368; x_wconf 86' lang='lat' dir='ltr'><strong>star</strong></span> <span class='ocrx_word' id='word_1_465' title='bbox 1348 3327 1461 3380; x_wconf 80' lang='lat' dir='ltr'><strong>ignis</strong></span> <span class='ocrx_word' id='word_1_466' title='bbox 1486 3326 1649 3369; x_wconf 80' lang='lat' dir='ltr'><strong>vultum</strong></span> <span class='ocrx_word' id='word_1_467' title='bbox 1664 3322 1939 3377; x_wconf 85' lang='lat' dir='ltr'><strong>circumfluit,</strong></span> <span class='ocrx_word' id='word_1_468' title='bbox 1954 3321 2112 3366; x_wconf 83' lang='lat' dir='ltr'><strong>suffun-</strong></span> 
     </span>
    </p>
   </div>
   <div class='ocr_carea' id='block_1_9' title="bbox 338 3390 1309 3447">
    <p class='ocr_par' dir='ltr' id='par_1_19' title="bbox 338 3390 1309 3447">
     <span class='ocr_line' id='line_1_48' title="bbox 338 3390 1309 3447; baseline -0.002 -11"><span class='ocrx_word' id='word_1_469' title='bbox 338 3398 418 3437; x_wconf 77' lang='lat'><strong>822</strong></span> <span class='ocrx_word' id='word_1_470' title='bbox 461 3391 635 3444; x_wconf 79' lang='lat' dir='ltr'><strong>Brutus]</strong></span> <span class='ocrx_word' id='word_1_471' title='bbox 660 3390 876 3444; x_wconf 73' lang='lat' dir='ltr'><strong>,Expulsis</strong></span> <span class='ocrx_word' id='word_1_472' title='bbox 918 3392 1165 3447; x_wconf 85' lang='lat' dir='ltr'><strong>Tarquiniis</strong></span> <span class='ocrx_word' id='word_1_473' title='bbox 1231 3391 1309 3434; x_wconf 86' lang='lat' dir='ltr'><strong>dit.</strong></span> 
     </span>
    </p>
   </div>
  </div>
 </body>
</html>
