2300 3906
24 3720 83 3900 ἲς»

644 209 885 250 RAPTUS
925 213 1220 254 PROSERP.
1262 216 1382 257 Lm.
1423 218 1463 258 1.
1857 203 1965 261 927

142 321 457 390 Prodigiale
481 326 681 378 rubens
703 345 715 379 :
754 345 861 381 non
886 332 1037 383 illum
1064 334 1256 387 navita
1280 338 1428 399 tuto,

143 406 275 459 Non
300 409 526 475 impune
548 411 738 463 vident
759 417 981 481 populi:
1023 418 1121 469 sed
1149 421 1298 471 crine
1322 420 1525 473 minaci

142 490 383 544 Nuntiat
409 498 501 545 aut
524 497 732 547 ratibus
759 506 965 563 ventosi,
989 507 1085 552 aut
1108 504 1335 555 urbibus
1356 506 1565 559 hostes.

142 575 427 628 Devenere
455 579 658 643 locum,
686 581 896 635 Cereris
923 601 1036 652 quo
1060 591 1204 638 tecta
1222 589 1476 642 virebant
1848 587 1958 642 235

141 658 453 727 Cyclopum
480 663 692 718 firmata
715 684 912 721 manu:
953 675 1098 722 stant
1123 671 1293 724 ardua
1316 673 1457 725 ferro

141 745 389 811 Moenia;
429 747 607 801 ferrati
635 757 850 817 postes:
889 754 1267 823 immensaque
1290 758 1460 809 nectit

140 829 401 882 Claustra
426 832 674 900 chalybs.
752 836 979 889 Nullum
1005 843 1161 890 tanto
1186 840 1387 892 sudore
1414 841 1743 909 Pyracmon,

140 913 262 966 Nec
289 914 555 982 Steropes
581 922 888 972 construxit
914 938 1088 989 opus:
1126 939 1226 974 nec
1253 925 1456 977 talibus
1480 941 1727 993 unquam
1774 945 1778 949 ·

134 1065 225 1114 tale,
241 1065 350 1104 cadit
365 1066 531 1116 subitus,
552 1068 717 1118 flamma
738 1071 896 1111 rubente
914 1076 953 1111 et
971 1077 1206 1113 monstrosa:
1233 1078 1364 1114 nautoe
1382 1087 1457 1114 non
1476 1074 1669 1125 ‹upicz‘unt
1687 1073 1798 1113 illum
1815 1084 1953 1113 come-

136 1125 223 1157 tam
242 1119 384 1169 securi,
403 1133 478 1159 non
495 1124 626 1172 populi
642 1123 726 1162 sine
746 1130 861 1164 metu
880 1137 1033 1176 poenae,·
1050 1129 1116 1165 sed
1133 1140 1239 1166 coma
1258 1128 1416 1176 lugubri
1436 1128 1606 1166 minatur
1624 1131 1692 1166 aut
1713 1131 1960 1178 tempestates

132 1171 308 1223 nauibus,
325 1178 396 1212 aut
416 1174 542 1214 hostes
561 1176 729 1216 urbibus.
784 1178 1035 1218 Advenerunt
1053 1179 1105 1218 ad
1122 1181 1258 1230 locum,
1271 1181 1314 1218 in
1329 1193 1403 1231 quo
1419 1182 1552 1219 domus
1570 1181 1727 1240 Cereris
1740 1183 1961 1241 constructa

133 1225 311 1264 manibus
332 1226 543 1278 Cyclopum
556 1229 736 1269 radiabat
748 1243 761 1269 .·
788 1231 890 1270 muri
909 1232 984 1270 alti
1015 1244 1070 1271 ex
1093 1231 1208 1280 ferro
1226 1235 1488 1273 attolluntur.-
1514 1237 1641 1284 postes
1651 1239 1793 1282 ferret,
1812 1237 1849 1272 et
1866 1233 1957 1272 cha-

132 1277 217 1329 lybs
233 1279 392 1328 colligat
415 1281 559 1329 januas
577 1283 767 1331 ingentes.
827 1285 1044 1335 Pyracmon
1063 1289 1103 1324 et
1134 1285 1316 1337 Steropes
1350 1287 1499 1326 nullum
1521 1285 1716 1334 fabricati
1743 1289 1834 1324 sunt
1864 1297 1960 1336 opus

906 1400 1200 1416 OOOOOOOOOOO

133 1467 224 1504 tres
244 1465 398 1503 Petav.
431 1466 596 1504 Bonon.
616 1467 785 1507 Tholas.
807 1469 966 1508 Moret.
990 1482 1053 1520 pr.
1075 1472 1181 1510 Exc.
1202 1471 1358 1512 Petav.
1379 1476 1517 1523 quart.
1560 1471 1719 1522 Proepes
1751 1471 1819 1509 vel
1855 1471 1963 1509 Prae-

133 1529 221 1569 ceps
239 1519 340 1557 Vat.
357 1529 421 1568 pr.
441 1523 487 1557 et
504 1523 604 1557 tert.
623 1521 719 1559 cod.
734 1521 971 1562 Bartholin.
991 1524 1075 1562 inc.
1091 1524 1244 1563 Heins.
1261 1525 1327 1564 ed.
1343 1525 1484 1564 Vicet.
1516 1525 1695 1575 Proeceps
1715 1524 1780 1580 vel
1804 1525 1962 1574 Proepes

134 1571 235 1610 Vat.
256 1583 341 1610 sec.
363 1577 409 1610 et
429 1571 568 1623 quint.
589 1573 714 1613 Voss.
735 1585 820 1613 sec.
851 1576 1039 1614 dilabitur
1065 1577 1223 1616 Moret.
1246 1589 1311 1628 pr.
1339 1578 1531 1616 delabitur
1551 1589 1693 1615 omnes
1713 1577 1832 1615 Vatt.
1856 1589 1960 1626 proe-

133 1624 278 1663 labitur
298 1623 395 1663 Pal.
424 1637 490 1663 ore
510 1637 587 1675 pro
606 1625 697 1675 igne
715 1626 814 1666 Jun.
836 1631 1036 1678 piu—232
1076 1642 1150 1668 non
1169 1631 1236 1669 illo
1254 1642 1292 1669 n.
1312 1634 1395 1669 tute
1413 1631 1535 1670 Voss.
1558 1633 1619 1680 pr.
1647 1634 1776 1668 tutum
1792 1629 1820 1669 J
1826 1640 1893 1689 un.
1914 1635 1958 1669 et

135 1677 278 1718 Oxou.
298 1682 518 1717 sem—233
560 1679 714 1729 impune
733 1680 869 1719 rubent
901 1682 1006 1722 Exc.
1039 1683 1191 1722 Petav.
1213 1689 1351 1734 quart.
1394 1696 1484 1723 nam
1501 1684 1607 1722 crine
1637 1683 1735 1721 Vat.
1770 1687 1958 1741 qumi..—

133 1733 212 1770 234
242 1736 280 1771 et
300 1732 450 1771 ratibus
467 1744 502 1770 v.
521 1736 560 1771 et
579 1732 728 1772 Ambr.
752 1740 850 1772 tert.
870 1734 1049 1774 *maribus
1067 1748 1143 1786 pro
1162 1735 1312 1775 ratibus
1333 1736 1436 1775 Exc.
1459 1736 1611 1775 Petav.
1633 1739 1769 1787 quart.
1798 1733 1960 1773 nubibus

131 1783 244 1834 ignes
263 1785 331 1823 ed.
357 1786 499 1823 Parm.
522 1792 564 1823 et
584 1785 725 1825 Vicet.
768 1786 928 1825 urbibus
945 1787 1070 1828 hostes
1090 1790 1195 1828 Exc.
1219 1789 1347 1838 Laeti,
1365 1790 1467 1829 Var.
1489 1790 1573 1828 LI..
1607 1801 1629 1827 e
1650 1801 1783 1837 marg.
1812 1788 1957 1827 Parni.

131 1840 264 1876 —235
309 1850 380 1888 quo
402 1839 595 1878 Florent.
629 1839 793 1879 Bonon.
827 1840 1002 1879 Tholos.
1036 1843 1197 1882 Moret.
1234 1854 1298 1893 pr.
1320 1842 1485 1891 Oxon.„
1497 1854 1583 1882 sec.
1618 1841 1700 1880 duo
1734 1840 1832 1880 Jun.
1850 1841 1953 1878 Vat.

133 1890 272 1930 Livin.
317 1904 392 1941 qua
426 1891 510 1930 duo
529 1892 652 1930 Vatt.
673 1898 718 1931 et
739 1893 780 1931 d.
813 1892 910 1932 Pal.
932 1894 1036 1934 Cod.
1068 1895 1306 1935 Bartholin.
1349 1908 1421 1945 quo
1439 1908 1506 1934 rea
1524 1894 1728 1934 manebant
1749 1894 1871 1953 Voss.
1893 1904 1958 1943 pr.

133 1944 337 1983 monebant
369 1945 469 1985 Jun.
492 1957 580 1983 sec.
620 1945 793 1984 latebant
812 1946 915 1986 Vat.
936 1959 1000 1997 pr.
1019 1948 1118 1988 Vat.
1148 1948 1286 1990 Livin.
1315 1949 1488 1987 nitebant
1509 1948 1662 1987 Petav.
1685 1959 1751 1996 pr.
1783 1945 1959 1984 virebant

132 1997 217 2036 inc.
239 1998 389 2036 Heius.
410 1997 515 2037 Put.
536 1999 641 2049 Reg.
676 1999 759 2037 duo
793 1999 947 2040 Petav.
981 2001 1145 2041 Bonon.
1165 2001 1337 2040 'l'holos.
1371 2002 1479 2039 alter
1501 2001 1639 2039 Livin.
1671 2001 1773 2039 Exc.
1803 1999 1957 2038 PetaV.

163 2055 271 2089 uart.
315 2051 494 2090 vivebant
528 2058 614 2090 tres
639 2052 757 2091 Vatt.
792 2052 931 2091 Oxon.
953 2065 1018 2104 pr.
1056 2053 1231 2092 nitebant
1250 2054 1319 2093 vel
1338 2054 1531 2092 micabant
1568 2054 1707 2093 Oxon.
1738 2054 1957 2112 sem—5236

150 2108 301 2142 ormata
334 2104 488 2143 Petav.
510 2116 574 2154 pr.
594 2109 640 2143 et
659 2116 743 2144 sec.
760 2105 929 2145 Tholos.
948 2106 1010 2144 sic
1029 2117 1091 2144 vr.
1113 2107 1242 2146 Cous.
1263 2106 1378 2145 Hon.
1400 2110 1492 2146 572.
1539 2108 1550 2128 ⁴
1572 2106 1809 2144 Nascentes
1838 2103 1959 2150 infor-

131 2160 214 2196 mat
233 2169 368 2208 equos
384 2156 409 2195 ε’
436 2157 642 2205 fabricata
658 2158 758 2197 Vat.
779 2169 843 2208 pr.
867 2159 968 2198 Vat.
990 2159 1127 2198 Livin.
1160 2158 1318 2206 serrata
1340 2160 1447 2197 Exc.
1467 2159 1616 2198 Petav.
1636 2162 1773 2209 quart.
1791 2156 1959 2206 firmata

132 2210 198 2249 vel
209 2208 383 2258 fundata
404 2210 509 2250 Cod.
530 2210 770 2251 Bartholin.
791 2211 890 2250 vide
912 2216 997 2251 not.
1019 2212 1242 2253 Frisclilin.
1261 2213 1302 2250 in
1324 2212 1569 2251 Callimacli.
1586 2224 1628 2262 p.
1645 2213 1848 2250 zzz-2:38
1875 2210 1958 2247 uul-

132 2262 210 2301 lum
231 2265 337 2303 Exc.
356 2264 467 2302 Laeti
487 2269 530 2301 et
551 2264 651 2302 Var.
669 2264 752 2302 LL.
773 2275 796 2301 e
815 2276 950 2314 marg.
970 2265 1113 2304 Parni.
1141 2277 1348 2315 numquam
1369 2264 1516 2303 Ambr.
1539 2270 1640 2303 tert.
1659 2263 1727 2323 ed.
1750 2263 1892 2301 Parm.
1913 2267 1958 2300 et

131 2316 274 2355 Vicet.
312 2316 479 2354 stridore
498 2317 597 2354 Vat.
619 2327 683 2365 pr.
730 2317 923 2367 Pyracmo
941 2317 1041 2357 Vat.
1062 2322 1162 2357 tert.
1204 2319 1424 2368 Pyracmon
1442 2318 1544 2356 Exc.
1566 2317 1689 2355 Laen.
1736 2317 1958 2374 Pyragmon

130 2368 234 2409 Put.
263 2370 346 2408 duo
368 2370 523 2409 Petav.
544 2370 648 2408 Exc.
670 2368 823 2408 Petav.
844 2372 1122 2420 quarn—239
1165 2369 1258 2409 Non
1277 2369 1458 2421 Steropes
1476 2370 1598 2408 Voss.
1617 2381 1679 2429 pr.
1707 2369 1958 2429 ‘constrinxit

129 2422 228 2462 Vat.
250 2428 349 2461 tert.
391 2422 591 2471 conjunxit
611 2422 800 2461 Florent.
821 2433 877 2462 m.
908 2434 973 2473 pr.
1017 2422 1210 2462 instruxit
1230 2423 1382 2462 Petav.
1403 2435 1487 2461 sec.
1525 2426 1733 2461 committit
1750 2422 1851 2478 Yat.
1870 2429 1955 2478 sec.

131 2481 177 2513 et
199 2476 304 2515 Exc.
323 2475 489 2515 Schott.
524 2487 576 2513 ex
610 2475 696 2517 MS.
725 2476 849 2514 Voss.
892 2476 1101 2515 committit
1121 2476 1189 2514 vel
1206 2477 1428 2515 construxit
1459 2476 1582 2518 Voss.
1603 2486 1688 2535 sec.
1728 2486 1796 2512 nec
1814 2470 1957 2532 tatibus

130 2528 235 2570 Jun.
250 2541 335 2569 sec.
377 2541 452 2567 non
472 2528 617 2567 talibus
637 2533 725 2567 tres
748 2529 865 2568 Vatt.
886 2534 931 2568 et
948 2529 987 2568 d.
1011 2529 1101 2568 Pal.
1122 2529 1313 2570 Florent.
1333 2528 1451 2569 Med.
1473 2541 1538 2581 pr.
1560 2528 1711 2568 Heius.
1734 2527 1791 2566 H.
1809 2530 1853 2565 et
1872 2536 1955 2564 mc.

957 2637 1133 2680 NOTAE.

131 2732 276 2782 cadat,
305 2717 378 2770 sed
392 2731 573 2783 jamjam
599 2743 772 2771 casurus
798 2730 1012 2783 videatur,
1133 2735 1213 2773 238
1244 2731 1430 2783 Chalybs]
1458 2728 1742 2799 Durissiuium
1760 2725 1863 2779 ferri
1883 2736 1958 2795 ge·

131 2800 180 2835 ut
200 2795 313 2846 apud
335 2794 538 2835 Ovidium
555 2810 564 2835 ι
596 2797 607 2818 ‘
632 2795 693 2835 Ut
723 2795 938 2835 interdum
958 2796 1012 2835 de
1079 2806 1158 2835 nus
1177 2800 1258 2844 est,
1284 2793 1394 2845 quod
1414 2792 1622 2844 Chalybes
1640 2793 1895 2829 invenerunt
1913 2799 1957 2826 m

131 2859 241 2898 coelo
262 2859 386 2897 stella
417 2870 583 2910 sereno,
609 2859 717 2900 Quae
740 2860 774 2897 si
800 2871 882 2898 non
904 2859 1014 2899 ceci-
1080 2857 1224 2896 Ponto
1258 2867 1396 2909 prope
1432 2852 1604 2893 fluvium
1639 2849 1957 2891 Thermodoon-

131 2919 214 2970 dit,
234 2921 377 2972 potuit
397 2921 603 2961 cecidisse
626 2921 790 2961 videri.‘
1082 2926 1196 2969 tem3
1226 2919 1328 2958 ethi
1350 2918 1450 2957 nudi
1472 2917 1630 2969 ferrum
1653 2913 1930 2984 exercebant.

188 2983 381 3033 Cometes]
413 2981 608 3034 Κομήτης,
639 2983 682 3022 id
712 2989 795 3035 est,
812 2984 1011 3023 crinitum
1133 2984 1352 3035 Pyracmon
1372 2993 1439 3020 nec
1459 2978 1655 3030 Steropes]
1684 2978 1742 3016 Hi
1765 2981 1863 3047 sunt
1892 2973 1953 3013 fa·

133 3043 263 3094 sidus,
283 3046 336 3086 ob
357 3046 545 3097 speciem
561 3046 741 3085 crinium
761 3046 1010 3085 terribilem.
1081 3046 1182 3084 muli
1202 3044 1396 3085 Vulcani.
1439 3044 1694 3094 Pyracmon,
1717 3052 1836 3091 quasi
1861 3036 1950 3089 πὺρ,

185 3111 264 3148 233
294 3107 476 3160 Impune]
519 3109 717 3148 Cometes
740 3110 901 3160 quippe
921 3120 1011 3147 cre·
1078 3108 1198 3158 ignis,
1220 3114 1263 3147 et
1283 3106 1425 3156 ἄκμων,
1454 3107 1579 3153 tricus,
1611 3104 1721 3156 quod
1742 3112 1952 3152 nunquam

129 3169 248 3212 ditur
262 3172 519 3223 portendere
535 3184 711 3222 magnas
729 3172 1014 3221 calamitates,
1080 3172 1134 3210 ab
1155 3171 1255 3222 igne
1275 3178 1318 3210 et
1334 3170 1487 3210 incude
1500 3168 1707 3208 discedat.
1735 3165 1953 3213 Steropes,

91 3231 95 3233 ’
131 3231 262 3284 bella,
286 3234 659 3287 famem‚‚pestem,
680 3237 758 3278 ἃς).
788 3236 1008 3275 Lucanus:
1079 3240 1123 3274 et
1145 3236 1394 3286 Asteropes,
1414 3234 1534 3286 quasi
1553 3225 1953 3297 waurin-fulgebo,

126 3297 141 3320 ⁴
164 3298 222 3338 Et
254 3310 466 3351 nunquam
498 3299 626 3340 terris
660 3304 903 3352 spectatum
934 3299 1011 3340 im·
1077 3298 1189 3350 quod
1209 3296 1379 3350 fulgura
1397 3301 1443 3337 et
1465 3293 1639 3336 fulmina
1655 3291 1753 3333 J0v¹
1771 3286 1952 3328 sabuce-

132 3370 247 3412 pune
266 3360 504 3402 cometam!
1076 3366 1159 3402 tur.
