2300 3906
11 1548 30 2103 ’Ᾰ-’ὴῖνῖῇᾗϋ-ϊΐτᾼ-*ῖ--βἐπήτ-
11 1276 27 1398 ,va-⁷:⁴21
12 1135 26 1156 τ,

671 208 910 249 RAPTUS
950 212 1242 253 PROSERP.
1286 215 1401 252 LlB.
1442 215 1506 254 11.

182 322 465 386 Verberat,
493 329 551 375 et
575 330 801 392 questus
826 328 896 379 ad
920 331 1109 382 nubila
1133 333 1337 400 rumpit
1359 335 1581 388 inanes:

251 406 362 458 Cur
386 423 489 458 non
516 409 722 459 torsisti
749 413 999 464 manibus
1022 414 1290 468 fabricata
1315 417 1622 486 Cyclopum

180 487 249 539 In
274 505 374 540 nos
399 490 529 550 tela,
558 494 751 557 pater?
791 496 872 545 sic
897 513 984 546 me
1010 498 1320 551 crudelibus
1341 502 1544 554 umbris

177 572 435 635 Tradere,
463 576 541 625 sic
568 580 680 626 toto
707 578 914 644 placuit
936 580 1205 648 depellere
1230 585 1470 636 mundo?

179 654 424 707 Nullane
451 664 502 709 te
526 659 697 711 flectit
721 662 932 727 pietas?
971 663 1266 716 nihilumne
1291 673 1532 734 paternae

180 740 382 791 Mentis
408 742 594 793 inest?
633 750 816 796 tantas
842 763 954 814 quo
980 748 1203 799 crimine
1228 752 1499 802 movimus
1524 753 1671 804 iras‘l

179 822 310 874 Non
330 841 448 890 eg0,
476 842 599 877 cum
624 829 816 895 rapido
842 832 1059 883 saeviret
1085 832 1318 900 Phlegra
1342 836 1596 901 tumultu,

175 906 346 974 Signa
375 908 513 960 Deis
541 912 773 964 adversa
796 914 895 965 tuli
916 931 928 966 ε
968 932 1073 967 non
1098 917 1288 969 robore
1312 926 1500 971 nostro

170 991 322 1043 <Ossa
347 994 665 1060 pruinosum
689 998 843 1048 vexit
865 998 1108 1065 glacialis
1137 999 1451 1068 Olympum.

1878 423 1985 475 250

1877 837 1983 890 235

173 1138 299 1184 vento,
319 1139 357 1174 et
371 1136 541 1186 percutit
563 1137 717 1177 brachia
749 1139 938 1188 manibus,
970 1146 1083 1192 atque
1113 1144 1260 1182 emittit
1288 1147 1459 1195 querelas
1489 1159 1606 1186 vanae
1621 1147 1661 1186 in
1680 1146 1819 1195 aerem,
1837 1147 1899 1186 sic
1920 1146 1983 1185 di-

173 1200 298 1227 cens:
324 1189 362 1226 O
376 1193 487 1239 pater
505 1190 694 1240 Jupiter,
713 1205 831 1242 quare
849 1206 922 1231 mm
931 1194 1129 1242 jaculatus
1142 1209 1181 1234 es
1197 1201 1329 1236 contra
1347 1211 1415 1237 nos
1432 1201 1509 1238 tela
1515 1199 1629 1245 sactu
1646 1203 1731 1239 arte
1749 1200 1952 1250 Cyclopum
1963 1198 1983 1239 3

174 1241 288 1279 Itane
305 1241 461 1280 voluisti
470 1245 630 1293 prodere
651 1257 710 1282 me
719 1244 849 1294 filiam
868 1253 981 1285 tuam
1002 1249 1175 1286 manibus
1197 1251 1324 1298 samis,
1341 1251 1447 1290 itane
1465 1254 1652 1302 expellere
1671 1265 1736 1291 me
1757 1265 1810 1290 ex
1844 1253 1982 1290 mundo

171 1291 308 1332 omni?
342 1295 501 1333 Nullius
516 1296 678 1345 pietatis
696 1309 842 1336 sensus
861 1303 900 1337 te
918 1298 1072 1339 movet?
1094 1302 1254 1341 Nihilne
1273 1303 1388 1342 habes
1403 1307 1547 1343 amoris
1561 1303 1717 1355 patrii?
1747 1306 1830 1350 Quo
1848 1305 1984 1343 scelere

170 1346 428 1385 excitavimus
444 1351 597 1385 tamum
614 1348 791 1394 furorem
806 1348 826 1389 ί)
867 1352 958 1390 Non
987 1365 1073 1402 ego,
1101 1367 1187 1392 cam
1217 1356 1387 1403 Phlegra
1411 1356 1568 1403 fureret
1598 1357 1692 1396 bello
1717 1358 1864 1405 rabido,
1879 1356 1984 1406 gestui

170 1399 314 1439 vexilla
335 1398 479 1447 infesta
497 1406 645 1439 contra
664 1401 772 1440 Deos
785 1414 799 1440 .·
838 1414 912 1442 non
944 1405 1044 1442 Ossa
1075 1406 1215 1444 nivalis
1242 1409 1334 1445 tulit
1368 1409 1573 1459 Olympum
1587 1411 1757 1459 gelidum
1782 1410 1821 1448 ri
1839 1413 1983 1448 nostra.

944 1529 1233 1546 eeeeeeeeeeee

171 1624 326 1672 questus
345 1622 396 1659 ad
413 1620 543 1659 nubila
568 1619 709 1668 fundit
736 1620 870 1659 inanes
897 1622 1017 1660 Voss.
1051 1626 1263 1662 sem—251
1298 1624 1346 1662 Ῑη
1365 1637 1424 1663 me
1444 1625 1547 1664 Cod.
1569 1626 1805 1665 Bartholin.
1825 1639 1892 1665 nos
1912 1629 1979 1666 vel

171 1687 231 1713 me
250 1675 375 1713 Voss.
398 1686 483 1713 sec.
531 1674 622 1712 Tela
651 1672 792 1723 paler?
818 1675 875 1712 sic
893 1686 952 1712 me
980 1675 1126 1724 placuit
1145 1676 1268 1715 Voss.
1289 1689 1352 1726 pr.
1391 1678 1447 1716 sic
1465 1690 1530 1716 nos
1550 1685 1635 1717 tres
1653 1679 1770 1718 Vatt.
1790 1680 1980 1720 Florent.

170 1728 277 1778 Reg.
299 1728 440 1766 Oxon.
465 1740 526 1777 pr.
568 1727 774 1766 crudeliter
797 1727 899 1767 Jun.
933 1731 1152 1767 sem—252
1184 1729 1348 1768 Credere
1374 1743 1448 1781 pro
1481 1731 1645 1770 Tradere
1667 1732 1767 1770 Pnt.
1813 1733 1980 1771 Tradere

171 1783 238 1819 vel
260 1781 433 1819 Condere
455 1783 596 1819 Oxou.
617 1792 701 1818 sec.
730 1779 931 1827 defendere
949 1783 1087 1819 mundo
1108 1782 1260 1821 Petav.
1276 1788 1495 1823 sem—253
1513 1784 1626 1834 flexa
1646 1797 1720 1835 pro
1727 1784 1860 1835 flectit
1878 1785 1982 1824 Put.

166 1834 295 1885 pietas
313 1835 448 1886 flectit
478 1834 580 1874 Jun.
610 1845 695 1873 sec.
736 1834 928 1872 nullumne
960 1841 1140 1885 quatuor
1171 1835 1289 1874 Vatt.
1329 1837 1420 1875 Pal.
1456 1837 1593 1876 Oxon.
1627 1850 1710 1876 sec.
1740 1839 1859 1876 Voss.
1892 1849 1979 1878 sec.

170 1888 356 1927 chartac.
381 1887 530 1926 Heins.
552 1886 751 1926 dnoJun.
783 1887 1001 1937 nullumque
1034 1887 1117 1926 (luo
1151 1888 1266 1926 Med.
1294 1890 1416 1929 Voss.
1440 1902 1501 1939 pr.
1524 1890 1672 1929 Heius.
1695 1891 1750 1929 H.
1789 1891 1979 1929 nullumve

171 1941 278 1992 Reg.
299 1941 437 1980 Oxou.
460 1953 521 1990 pr.
562 1939 734 1990 nihilque
751 1939 914 1979 Tholos.
952 1940 1052 1978 nihil
1081 1953 1179 1980 anne
1201 1941 1300 1980 Cod.
1337 1944 1571 1981 Bartholin.
1612 1944 1799 1994 uitamque
1825 1942 1978 1982 Moret.

171 2006 237 2044 pr.
267 1994 498 2033 aichilumne
519 1992 872 2032 Florent.Petav.
894 2004 980 2031 see.
1009 1995 1199 2033 nullumne
1228 1995 1293 2032 vel
1321 1996 1530 2034 nihilumne
1548 1997 1647 2034 Vat.
1676 1997 1812 2045 quint.
1852 1996 1981 2034 Hein-

169 2047 253 2085 sius
275 2048 535 2097 ascripserat
554 2046 692 2085 locum
711 2045 884 2095 Vopin-,ci
904 2045 1022 2084 initio
1046 2047 1263 2085 Aureliani
1283 2061 1292 2085 :
1312 2051 1332 2069 '‘
1348 2050 1444 2098 quod
1462 2049 1543 2099 ipse
1560 2049 1815 2088 nonnihilum
1835 2061 1884 2087 ex
1898 2049 1981 2097 ejice

167 2100 321 2149 origine
353 2099 579 2149 sanguinem
609 2098 789 2137 duceret!
820 2098 893 2136 ubi
924 2100 1124 2148 sanguinis
1153 2101 1310 2138 rectius
1345 2104 1473 2151 legem,
1495 2107 1540 2140 ut
1574 2103 1700 2151 paulo
1737 2107 1829 2151 post
1867 2099 1978 2151 apud

169 2153 368 2201 eundem,
394 2158 404 2174 ‘
424 2153 617 2191 habuisse
651 2153 751 2202 quin
780 2151 908 2190 etiarn
941 2152 1195 2190 nonnihilum
1228 2152 1529 2192 divinationis?
1555 2154 1726 2192 novimus
1757 2155 1838 2192 duo
1859 2154 1978 2191 Vati.

169 2207 358 2246 Florent.
394 2205 511 2244 Med.
543 2206 604 2255 pr.
638 2204 790 2244 Heius.
829 2204 885 2243 H.
920 2205 1024 2250 Reg.
1052 2204 1174 2243 VOSS.
1207 2217 1290 2244 sec.
1325 2207 1475 2244 Petav.
1499 2212 1598 2244 tert.
1627 2207 1814 2245 cernimus
1835 2206 1980 2245 Pal.—

167 2262 246 2299 255
275 2271 362 2298 cum
392 2258 530 2307 rapido
562 2258 666 2296 Exc.
697 2255 821 2301 Laeti,
854 2257 953 2294 Var.
989 2256 1073 2293 LL.
1109 2267 1132 2293 e
1168 2267 1295 2306 marg.
1325 2258 1464 2296 Parm.
1493 2262 1531 2295 te
1547 2262 1679 2295 contra
1704 2262 1877 2308 quateret
1893 2271 1980 2297 cum

169 2313 344 2361 Phlegra
363 2311 569 2350 tumultum
596 2310 698 2348 Vat.
732 2320 795 2359 pr.
817 2308 921 2347 Cod.
958 2308 1190 2346 Bartholin.
1210 2308 1279 2346 ed.
1311 2310 1451 2348 Parni.
1471 2317 1514 2348 et
1538 2310 1571 2347 V
1577 2312 1806 2349 icen—256
1831 2322 1900 2348 nec
1918 2321 1979 2348 ro·

168 2366 254 2405 bore
275 2366 461 2404 Florent.
481 2370 524 2402 et
558 2362 703 2413 viginti
735 2361 820 2400 duo
852 2360 987 2399 Codd.
1022 2360 1123 2399 Var.
1156 2361 1241 2401 LL.
1273 2373 1297 2400 e
1332 2374 1466 2413 marg.
1500 2362 1777 2402 Para—257
1801 2361 1980 2411 glacialis

995 2479 1034 2518 N
1042 2480 1166 2520 OTAE

221 2604 300 2642 250
345 2596 529 2638 Manibus
565 2594 768 2643 fabricata
819 2591 1044 2644 Cyclopum]

165 2668 273 2708 Sunt
290 2664 483 2711 fulmina,
507 2671 604 2711 quae
625 2671 650 2697 a
669 2656 930 2708 Cyclopibus
946 2654 1046 2696 Jovi

169 2729 479 2769 ministrantur.
536 2724 600 2762 Ex
634 2720 794 2760 Ovidio
828 2723 1044 2769 arreptum

169 2799 260 2833 est:
283 2793 294 2814 ‘
309 2791 412 2830 Tela
426 2793 688 2839 reponuntur
702 2783 893 2822 manibus
914 2779 1044 2819 fabri-

169 2872 268 2907 cata
288 2859 549 2915 Cyclopum!

222 2933 299 2969 255
333 2928 421 2966 Non
438 2921 527 2974 ego]
573 2918 1040 2968 ImitatioVirgiliana:

167 2997 179 3017 ⁴
215 2993 314 3033 Non
351 3001 430 3040 ego
471 2998 566 3025 cum
615 2982 774 3022 Danais
817 2981 1042 3032 'frojanam

159 3042 419 3097 exscindere
457 3054 626 3100 gentem
673 3044 824 3085 Aulide
865 3041 1041 3095 juravi,’

169 3123 251 3160 διο.
271 3117 413 3157 aiebat
437 3112 566 3153 Dido.

222 3179 408 3230 Saeviret]
438 3178 490 3218 Id
509 3182 592 3227 est,
606 3174 706 3215 saevi
719 3172 818 3213 belli
832 3171 1040 3210 theatrum

169 3251 415 3359 “ulfilrlegraJ
455 3303 618 3344 Civitas
645 3301 716 3341 vel
742 3297 981 3350 Campaniae
1001 3296 1044 3336 in

153 3374 310 3444 ‘statim
339 3372 406 3413 vel
435 3367 628 3420 Thraciae
664 3365 707 3405 in
745 3361 946 3410 Graecia;
991 3358 1044 3399 ad

1111 2605 1235 2646 quam
1266 2593 1484 2634 civitatem
1522 2594 1715 2647 gigantes
1751 2596 1859 2635 bella
1890 2608 1977 2636 mo·

1112 2665 1259 2698 ventes
1276 2657 1450 2698 fulmine
1476 2659 1637 2711 deJecti
1666 2666 1790 2699 sunt:
1818 2659 1975 2699 hicum

1110 2727 1260 2761 contra
1300 2722 1532 2763 Herculem
1570 2723 1723 2763 bellum
1761 2727 1976 2773 gererent,

1109 2783 1356 2824 fulminibus
1389 2798 1412 2824 e
1447 2787 1552 2826 coelo
1578 2778 1829 2825 'cadentibus
1871 2786 1976 2826 victi

1110 2855 1231 2887 sunt:
1261 2848 1360 2888 inde
1379 2849 1520 2899 opinio
1540 2850 1720 2888 trianavit
1740 2849 1781 2887 in
1811 2848 1974 2899 vulgus,

1110 2925 1182 2952 eos
1198 2924 1385 2964 pugnare
1403 2921 1552 2952 contra
1567 2912 1694 2951 Deos.

1161 2980 1238 3016 257
1271 2976 1390 3026 Ossa]
1417 2976 1642 3015 Thessalia!
1659 2986 1791 3024 mona,
1807 2973 1876 3012 cni
1897 2973 1977 3013 Pe-

1108 3039 1193 3078 lion
1219 3030 1494 3089 imponebant
1543 3038 1751 3088 gigantes,
1783 3041 1831 3075 ut
1867 3035 1975 3075 bena

1108 3104 1200 3142 Diis
1218 3101 1443 3151 inferrent,
1460 3101 1561 3141 etin
1577 3101 1736 3140 Coelum
1752 3099 1835 3137 iter
1847 3094 1974 3136 affec-

1109 3170 1266 3206 tarent.

1165 3225 1389 3279 Olympum]
1431 3222 1692 3265 Macedoniae
1712 3221 1779 3261 vel
1796 3220 1972 3260 Them-

1109 3291 1176 3330 liae
1206 3295 1411 3341 montem,
1438 3287 1584 3329 eodem
1616 3284 1832 3335 gigantum
1859 3280 1972 3324 bello

1107 3359 1270 3395 notum.
