2300 3906
37 3282 42 3350 '1

42 3433 46 3493 ἱ

553 208 614 246 IN
661 208 702 247 1.
739 209 919 249 coNs.
957 209 1225 251 STlmcH.
1266 211 1387 251 LlB.
1427 214 1495 252 11.
1828 209 1938 262 657

126 324 363 389 Nomen,
387 323 664 377 Aventino
688 321 1085 398 Pallanteoque
1116 331 1369 383 recessu!
1829 336 1935 390 406

125 408 288 461 Nunc
313 414 367 461 te
395 406 730 473 conspiciam
755 410 965 474 castris,
988 415 1254 480 permitte,
1280 414 1503 480 relictiS,

123 489 265 544 Mox
292 495 347 543 et
371 507 496 543 cum
521 506 718 556 genero
743 495 946 546 trabeis
971 496 1157 548 visura
1178 498 1451 550 secundis.

195 574 344 626 Haec
370 573 496 625 dum
516 573 703 625 Roma
723 575 901 640 refert,
919 577 1040 645 jam
1070 578 1246 630 Fama
1268 579 1597 646 loquacibus
1619 582 1723 635 alis

123 656 390 712 Pervolat
414 656 698 730 Oceanum
718 676 732 723 3
770 660 969 727 linguis
994 665 1046 713 et
1068 663 1216 714 mille
1241 664 1438 715 citatos

92 794 101 803 ,
123 741 403 795 Festinare
421 741 579 808 jubet
601 759 852 809 proceres
874 760 887 795 ε
923 747 1167 814 nullique
1189 752 1463 812 senectuS‚
1829 750 1937 805 410

119 824 251 878 Non
275 826 394 888 iter,
420 825 675 893 hybernis
701 826 922 878 obstant
947 844 1047 881 nec
1073 828 1302 882 flatibus
1321 829 1519 899 Alpes.

118 908 313 960 Vincit
336 924 487 960 amor
508 910 682 960 meriti
706 910 935 977 pridem,
961 913 1205 980 clarique
1230 917 1459 968 vetustis

123 991 393 1044 Fascibus
418 992 489 1043 ad
516 993 655 1044 socii
678 1000 969 1061 properant
992 1002 1049 1049 et
1070 997 1305 1051 vindicis
1331 1016 1551 1054 annum.

196 1075 292 1127 Sic
316 1076 412 1127 ubi
437 1075 700 1129 foecunda
721 1080 994 1144 reparavit
1013 1086 1184 1134 morte
1199 1081 1506 1149 juventam,

120 1212 316 1254 Aventino
335 1218 374 1253 et
395 1212 627 1254 Pallanteo?
682 1213 856 1254 Concede
888 1228 989 1255 nunc
1020 1222 1070 1256 ut
1100 1217 1251 1256 videam
1285 1221 1325 1256 te
1360 1219 1594 1258 deserentem
1621 1223 1765 1271 castra,
1799 1222 1937 1263 statim

119 1270 368 1318 conspectura
398 1270 437 1306 te
470 1279 555 1306 cum
588 1278 731 1317 genero
765 1274 839 1307 tno
876 1268 1069 1308 Honorio
1107 1270 1150 1309 in
1182 1272 1392 1310 Consulatu
1425 1273 1600 1311 secundo.
1672 1273 1781 1312 Dum
1814 1275 1941 1315 Roma

118 1319 219 1360 dicit
250 1321 346 1369 hoec‚
380 1319 467 1368 ,iam
498 1319 614 1368 fama
646 1321 848 1360 celerrima
887 1322 1085 1372 percurrit
1120 1323 1247 1362 maria
1272 1325 1410 1374 pennis
1438 1324 1646 1374 vocalibus,
1687 1329 1727 1364 et
1770 1326 1938 1377 imperat

114 1372 305 1424 primores
331 1374 436 1413 mille
458 1385 669 1425 properare
698 1373 841 1413 citius.-
880 1379 919 1414 et
948 1375 1089 1415 statim
1124 1387 1192 1414 nec
1222 1377 1372 1416 senium
1397 1378 1574 1417 retardat
1601 1390 1841 1429 quemquam,
1867 1392 1937 1419 nec

114 1425 192 1478 via,
203 1438 273 1466 nec
285 1426 406 1478 Alpes
430 1432 598 1467 vexatae
617 1427 743 1466 ventis
769 1428 1018 1479 hyemalibus.
1076 1428 1234 1469 Omnia
1251 1429 1374 1469 vincit
1393 1442 1524 1470 amor.-
1551 1442 1751 1482 proceres
1769 1432 1938 1472 illustres

106 1478 341 1528 jamdudum
369 1481 513 1520 virtute
540 1484 579 1520 et
607 1481 878 1520 Consulatibus
896 1482 1107 1532 ueteribus,
1132 1487 1339 1522 accurrunt
1375 1485 1426 1523 ad
1461 1496 1603 1523 annum
1643 1484 1876 1536 regendum
1910 1497 1936 1525 a

119 1532 354 1574 Stilichone
384 1535 532 1585 collega
563 1546 638 1574 suo
670 1536 858 1585 quondam
889 1539 926 1574 et
962 1535 1183 1576 liberatore.
1237 1537 1305 1575 Ita
1334 1549 1420 1576 cum
1453 1538 1623 1577 Phoenix
1654 1539 1790 1579 unicus
1832 1550 1939 1579 reno·

882 1638 1175 1654 000000000000

118 1704 217 1746 Jun.
247 1706 471 1757 pr.·Oxon.
500 1718 585 1747 sec.
614 1707 732 1747 Prie.
763 1707 840 1746 tibi
870 1707 984 1747 vallis
1011 1706 1159 1748 Ambr.
1190 1720 1276 1748 sec.
1307 1710 1421 1748 valles
1438 1710 1538 1749 Vat.
1571 1721 1635 1761 pr.
1658 1709 1815 1750 Murcia
1834 1711 1935 1752 Vat.

118 1771 185 1809 pr.
222 1771 277 1798 m.
307 1772 372 1810 pr.
391 1761 549 1799 Marcia
576 1767 759 1812 quatuor
788 1762 909 1800 Vatt.
930 1761 1027 1801 Pal.
1056 1762 1182 1801 Fan-n.
1221 1763 1340 1801 Rott.
1375 1763 1476 1802 Vat.
1514 1773 1579 1813 pr.
1617 1775 1673 1801 m.
1706 1775 1792 1803 sec.
1826 1763 1936 1815 Reg-

119 1812 274 1851 Petav.
309 1818 356 1852 et
393 1812 539 1852 Ambr.
574 1825 638 1864 pr.
673 1814 775 1853 dicet
793 1814 894 1854 Vat.
930 1819 1029 1853 tert.
1059 1826 1116 1854 m.
1148 1826 1215 1865 pr.
1253 1816 1361 1854 tollet
1377 1815 1478 1855 Vat.
1498 1827 1581 1855 sec.
1600 1815 1692 1854 Pal.
1711 1816 1831 1856 Med.
1866 1828 1934 1867 pr.

116 1864 276 1905 Thuan.
315 1866 475 1905 Moret.
521 1868 716 1916 pun—405
764 1867 1063 1918 Pallantinoque
1107 1867 1225 1907 Prie.
1254 1868 1373 1907 Med.
1411 1873 1512 1907 tert.
1549 1868 1802 1919 Palatinoque
1837 1869 1937 1910 Pat.

115 1918 398 1969 Patentinaque
416 1917 566 1958 Ambr.
587 1930 651 1969 pr.
670 1918 737 1959 ed.
755 1919 898 1959 Vicet.
923 1924 1056 1959 senatu
1075 1919 1172 1960 Pat.
1190 1932 1347 1960 recursu
1364 1921 1552 1960 Florent.
1570 1921 1596 1961 J
1603 1933 1672 1959 un.
1693 1933 1756 1971 pr.
1775 1922 1940 1962 recussis

116 1971 216 2012 Vat.
237 1977 337 2011 tert.
357 1983 414 2011 m.
441 1983 530 2012 sec.
560 1983 751 2011 recussum
770 1972 925 2011 Petav.
958 1985 1023 2023 pr.
1058 1984 1111 2011 m.
1143 1984 1229 2012 sec.
1261 1978 1307 2013 et
1340 1973 1401 2013 sic
1420 1973 1632 2012 Heinsius,
1663 1984 1837 2012 recussus
1867 1974 1938 2013 vel

115 2035 264 2064 recessu
282 2037 339 2066 m.
360 2037 424 2076 pr.
442 2030 487 2064 et
505 2037 693 2064 recussum
713 2038 768 2064 m.
801 2037 888 2064 sec.
909 2026 1010 2065 Vat.
1030 2036 1099 2075 pr.
1129 2037 1278 2066 recessu
1298 2026 1366 2064 vel
1396 2037 1554 2065 recursu
1571 2025 1714 2065 Oxon.
1733 2037 1820 2065 sec.
1836 2027 1937 2067 Vat.

117 2083 254 2129 quart.
271 2090 429 2118 recursu
446 2079 514 2117 vel
542 2078 707 2118 recussis
726 2079 794 2117 vel
823 2090 978 2117 recussu
996 2077 1248 2117 Pria—406
1277 2079 1392 2118 Nunc
1426 2083 1465 2118 te
1497 2078 1730 2129 conspiciam
1757 2080 1856 2118 Vat.
1877 2091 1943 2130 pr.

117 2129 308 2171 Florent.
330 2132 414 2171 duo
434 2131 554 2171 Med.
587 2133 672 2171 inc.
692 2130 846 2171 Heius.
879 2131 986 2183 Reg.
1015 2131 1177 2171 Mazar.
1208 2131 1291 2170 duo
1323 2131 1476 2171 Petav.
1496 2131 1580 2170 duo
1599 2129 1750 2171 Ambr.
1809 2132 1864 2171 Ut
1898 2136 1938 2172 te

117 2183 217 2224 Vat.
238 2185 371 2237 quint.
395 2185 626 2236 perspiciam
646 2185 764 2224 Pric.
795 2185 1035 2236 conspiciant
1054 2185 1178 2225 Farn.
1198 2184 1298 2224 Put.
1315 2185 1467 2224 Petav.
1488 2196 1572 2224 sec.
1588 2184 1751 2224 Bonon.
1769 2184 1939 2225 Tholos.

117 2235 266 2278 Ambr.
301 2250 364 2289 pr.
383 2239 543 2279 Moret.
577 2251 660 2278 sec.
692 2239 797 2278 Exc.
829 2238 1010 2278 Gevart.
1040 2236 1106 2278 ed.
1141 2238 1286 2277 Parm.
1316 2244 1360 2277 et
1386 2238 1529 2278 vicet.
1557 2237 1799 2288 perspiciant
1818 2238 1937 2279 Med.

114 2294 219 2334 tert.
234 2292 474 2343 prospiciant
491 2292 615 2332 Voss.
649 2304 705 2331 m.
734 2303 799 2342 pr.
819 2292 921 2332 Jun.
954 2302 1018 2342 pr.
1046 2291 1186 2331 Oxou.
1211 2303 1294 2330 sec.
1317 2291 1576 2342 Conspicuam
1595 2291 1693 2330 Vat.
1726 2302 1813 2331 sec.
1844 2291 1938 2332 Pal.

120 2342 254 2385 Oisel.
273 2346 390 2385 Med.
410 2357 474 2396 pr.
493 2344 660 2385 Thuan.
687 2344 786 2384 Pat.
807 2344 966 2384 Moret.
988 2356 1050 2395 pr.
1070 2344 1171 2383 Ald.
1187 2344 1421 2395 conspiciam
1438 2344 1506 2383 vel
1542 2343 1782 2394 conspicuum
1813 2343 1938 2386 Leid.

118 2407 205 2438 sec.
233 2399 335 2439 Var.
365 2399 448 2438 LL.
485 2410 509 2437 e
544 2409 681 2447 marg.
714 2397 862 2436 Parm.
892 2397 1075 2436 claustris
1107 2397 1295 2435 Florent.
1332 2408 1385 2434 m.
1420 2399 1616 2446 pr.—407
1647 2395 1765 2433 etiam
1795 2407 1939 2445 genero

117 2449 220 2490 Jun.
239 2461 304 2500 pr.
334 2451 488 2490 trabeas
518 2451 703 2489 secundas
731 2449 852 2489 Leid.
883 2461 947 2500 pr.
981 2461 1098 2488 usura
1126 2449 1245 2488 Med.
1273 2451 1471 2499 pru—408
1499 2447 1599 2487 Hoec
1616 2447 1683 2486 ubi
1702 2448 1799 2486 Pal.
1823 2448 1938 2497 Traia

118 2502 219 2542 Var.
238 2503 324 2543 LL.
345 2503 412 2543 ed.
434 2502 564 2542 Antv.
583 2501 773 2542 volae-ibus
791 2502 909 2541 Pric.
929 2501 1115 2540 velocibus
1146 2501 1213 2540 ed.
1231 2501 1374 2540 Vicet.
1405 2501 1479 2539 alis
1496 2500 1681 2552 quinque
1699 2501 1820 2541 Vatt.
1838 2501 1935 2542 Pal.

118 2554 240 2595 Farn.
285 2555 402 2595 Prie.
443 2556 562 2595 Rott.
609 2554 743 2594 Oisel.
785 2555 881 2593 Pat.
927 2555 1007 2592 ales
1038 2554 1137 2592 Nic.
1177 2553 1326 2592 Heins.
1363 2553 1494 2593 Gesn.
1531 2560 1577 2592 et
1614 2553 1937 2604 eampum.—

119 2609 201 2647 409
232 2609 441 2648 Oceanum.
462 2621 556 2648 cum
589 2609 751 2659 στιγμῇ,
778 2613 961 2658 quatuor
990 2607 1111 2645 Vatt.
1136 2607 1249 2646 Prie.
1284 2605 1553 2646 Oisel.——4lo
1580 2606 1767 2657 nullisque
1795 2606 1942 2648 Oxon.

119 2672 186 2711 pr.
205 2662 375 2711 nullique
394 2662 516 2700 Voss.
550 2662 654 2700 LoV.
675 2662 834 2699 Moret.
863 2671 947 2698 sec.
966 2659 1066 2698 Vat.
1087 2659 1224 2698 Livin.
1257 2659 1341 2698 inc.
1363 2659 1514 2698 Heius.
1535 2660 1635 2698 Put.
1656 2660 1815 2699 Thuan.
1849 2671 1936 2699 sec.

116 2714 282 2755 Bonon.
310 2714 408 2754 Pat.
428 2714 602 2753 Tholos.
622 2712 706 2752 duo
726 2712 876 2751 Ambr.
896 2714 1000 2750 Exc.
1031 2713 1208 2751 Gevart.
1241 2716 1390 2750 secutus
1420 2712 1490 2751 ed.
1512 2712 1782 2753 Vicet.—411
1811 2712 1939 2752 obstat

118 2766 218 2807 Pat.
236 2780 284 2807 ne
303 2767 471 2819 flatibus
488 2766 607 2806 Med.
625 2769 844 2805 sem—412
883 2765 1011 2804 Vincit
1028 2777 1147 2804 amor.
1177 2765 1238 2803 sic
1257 2765 1478 2815 distinguit
1497 2765 1598 2804 Vat.
1618 2770 1721 2804 tert.
1743 2770 1787 2804 et
1813 2765 1936 2806 Leid.

151 2831 186 2859 r.
215 2821 368 2871 pridem
397 2820 550 2860 emeriti
583 2819 838 2871 conjiciebat
870 2818 1152 2857 Heins.—413
1183 2818 1364 2857 Fastibus
1395 2817 1544 2857 Ambr.
1578 2829 1641 2869 pr.
1673 2818 1789 2857 acciti
1820 2818 1938 2858 Pric.

119 2831 224 2914 gun.
242 2886 307 2925 pr.
322 2875 438 2913 acciti
456 2875 525 2913 vel
543 2875 594 2912 ad
623 2872 717 2911 socii
737 2872 878 2911 Oxon.
899 2883 984 2911 sec.
1015 2875 1052 2909 et
1083 2871 1178 2910 socii
1202 2883 1414 2922 properans
1440 2871 1547 2921 Reg.
1576 2876 1761 2922 properat
1780 2872 1936 2911 Petav.

119 2935 204 2968 sec.
221 2929 288 2967 sed
313 2927 479 2967 vindicis
504 2927 621 2967 Prie.
638 2926 738 2968 Jun.
768 2927 968 2976 pin—414
985 2923 1197 2971 fecundam
1214 2925 1336 2964 Voss.
1366 2925 1448 2964 duo
1469 2924 1610 2964 Oxon.
1628 2925 1729 2965 Vat.
1748 2936 1835 2964 sec.
1852 2924 1937 2965 duo

942 3019 1117 3060 NOTAE

120 3117 236 3155 teto,-
265 3114 323 3154 ibi
339 3114 470 3155 etiam
485 3118 577 3154 erat
597 3113 802 3165 templum
814 3112 994 3152 Veneris
1114 3116 1192 3152 407
1217 3114 1317 3152 Cum
1331 3113 1493 3164 genero]
1514 3111 1610 3151 Hoc
1626 3121 1709 3150 non
1727 3090 1936 3169 contigit:

35 3189 40 3213 t
122 3176 311 3229 Murtiae,
330 3191 355 3217 a
373 3183 513 3218 murto
527 3178 597 3218 vel
614 3181 773 3229 myrto,
790 3188 884 3229 quae
902 3182 996 3215 erat
1061 3186 1158 3213 nam
1176 3174 1354 3213 Stilicho
1380 3174 1475 3213 iniit
1493 3173 1767 3213 Consulatum
1789 3181 1938 3211 secun-

37 3227 41 3279 }
123 3237 251 3279 arbor
267 3240 463 3280 Veneris.
1063 3237 1179 3288 dum,
1198 3248 1280 3276 non
1299 3248 1394 3278 cum
1415 3235 1623 3287 Honorio,
1641 3233 1715 3274 sed
1735 3246 1829 3273 cum
1848 3231 1937 3272 An-

176 3291 325 3353 Ducet]
350 3300 529 3353 Efferet,
564 3301 833 3343 continuabit
864 3312 998 3355 usque
1063 3302 1237 3343 themio.

7 3351 23 3398 ἒ
40 3362 45 3415 ξ
125 3358 182 3401 ad
203 3361 379 3402 Coelum.

232 3426 376 3479 Delph.
395 3422 548 3469 etVar.
570 3429 676 3472 Clas.
967 3430 1111 3470 Claud.
1699 3432 1704 3435 “
1735 3425 1761 3462 2
1787 3421 1826 3462 Τ
