2300 3906
648 180 711 218 m
757 179 820 219 ιι.
859 178 1032 218 cous,
1072 177 1339 217 smnicn.
1383 176 1503 215 mn.
1874 164 1983 220 681

239 298 502 350 Proxime
528 298 633 349 Dis
658 295 886 357 Consul,
911 299 1082 348 tantae
1107 296 1204 362 qui
1226 294 1506 362 prospicis
1532 290 1693 354 Urbi,
1874 292 1980 345 130

170 381 301 445 Qua
325 382 455 433 nihil
480 381 533 432 in
561 378 718 430 terris
743 379 1124 445 complectitur
1147 379 1311 431 altius
1338 378 1539 431 aether:

171 464 342 534 Cujus
367 481 465 516 nec
491 462 733 530 spatium
758 463 930 524 visus,
955 477 1057 512 nec
1083 461 1251 512 corda
1275 461 1545 522 decorem,

173 546 297 598 Nec
322 544 540 597 laudem
563 559 680 595 vox
702 543 818 594 ulla
842 545 1027 610 capit:
1065 559 1190 610 quae
1212 543 1335 593 luce
1357 542 1570 594 metalli

168 630 397 682 AEmula
417 629 614 680 vicinis
638 628 861 695 fastigia
883 629 1123 680 conserit
1146 627 1343 678 astris:
1980 694 1982 696 ·

172 713 314 777 Quae
342 716 553 779 septem
579 712 829 778 scopulis
853 726 1021 763 zonas
1039 711 1284 763 imitatur
1309 709 1559 778 Olympi,
1882 706 1987 763 135

170 795 462 848 Armorum
487 795 780 863 legumque
804 810 1002 862 parens
1027 811 1040 846 t
1081 810 1206 861 quae
1231 793 1409 845 fundit
1434 795 1487 846 in
1513 810 1702 846 omnes

169 879 488 947 Imperium,
513 880 788 947 primique
815 879 967 931 dedit
994 880 1269 931 cunabula
1286 880 1451 947 juris,

172 964 320 1015 Haec
346 971 448 1026 est,
472 964 688 1030 exiguis
714 981 839 1031 quae
866 964 1063 1016 finibus
1086 972 1206 1016 orta
1232 965 1462 1016 tetendit

170 1048 237 1100 In
264 1049 509 1115 geminos
536 1063 694 1110 axeS‚
718 1064 1003 1116 parvaque
1029 1066 1063 1100 a
1086 1049 1217 1100 sede
1242 1051 1516 1117 profectas

171 1132 453 1200 Dispersit
472 1148 597 1183 cum
622 1132 750 1184 Sole
776 1149 983 1186 manus,
1059 1133 1208 1186 Haec
1235 1136 1404 1187 obvia
1426 1135 1575 1197 fatis,
1883 1132 1989 1185 140

170 1307 210 1347 0
234 1306 380 1348 Consul
395 1310 532 1360 prope
551 1309 694 1348 similis
715 1309 826 1358 Diis,
857 1310 924 1360 qui
953 1312 1122 1350 consulis
1146 1314 1270 1350 tantoe
1286 1310 1390 1358 urbi,
1419 1322 1493 1361 qua
1511 1309 1612 1349 nihil
1638 1308 1839 1348 sublimius
1857 1309 1991 1347 coelnm

169 1362 338 1402 continet
362 1363 403 1401 in
422 1364 575 1412 mundo,
593 1364 699 1413 cujus
717 1364 940 1402 vastitatem
960 1364 1059 1403 oculi
1076 1376 1152 1403 non
1179 1365 1513 1415 comprehendunt,
1529 1374 1648 1414 neque
1666 1366 1810 1401 mentes
1827 1361 1995 1412 pulchri-

168 1415 352 1466 tudinem,
385 1428 504 1467 neque
530 1417 611 1455 ulla
644 1417 781 1466 lingua
816 1417 1011 1467 elogium:
1035 1431 1120 1468 quae
1146 1417 1287 1456 similis
1306 1419 1506 1468 splendore
1525 1418 1613 1454 auri·
1630 1416 1778 1454 attollit
1801 1419 1916 1465 caput
1937 1413 1991 1452 ad

168 1468 511 1521 siderafinitima:
540 1483 625 1521 quoe
645 1472 851 1509 aemulatur
870 1482 985 1509 zonas
1021 1472 1116 1510 Coeli
1141 1471 1298 1510 collibus
1329 1475 1489 1521 septem,
1519 1474 1643 1531 mater
1664 1480 1859 1507 armorum
1882 1472 1921 1506 et
1939 1469 1991 1506 le-

159 1532 277 1570 gum,
294 1535 378 1572 quoe
395 1523 548 1573 spargit
564 1527 796 1574 potestatem
814 1536 930 1562 suam
958 1524 1002 1563 in
1028 1525 1216 1563 homines
1245 1536 1388 1572 omnes,
1418 1528 1455 1563 et
1484 1536 1576 1574 quae
1597 1522 1743 1562 int-enit
1763 1521 1880 1560 initia
1886 1520 1996 1569 juris

165 1575 301 1624 primi.
333 1576 432 1614 Hoec
463 1580 521 1615 est
550 1576 669 1623 urbs,
689 1588 772 1627 quae
798 1581 893 1615 nata
927 1589 979 1615 ex
1000 1578 1131 1628 parvis
1150 1578 1276 1616 initiis
1291 1578 1467 1627 porrexit
1487 1589 1526 1615 se
1544 1577 1594 1615 ad
1613 1580 1814 1625 utrumque
1838 1573 1993 1613 Mundi

168 1626 381 1679 cardinem,
409 1633 447 1668 et
464 1630 696 1681 propagavit
724 1642 810 1669 cum
838 1630 926 1669 Sole
945 1642 1080 1670 manus
1098 1635 1205 1670 ortas
1225 1643 1275 1669 ex
1292 1632 1380 1670 sede
1397 1630 1519 1670 tenui.
1576 1629 1677 1667 Hoec
1693 1629 1866 1679 exposita
1874 1626 1994 1675 fatis,

940 1750 1206 1764 θθθθθθδθκθ
1213 1751 1234 1764 Ι

166 1829 311 1877 quart.
340 1826 497 1877 reliquit
519 1828 610 1867 Pal.
629 1829 750 1868 Med.
771 1842 833 1879 pr.
853 1830 959 1870 Cod.
981 1831 1265 1871 Barth—130
1293 1831 1359 1882 qni
1378 1835 1499 1870 tantoe
1519 1831 1658 1870 Oxon.
1674 1841 1757 1868 sec.
1798 1827 1882 1879 quis
1900 1826 1994 1865 Ma-

169 1891 256 1917 zar.
281 1881 471 1930 prospicit
492 1881 617 1920 Farn.
644 1883 830 1933 conspicis
848 1885 1036 1923 Florent.
1053 1897 1106 1923 m.
1124 1889 1317 1934 pr.-——131
1334 1885 1525 1927 m‘lPric.
1553 1884 1620 1922 aer
1639 1883 1665 1923 J
1671 1894 1737 1921 un.
1758 1893 1822 1932 pr.
1843 1880 1911 1919 ne'r
1926 1879 1994 1917 vel

165 1933 291 1970 (ether
311 1932 451 1972 Oxon.
468 1938 687 1974 seta—133
725 1937 850 1975 laudis
864 1938 987 1976 Voss.
1006 1949 1061 1977 m.
1083 1941 1305 1977 sem—134
1330 1936 1503 1985 fastidia
1521 1937 1685 1974 Thuan.
1716 1933 1881 1981 vestigia
1896 1933 1996 1970 Vat.

172 1985 306 2034 quint.
336 1987 500 2026 contulit
519 1992 565 2026 et
582 1989 852 2028 emendatum
883 1991 1050 2029 conserit
1070 1991 1311 2029 Low—435
1348 1991 1427 2034 Qui
1447 1990 1601 2028 Petav.
1621 2000 1705 2027 sec.
1744 1986 1891 2035 scopuli
1911 1985 1994 2025 inc.

164 2038 462 2079 -Heins.——136
476 2052 685 2093 regumque
694 2043 795 2082 Vat.
811 2044 946 2095 quint.
967 2047 1103 2094 potens
1118 2044 1237 2082 Rott.
1256 2055 1394 2093 parens
1411 2043 1476 2082 vel
1493 2046 1630 2094 potens
1640 2042 1740 2079 Vat.
1753 2037 1934 2090 quart-s
1931 2050 1998 2076 ¹1⁷2·

171 2092 241 2130 dat
262 2092 452 2133 Florent.
470 2105 528 2133 m.
549 2106 613 2144 pr.
633 2094 746 2142 fudit
767 2096 1070 2135 'rimam—13⁷
1098 2098 1282 2136 venabula
1302 2097 1404 2137 Jun.
1426 2108 1489 2146 pr.
1530 2096 1638 2134 ruris
1668 2095 1819 2132 Petav.
1840 2097 1997 2130 tert.—

172 2147 250 2184 138
281 2145 382 2188 Hoec
399 2147 519 2186 etiam
535 2148 694 2187 Thuan.
738 2149 921 2200 pependit
941 2149 1061 2189 Med.
1093 2161 1178 2189 sec.
1201 2163 1258 2189 m.
1281 2162 1342 2200 pr.
1388 2149 1532 2189 recedit
1563 2149 1666 2187 Put.
1695 2147 1860 2185 Thumi.
1899 2145 1995 2183 l‘at.

171 2198 271 2236 Var.
290 2198 377 2239 LL.
399 2199 468 2239 ed.
501 2200 772 2242 Antv.—l39
798 2204 864 2242 Ad
881 2203 1058 2254 geminos
1094 2203 1242 2243 Ambr.
1281 2208 1383 2243 tert.
1422 2202 1603 2254 profusos
1620 2202 1779 2240 Thuan.
1822 2196 1998 2249 profecta

172 2257 355 2302 quatuor
391 2253 514 2293 Vatt.
543 2255 672 2294 Farn.
712 2255 847 2295 Oisel.
888 2256 1084 2307 profectas
1110 2256 1195 2295 duo
1226 2256 1377 2296 Leidd.
1408 2262 1455 2296 et
1482 2255 1666 2294 sedecim
1696 2253 1861 2303 scripti,
1895 2252 1997 2289 Exc.

173 2304 352 2346 Gevart.
370 2307 553 2348 Lucens.
574 2320 636 2360 pr.
658 2308 763 2349 Cod.
786 2309 939 2350 Rhem.
958 2310 1061 2349 Var.
1083 2309 1166 2350 LL.
1188 2321 1213 2349 e
1233 2322 1366 2361 marg.
1384 2310 1663 2348 Parm.-——140
1683 2306 1887 2356 Dispensit
1905 2303 1998 2343 Pal.

991 2440 1168 2482 NOTAE

168 2586 170 2588 Ι
229 2540 307 2577 130
337 2538 523 2578 Proxime
538 2539 616 2579 Dis
637 2540 798 2591 Consul]
846 2539 1052 2580 Homines
1119 2540 1217 2581 vide
1237 2553 1367 2592 supra
1387 2554 1448 2582 VS.
1469 2545 1538 2583 65.

174 2600 386 2652 urbesque
420 2613 670 2642 conservare
704 2590 894 2642 (livinum
930 2603 1052 2655 quid-
1174 2606 1252 2643 136
1283 2604 1504 2655 Legumque
1519 2604 1679 2655 parcns]
1710 2602 1821 2645 Quia
1837 2606 1882 2641 ut
1899 2613 1999 2640 com-

173 2661 287 2711 piam
308 2667 388 2702 est.
1119 2666 1247 2705 munis
1271 2667 1419 2718 patria,
1439 2679 1494 2705 ex
1530 2665 1794 2714 Modestiae,
1826 2664 2001 2715 scripsit

232 2727 308 2763 133
338 2724 441 2764 Luce
458 2726 605 2766 metalli
619 2727 776 2778 oemula]
826 2729 935 2768 Urbs
952 2741 1053 2768 auro
1123 2729 1239 2780 leges
1266 2728 1361 2768 orbi
1394 2729 1614 2768 universo:
1650 2728 1720 2767 alii
1743 2729 1894 2778 legunt
1924 2726 2000 2765 Le·

175 2787 362 2838 undique
383 2789 614 2841 collucens,
643 2795 687 2829 et
708 2790 832 2829 astris
853 2791 990 2830 aureis
1005 2791 1056 2830 si-
1119 2804 1215 2841 gum
1226 2795 1378 2842 potens,
1395 2791 1438 2830 id
1459 2797 1543 2838 est,
1573 2804 1668 2843 qnae
1697 2790 1827 2830 habet
1859 2794 2002 2841 potes-

177 2848 365 2896 millima.
1123 2858 1256 2892 tatem
1279 2854 1379 2893 belli
1400 2858 1446 2893 et
1465 2854 1625 2904 legum.

232 2915 310 2951 134
339 2913 541 2965 Fastigz'a]
561 2913 846 2955 Altitndinem
861 2915 1058 2956 aedificio-
1178 2920 1255 2956 13⁷
1287 2916 1486 2956 Cunabula
1493 2916 1619 2966 juris]
1638 2915 1895 2967 Theophilus
1909 2913 2003 2953 dix·

179 2984 270 3013 rum
286 2974 330 3013 in
342 2976 522 3015 collibus
538 2982 865 3017 exstructorum.
1125 2981 1179 3027 it,
1198 2979 1249 3019 τὰ
1267 2982 1398 3031 πρῶτα
1411 2982 1489 3019 τῶν
1507 2981 1630 3029 νόμων
1643 2977 1822 3031 προοίμια
1836 2992 1850 3017 ιΔ
1875 2977 2004 3030 prima

173 3090 176 3094 .
233 3039 309 3075 135
339 3037 487 3089 Zonas]
528 3039 705 3089 Septem
742 3045 865 3080 erant
911 3041 1058 3081 Romae
1126 3045 1256 3093 legum
1273 3045 1448 3085 exordia.

180 3098 323 3150 colles,
357 3101 499 3151 plures
518 3101 590 3140 alii
608 3109 857 3143 numerant:
895 3110 1061 3155 septem
1182 3110 1259 3146 140
1291 3108 1391 3146 Cum
1410 3107 1520 3158 Sole]
1573 3107 1758 3148 Oriente
1796 3111 1843 3146 et
1877 3104 2003 3146 Occi·

181 3161 310 3211 etiam
339 3169 441 3204 sunt
470 3165 600 3204 Zonae
636 3178 712 3204 seu
732 3166 839 3206 Coeli
863 3168 1058 3218 regiones
1127 3170 1256 3211 dente
1275 3171 1472 3212 extendit
1496 3184 1644 3212 manus
1677 3185 1730 3210 ex
1751 3170 1856 3223 urbe
1873 3180 2004 3221 parva

183 3230 240 3263 ex
273 3225 542 3279 quibusdam,-
576 3233 624 3268 ut
657 3227 792 3269 refert
829 3231 1056 3272 Barthius:
1125 3233 1464 3286 proficiscentes,
1480 3235 1666 3284 hocest;
1698 3232 1898 3274 extendit
1925 3230 2003 3269 im-

184 3283 263 3323 sed
278 3291 421 3327 tamen
433 3288 715 3332 communiter
727 3294 860 3334 Zonae
873 3294 1060 3347 quinque
1126 3296 1291 3348 perium
1313 3310 1324 3345 ;
1353 3308 1450 3336 nam
1486 3309 1635 3336 manus
1660 3294 1898 3349 symbolum
1933 3298 2003 3333 est

185 3355 478 3395 numerantur.
526 3353 596 3397 De
627 3354 780 3409 quibus
817 3356 946 3409 alibi3
984 3357 1061 3400 sed
1128 3359 1299 3414 imperii
1315 3365 1362 3401 et
1378 3359 1621 3414 potestatis.
