2300 3906
277 192 388 246 792
812 204 906 242 ci,-
946 197 1303 246 numnam
1344 197 1583 238 xxvui.

278 321 556 376 Bellorum
579 320 832 390 duplicat
847 318 1061 378 lam-ue,
1083 314 1370 384 isdemque
1395 316 1625 386 tropaeis
1998 318 2106 387 120

278 406 523 459 Reddita
546 406 771 458 libertas
797 401 936 463 orbi,
963 400 1209 454 vindicta
1233 402 1465 468 parenti.

278 489 390 554 Sed
414 490 547 542 mihi
565 489 686 556 jam
710 485 922 553 pridem
945 490 1170 553 captum
1200 486 1475 538 Parnasia
1498 485 1760 538 Maurum

278 573 482 627 Pieriis
506 573 616 638 egit
639 570 843 622 fidibus
864 569 1088 639 chelys:
1128 585 1282 622 arma
1308 569 1573 623 Getarum

278 658 472 726 Nuper
496 654 646 722 apud
669 670 918 728 socerum
942 654 1154 722 plectro
1176 654 1460 707 celebrata
1482 655 1697 707 recenti.

276 739 564 793 Adventus
586 755 731 791 nunc
756 755 917 792 sacra
942 739 1022 793 tui
1045 740 1177 792 libet
1202 738 1360 791 edere
1387 738 1599 803 MusiS‚
2000 738 2108 792 125

277 824 561 891 Grataque
587 810 821 890 patratis
845 822 1077 876 exordia
1102 839 1318 876 sumere
1345 823 1526 875 bellis.

275 907 314 960 J
318 923 410 960 am
435 905 734 958 Pollentini
760 910 1011 959 tenuatus
1032 907 1229 960 funere
1246 907 1455 975 campi,

277 990 665 1059 Concessaque
690 991 798 1042 sibi
819 990 1027 1061 (rerum
1048 992 1132 1044 sic
1157 992 1423 1045 admonet
1443 989 1612 1062 usus)

277 1077 448 1141 Luce,
475 1079 561 1128 tot
586 1075 813 1128 amissis
838 1077 1030 1141 sociiS,
1053 1082 1218 1146 atque
1244 1076 1497 1129 omnibus
1523 1093 1638 1130 una

278 1227 395 1283 Reip.
410 1226 589 1277 geminat
607 1225 788 1265 honorem
815 1224 924 1278 belli,
955 1229 994 1265 et
1019 1226 1189 1267 *uictoria
1219 1229 1355 1267 eadem
1383 1224 1547 1268 libertas
1571 1227 1757 1269 restituta
1785 1234 1851 1269 est
1883 1230 2038 1279 mundo,
2070 1233 2110 1269 et

274 1280 376 1320 ultio
395 1280 515 1319 Patri
551 1284 625 1319 tuo
650 1279 872 1319 Theodosio.
928 1279 987 1319 At
1016 1280 1170 1321 cithara
1196 1293 1299 1321 mea
1328 1282 1542 1321 Parnassia
1569 1283 1711 1322 cecinit
1727 1283 1961 1331 jamdudum
1992 1286 2109 1322 cantu

276 1333 416 1374 Pierio
436 1334 625 1373 Maurum
645 1332 877 1373 Gildonem
891 1332 1094 1373 subactum
1107 1347 1120 1373 .·
1149 1339 1195 1373 et
1211 1334 1352 1385 praelia
1369 1335 1564 1374 Getarum
1589 1340 1799 1375 memorata
1819 1342 1918 1376 sunt
1937 1336 2112 1376 versibus

275 1387 384 1427 meis
402 1399 526 1437 nuper
542 1387 647 1438 apud
663 1398 833 1426 socerum
851 1391 969 1425 tuum
987 1386 1281 1427 Stilichonem.
1337 1388 1560 1436 Jamjuvat
1574 1390 1744 1439 pandere
1758 1389 1888 1429 Musis
1902 1391 2111 1429 adventum

272 1443 387 1480 tuum
403 1443 615 1489 sacratum,
645 1444 683 1479 et
699 1451 834 1490 capere
851 1440 970 1479 initia
987 1439 1174 1480 amabilia
1194 1453 1248 1480 ex
1266 1441 1375 1480 bellis
1391 1440 1580 1489 confectis
1597 1454 1622 1480 a
1641 1447 1700 1481 te.
1755 1443 1853 1482 Jam
1870 1442 1992 1482 locetis
2011 1441 2112 1482 Ala-

274 1492 390 1532 ricus
408 1493 575 1532 attritus
592 1493 700 1532 clade
719 1492 807 1531 belli
826 1493 1055 1543 Pollentini,
1088 1498 1128 1533 et
1158 1495 1242 1533 vita
1272 1494 1348 1532 sibi
1378 1496 1473 1535 data
1504 1494 1593 1543 (ita
1608 1494 1815 1534 necessitas
1834 1507 1963 1534 rerum
1977 1500 2111 1545 postu-

274 1545 381 1586 labat
382 1545 425 1598 ),
437 1545 606 1598 perditis
623 1549 683 1585 tot
697 1546 826 1596 sociis,
845 1549 885 1584 et
903 1545 1016 1585 rebus
1032 1545 1119 1585 suis
1137 1547 1290 1585 cunctis
1305 1546 1423 1585 simul
1440 1545 1621 1597 vastatis,
1640 1551 1794 1586 coactus
1814 1552 1881 1586 est
1897 1548 2112 1599 relinquere

1045 1637 1093 1651 00
1097 1635 1316 1652 “MNO“
1320 1636 1344 1651 Ο

273 1694 430 1733 Petam
441 1703 527 1732 sec.
538 1690 688 1731 Ambr.
699 1701 783 1730 sec.
791 1689 901 1741 patri
911 1690 978 1730 vel
992 1689 1123 1741 patris
1135 1687 1281 1728 Oxou.
1292 1700 1358 1741 pr.
1369 1692 1486 1741 pater
1492 1689 1675 1737 fratrum
1689 1691 1855 1733 Tholas.
1866 1690 2025 1741 ferrum
2034 1706 2112 1746 pro

274 1758 407 1786 rerum
421 1745 578 1785 Petav.
594 1755 683 1783 sec.
711 1755 843 1783 rerum
856 1744 924 1783 vel
935 1743 1118 1792 fratrum
1131 1742 1274 1782 Oxou.
1291 1754 1357 1794 pr.
1385 1743 1527 1783 salutis
1541 1743 1686 1784 Oxou.
1701 1757 1787 1785 sec.
1801 1746 1888 1786 inc.
1903 1746 2114 1788 Heius.—

278 1803 356 1839 12⁰
383 1799 560 1838 Bello-soc
575 1797 676 1837 Put.
702 1798 854 1837 laurum
868 1796 952 1836 inc.
973 1796 1123 1836 Heins.
1152 1796 1284 1835 lauros
1298 1796 1364 1836 ed.
1378 1796 1523 1836 Vicet.
1542 1798 1677 1838 laurus
1691 1799 1811 1840 Leid.
1824 1811 1911 1840 sec.
1925 1812 2022 1840 cum
2037 1801 2113 1842 tri-

271 1853 396 1904 ginta
414 1852 524 1903 aliis,
543 1852 650 1891 Exc.
664 1851 847 1891 Gevart.
863 1851 1047 1891 Lucens.
1062 1862 1128 1902 pr.
1150 1850 1257 1889 Var.
1280 1851 1369 1890 LL.
1390 1863 1414 1890 e
1430 1862 1565 1903 marg.
1581 1851 1727 1892 Parm.
1755 1853 1890 1893 laurus
1902 1854 1971 1894 vel
1984 1855 2115 1894 tauros

272 1905 396 1946 Med.
408 1911 552 1959 quart.
567 1904 901 1956 triumphisPric.
910 1904 1031 1944 Med.
1040 1907 1182 1957 quart.
1193 1903 1296 1943 Put.
1310 1903 1393 1944 inc.
1406 1903 1559 1944 Heius.
1571 1905 1673 1945 Var.
1686 1906 1773 1947 LL.
1787 1918 1810 1946 e
1821 1919 1954 1958 marg.
1964 1907 2111 1948 Parm.

271 1963 406 2000 -121
435 1959 522 1999 coeli
542 1970 618 2010 pro
634 1958 722 1997 orbi
751 1959 1011 1998 Rom—122
1037 1956 1190 2009 pridem
1209 1956 1305 1996 mihi
1326 1956 1418 2006 jam
1436 1958 1558 1998 Leid.
1582 1970 1645 2010 pr.
1667 1958 1818 1999 Ambr.
1843 1973 1929 2001 sec.
1955 1965 2113 2001 cautum

272 2025 354 2064 pro
366 2016 522 2063 captum
536 2013 665 2051 Farn.
679 2011 836 2051 Petav.
851 2023 936 2051 sec.
952 2011 1252 2050 Eoum—123
1270 2011 1492 2063 Pierii-sque
1504 2011 1661 2053 Petav.
1677 2017 1876 2064 pr.—l24
1893 2015 2033 2066 Nuper
2042 2016 2113 2055 ad-

275 2067 352 2106 huc
370 2066 473 2108 Jun.
495 2078 562 2117 pr.
585 2065 729 2106 Oxou.
748 2068 969 2104 sec—125
999 2065 1081 2104 tuis
1104 2063 1260 2104 Petav.
1281 2074 1366 2103 sec.
1388 2071 1432 2104 et
1452 2065 1625 2106 Thalos.
1648 2065 1720 2116 qui
1740 2071 1786 2106 et
1814 2068 1906 2107 licet
1924 2080 2002 2119 pro
2021 2068 2116 2108 libet

271 2119 422 2160 habet.
451 2121 531 2158 tuis
549 2118 674 2158 muris
690 2118 937 2170 conjecerat
954 2117 1244 2157 Heins.—126
1270 2117 1391 2156 musis
1411 2129 1487 2169 pro
1501 2117 1610 2158 bellis
1620 2118 1920 2161 'numm-12⁷
1948 2122 2117 2173 Jamque

276 2172 459 2214 Palatini
477 2172 634 2212 Movet.
654 2183 739 2212 sec.
770 2170 992 2211 Pollentini
1010 2171 1114 2210 Vat.
1132 2181 1217 2210 sec.
1243 2173 1430 2209 tenuatus
1444 2170 1586 2211 Oxon.
1607 2182 1695 2212 sec.
1722 2175 1937 2213 temeratus
1954 2175 2115 2216 Moret.

277 2239 347 2278 pr.
379 2226 533 2275 funera
551 2226 712 2266 Moret.
735 2237 798 2276 pr.
835 2226 997 2276 pulvere
1026 2224 1180 2263 Petav.
1202 2228 1304 2263 tert.
1349 2223 1393 2262 in
1412 2224 1514 2264 Vat.
1538 2223 1676 2276 quint.
1712 2226 1818 2265 ordo
1837 2239 2035 2267 versuum
2053 2227 2115 2268 ita

274 2280 535 2321 constitutus
549 2284 664 2329 era-t,
705 2279 802 2318 Jam
823 2277 1054 2326 Pollentini,
1072 2280 1152 2318 ὅτε.
1175 2282 1266 2317 tum
1303 2276 1446 2316 Hostis
1463 2281 1518 2318 et.
1554 2277 1654 2317 dein
1685 2279 1961 2331 concessaque,
1976 2282 2115 2322 ὅτε.-

273 2337 358 2375 129
382 2333 566 2374 αάηιίωίε
577 2333 740 2373 Mol-et.
759 2343 847 2372 sec.
865 2331 1008 2373 Oxon.
1025 2342 1112 2372 sec.
1141 2331 1258 2370 sociis
1272 2331 1338 2369 vel
1347 2330 1504 2382 populis
1521 2330 1643 2371 Med.
1660 2335 1902 2374 tert.--130
1928 2334 2118 2387 Abreptis

1114 2422 1290 2465 NOTAE

330 2511 409 2549 123
438 2506 590 2548 Pieriis
600 2505 765 2560 fidibus]
793 2506 847 2549 Id
868 2510 951 2558 est,
962 2505 1159 2547 versibus
1227 2504 1476 2557 adveutum,
1505 2517 1581 2546 seu
1612 2516 1756 2547 sacras
1773 2494 2039 2547 caerimonias
2067 2506 2113 2547 in

274 2583 352 2613 scu
370 2577 503 2613 cantu
521 2572 761 2623 Musarum,
788 2583 886 2624 quae
907 2569 1066 2611 Pieriae
1089 2582 1161 2610 vo⁴
1229 2568 1420 2609 adventu
1440 2573 1515 2609 tuo
1536 2574 1750 2622 peractas.

278 2640 448 2688 cantur,
465 2648 491 2675 a
511 2635 658 2676 Pieria
674 2635 851 2688 regione
873 2634 1161 2686 Macedoniae,
1285 2634 1364 2671 12⁷
1396 2630 1629 2682 Pollentini]
1673 2629 1876 2672 Alaricus
1907 2635 1954 2672 et
1984 2631 2114 2673 Getae

274 2699 415 2740 Musis
430 2711 568 2740 sacra.
1230 2694 1338 2737 victi
1357 2701 1457 2735 sunt
1476 2708 1502 2735 a
1519 2695 1774 2746 Stilichone,
1806 2695 2008 2748 auspiciis
2027 2696 2116 2738 Ho-

332 2762 456 2814 Egit]
496 2762 683 2813 Cecinit,
714 2767 760 2804 et
788 2763 908 2804 velut
936 2763 982 2805 in
1016 2762 1163 2803 trium·
1229 2759 1354 2808 norii,
1369 2760 1420 2799 ad
1442 2760 1590 2800 urbem
1607 2760 1863 2802 Pollentiam
1880 2760 2116 2814 inLigusia

277 2826 408 2879 phum
427 2825 535 2878 egit,
563 2826 776 2878 duxitque
805 2827 1007 2870 Maurum
1027 2827 1162 2879 capti·
1228 2822 1370 2865 Italiae
1391 2824 1579 2874 regione.

276 2900 393 2938 vum,
420 2888 587 2928 scilicet
607 2887 840 2930 Gildonem
867 2894 1119 2941 superatum
1137 2899 1163 2931 a
1284 2890 1363 2931 128
1394 2887 1603 2940 Concessa]
1658 2885 1854 2928 Tradunt
1901 2882 2114 2927 Historia-,5

275 2951 513 2993 Stilichone
529 2952 607 2992 sub
626 2951 832 3004 auspiciis
851 2953 1052 2995 Honorii.
1230 2952 1446 2994 Alaricum
1469 2965 1568 2993 cum
1586 2952 1673 2992 suis
1691 2951 1862 3000 Gothia,
1874 2961 1952 2989 sen
1968 2949 2114 2998 Getis,

334 3014 493 3067 chelys]
539 3012 681 3066 xixus,
712 3021 759 3056 et
795 3013 963 3067 χελύνη,
997 3016 1166 3066 testudo,
1229 3018 1422 3073 potuisse
1438 3018 1573 3061 deleri
1588 3016 1877 3065 astilichone,
1889 3013 1964 3054 ned
1976 3012 2113 3053 fuisse

274 3074 603 3134 instrumentum
662 3079 868 3121 musicum
939 3079 1164 3120 testudinis
1231 3081 1481 3130 dimissum3
1533 3079 1644 3124 und?-
1690 3077 1880 3130 peffidiae
1914 3075 2112 3116 Stilicho·

271 3153 448 3197 Squuma
467 3141 742 3183 adornatum.
1228 3156 1328 3190 nem
1348 3149 1544 3193 arguunt.
1589 3141 1672 3182 sed
1689 3141 1861 3194 sapiens
1881 3140 1982 3180 Dux
1998 3139 2112 3180 forte

332 3208 460 3251 Ama
481 3207 694 3260 Getarum]
721 3207 872 3249 Cecinl
898 3207 1012 3250 bella
1029 3207 1164 3250 Geta·
1227 3205 1415 3261 putabat
1445 3217 1539 3247 esse
1576 3204 1729 3247 melius
1765 3215 1840 3245 eos
1875 3203 2113 3254 dimittere,

278 3269 373 3313 rum
392 3270 567 3312 Alarico
597 3268 748 3324 fugato
781 3270 835 3313 ab
865 3271 1020 3313 eodem
1048 3259 1165 3314 stili·
1227 3281 1393 3316 memor
1409 3268 1525 3311 hosti
1538 3266 1727 3320 fugienti
1742 3270 1917 3320 pontem
1937 3276 2112 3307 aureum

281 3335 417 3379 chone
425 3334 513 3378 ,aab
523 3333 739 3390 auspiciis
756 3333 957 3378 Honor-ii.
1227 3345 1325 3379 me
1334 3331 1602 3386 ponendum.

333 3401 412 3439 126
442 3398 644 3440 Adventu·
660 3397 791 3448 nera]
817 3396 971 3449 [dut.
988 3407 1162 3440 mmm
