2300 3906
361 230 469 285 512
643 211 646 215 ⁴
933 238 1027 280 ct..
1065 237 1421 278 emonam
1463 236 1504 276 x
1519 235 1606 276 ix.

363 363 633 425 Canitiem
656 372 806 439 largo
830 376 1002 422 raram
1029 371 1095 421 de
1120 369 1346 436 pulvere
1371 371 1572 435 turpat,
2107 357 2181 414 25

432 456 506 508 Et
526 457 785 523 lacrymis
814 471 973 520 rugas
999 454 1210 520 implet,
1250 453 1391 502 anile
1417 464 1638 518 gemens
1661 466 1675 501 ε
1778 461 1789 465 ’

363 541 805 609 Suppliciterque
829 542 951 608 pias
978 538 1199 589 humilis
1226 544 1527 604 prostratus
1552 535 1621 586 ad
1648 548 1773 585 aras

433 625 650 690 Mitigat
678 626 843 675 iratas
873 639 1004 674 voce
1028 626 1285 673 tremente
1310 635 1494 671 nurus,

341 709 638 783 „gnnumeri
669 708 1031 774 glomerantur
1056 707 1187 766 heri,
1228 705 1333 755 sibi
1361 705 1593 771 quisque
1617 702 1863 769 petentes

322 778 326 786 ¹
356 779 779 858 ‘iss'Mancipium
810 792 943 843 solis
968 792 1100 842 utile
1127 790 1440 857 suppliciis,
2109 782 2183 836 30

362 875 632 941 Quamvis
658 875 842 927 foedus
868 876 1031 938 enim,
1067 880 1412 941 mentemque
1440 872 1756 925 obscaenior
1782 886 1892 935 ore,

432 960 523 1012 Ira
546 960 699 1011 dabit
722 960 955 1027 pretium
978 977 990 1011 ε
1029 976 1200 1027 poena
1223 963 1456 1010 meretur
1478 957 1604 1010 emi.

362 1162 553 1197 revocata.
609 1156 842 1207 Eutropius
875 1156 1066 1202 deformat
1099 1157 1227 1196 cinere
1259 1157 1379 1194 multo
1412 1167 1524 1194 canos
1538 1154 1627 1205 jam
1646 1166 1801 1205 paucos,
1830 1157 1868 1192 et
1888 1153 1995 1205 flens
2012 1153 2187 1204 aniliter,

361 1213 482 1262 replet
501 1223 618 1259 rugas
635 1223 724 1248 suas
733 1210 910 1260 fletibus,
944 1215 981 1248 et
1000 1210 1211 1249 submissas
1231 1211 1430 1248 advolutus
1456 1209 1635 1258 religiose
1654 1210 1704 1247 ad
1722 1208 1866 1246 altaria
1884 1220 2008 1257 sacra,
2042 1209 2186 1247 mulcet

360 1263 487 1303 verbis
520 1264 697 1302 tremulis
727 1275 846 1301 nurus
880 1264 1142 1311 indignantes.
1204 1263 1368 1302 Domini
1396 1262 1546 1314 infiniti
1573 1266 1872 1311 congregantur,
1894 1265 2093 1312 poscentes
2109 1260 2186 1300 sibi

359 1317 513 1368 quisque
529 1329 679 1355 servum
698 1316 951 1366 Eutropium
980 1321 1114 1367 aptum
1133 1316 1350 1356 verberibus
1365 1317 1465 1355 unis.
1522 1316 1628 1355 Nam
1653 1315 1727 1354 etsi
1745 1315 1870 1365 turpis
1887 1319 1969 1364 est,
2002 1319 2039 1354 et
2052 1313 2186 1353 habet

359 1370 526 1410 animum
558 1370 768 1420 turpiorem
786 1371 907 1420 vulta,
926 1369 1046 1418 furor
1063 1370 1282 1417 numerabit
1298 1369 1530 1421 pecuniam;
1556 1368 1785 1422 supplicium
1803 1370 1885 1418 eJ'us
1907 1373 2077 1408 meretur
2095 1366 2190 1410 emi..

1133 1528 1400 1544 ‘'OOOOOOOOO
1411 1528 1426 1541 D

361 1652 515 1693 PetaV.
538 1658 637 1694 tert.
680 1653 869 1701 affectam
883 1653 989 1692 Lov.
1018 1653 1196 1704 defletam
1216 1653 1284 1701 vel
1325 1653 1505 1693 dilectam
1524 1651 1673 1691 Ambr.
1689 1663 1756 1702 pr.
1801 1650 1940 1702 linquit
1957 1650 2042 1690 duo
2063 1649 2187 1692 Med..

358 1706 441 1744 inc.
462 1706 613 1746 Heius.
659 1708 775 1758 liquit
808 1708 928 1746 Med.
950 1719 1035 1746 sec.
1055 1708 1216 1746 Thuan.
1236 1707 1506 1748 Bonon.-25
1539 1705 1810 1754 Caniciemque
1828 1717 1939 1743 aram
1958 1703 2043 1742 duo
2061 1704 2187 1744 Vatt.

360 1760 469 1807 largo
487 1771 618 1798 raram
639 1760 722 1798 duo
751 1761 868 1799 Med.
891 1760 990 1799 Put.
1013 1760 1169 1798 Petav.
1199 1772 1264 1810 pr.
1294 1759 1394 1797 Pat.
1414 1758 1563 1797 Ambr.
1586 1770 1673 1796 sec.
1694 1758 1852 1795 Moret.
1873 1768 1956 1796 sec.
1975 1757 2081 1796 Lov.
2099 1756 2186 1797 inc.

358 1811 510 1850 Heins-
531 1811 630 1851 Ald,
645 1814 748 1852 Var.
781 1813 864 1853 LL.
885 1825 908 1850 e
929 1825 1064 1863 marg.
1083 1813 1225 1851 Parm.
1252 1817 1298 1850 et
1317 1811 1388 1850 ed.
1408 1810 1539 1850 Antv.
1568 1823 1699 1849 raram
1720 1811 1830 1860 largo
1849 1811 1951 1849 Vat.
1973 1822 2037 1860 pr.
2056 1809 2186 1851 Fam.

357 1864 473 1903 Pric.
506 1865 626 1904 Rott.
663 1865 799 1903 Oisel.
819 1866 962 1904 Vicet.
983 1866 1127 1904 Parm.
1158 1865 1316 1913 Isingr.
1347 1863 1516 1915 Gryph.
1550 1864 1686 1903 Colin.
1718 1863 1899 1913 Raphel.
1926 1863 2078 1912 largam
2095 1875 2191 1904 raro

356 1916 473 1956 Med.
511 1929 597 1956 sec.
637 1918 793 1956 Petav.
829 1929 913 1956 sec.
960 1917 1111 1956 Ambr.
1149 1928 1235 1956 sec·
1252 1916 1422 1955 Thalos.
1463 1917 1566 1955 Exc.
1603 1916 1782 1955 Gevart.
1813 1928 1960 1954 raram
1976 1928 2066 1954 raro
2083 1916 2186 1958 Vat.

357 1974 497 2019 quart.
515 1970 621 2009 Exc.
642 1970 765 2009 Laeti.
812 1971 920 2020 large
945 1983 1077 2009 raram
1095 1970 1196 2009 Vat.
1217 1970 1352 2020 quint.
1399 1969 1508 2018 largo
1532 1981 1664 2007 raram
1689 1969 1758 2007 vel
1793 1980 1883 2010 raro
1903 1969 2057 2018 largam
2077 1970 2187 2021 Reg-

357 2022 442 2061 duo
463 2022 606 2062 Oxon.
627 2035 740 2062 rarus
759 2024 884 2062 Voss.
933 2025 980 2062 de
1000 2025 1157 2074 pulvere
1175 2024 1275 2062 Vat.
1306 2021 1444 2062 Livin.
1473 2024 1521 2061 de
1540 2022 1659 2061 abest
1680 2022 1814 2062 Oisel.
1855 2034 1894 2061 se
1911 2024 2070 2073 puli-ere
2091 2023 2186 2063 Flo-

356 2080 466 2115 rent.
486 2088 541 2115 m.
562 2087 625 2127 pr.
654 2080 735 2114 tam
753 2077 908 2126 pulvere
932 2077 1073 2116 Oxon.
1093 2088 1159 2127 pr.
1179 2076 1266 2124 J'am
1281 2077 1439 2126 pulvere
1458 2081 1543 2116 vet.
1559 2075 1666 2127 Gyr.
1687 2076 1789 2114 Vat.
1813 2075 1862 2114 Li
1895 2076 1952 2115 in.
1975 2076 2096 2116 Leid.
2118 2089 2186 2128 pr.

357 2128 475 2169 Med.
498 2135 596 2168 tert.
637 2132 719 2168 tam
746 2131 811 2167 vel
841 2131 888 2168 de
915 2131 1069 2180 pulvere
1084 2131 1184 2169 Vat.
1218 2142 1280 2178 pr.
1309 2129 1414 2179 Reg.
1440 2129 1526 2182 jam
1547 2130 1614 2169 vel
1656 2134 1740 2169 tum
1765 2129 1847 2179 leg.
1867 2088 2020 2169 istius.
2049 2130 2186 2173 turbat

356 2182 483 2222 Farn.
526 2182 651 2233 carpit
668 2184 733 2221 ve!
762 2182 914 2233 spargit
936 2184 1054 2222 Med.
1076 2195 1160 2222 sec.
1201 2182 1329 2233 carpit
1349 2194 1480 2233 marg.
1501 2182 1657 2234 Isingr.
1696 2184 1791 2221 lavit
1813 2182 1931 2222 Med.
1951 2195 2034 2222 sec.
2049 2189 2095 2223 et
2131 2184 2187 2226 al.

354 2238 459 2274 —27
491 2235 805 2286 Simpliciumque
823 2236 921 2275 Pat.
952 2236 1238 2288 Suppliciisque
1255 2236 1357 2275 Vat.
1394 2236 1530 2286 quint.
1560 2236 1871 2288 Suppliciterque
1892 2238 1960 2275 vel
1987 2236 2187 2288 Simplici-

356 2292 491 2339 terque
507 2288 609 2327 Pnt.
650 2289 867 2332 substratus
883 2289 966 2329 duo
983 2290 1134 2329 Leidd.
1155 2295 1199 2328 et
1219 2291 1372 2328 Petav.
1391 2290 1494 2329 Vat.
1515 2302 1596 2330 sec.
1617 2291 1741 2330 Farn.
1762 2290 1882 2328 Med.
1902 2296 2003 2330 tert.
2023 2291 2191 2336 Thuan.,

359 2341 526 2380 Bonon.
555 2341 652 2380 Pat.
670 2342 831 2381 Moret.
870 2354 954 2382 sec.
989 2344 1072 2382 inc.
1093 2343 1242 2382 Heins.
1263 2343 1371 2382 Exc.
1394 2342 1575 2383 Gevart.
1597 2345 1779 2382 Lucens.
1801 2355 1865 2395 pr.
1887 2342 1955 2383 ed.
1975 2344 2120 2386 Parm.
2139 2350 2185 2387 et

357 2393 501 2433 Vicet.
523 2395 625 2433 Var.
646 2396 733 2434 LL.
748 2395 816 2434 ed.
838 2393 967 2435 Antv.
1005 2396 1224 2436 subtractus
1243 2396 1362 2435 Med.
1384 2408 1469 2436 sec.
1496 2401 1716 2447 prostratus
1734 2398 1801 2436 vel
1831 2396 2049 2437 substratus
2068 2398 2184 2439 Prie.

354 2445 458 2485 Put.
494 2447 635 2486 Oxon.
674 2460 759 2487 sec.
813 2449 992 2488 subsistit
1028 2462 1162 2500 marg.
1201 2449 1466 2500 Isingr.—28
1495 2451 1619 2491 iratus
1636 2452 1737 2490 Var.
1773 2450 1858 2492 LL.
1880 2447 1968 2491 ed.
1998 2450 2186 2492 Antv.—-

354 2503 407 2538 29
437 2499 638 2538 Innumeri
655 2501 760 2539 Exc.
779 2501 904 2541 Laeti.
934 2503 1184 2541 Innumeram
1204 2503 1303 2542 Pat.
1324 2503 1393 2542 ed.
1414 2503 1557 2543 Vicet.
1604 2505 1653 2543 In
1672 2515 1874 2543 numerum
1892 2503 2010 2544 Prie.
2032 2510 2077 2544 et
2098 2510 2189 2550 vet.

357 2551 465 2592 Cod.
487 2558 600 2592 teste
621 2553 818 2603 Heinsio,
838 2554 910 2604 qui
939 2555 1196 2605 ascripserat
1214 2556 1352 2595 locum
1369 2557 1532 2595 Lucani
1558 2557 1653 2596 Lib.
1674 2568 1725 2596 11.
1745 2561 1834 2596 111.
1861 2559 1872 2579 ‘
1888 2557 1940 2597 In
1960 2570 2185 2597 numerum

354 2616 453 2654 pars
489 2617 643 2656 magna
680 2606 821 2657 perit!
862 2611 1037 2657 potentes
1058 2609 1158 2648 Vat.
1193 2612 1369 2659 pr.--30
1413 2609 1609 2658 Mam-ipit
1643 2611 1765 2648 Rott.
1810 2611 1938 2650 vivere
1970 2623 2049 2662 pro
2087 2611 2187 2652 utile

354 2655 506 2698 Ambr.
545 2670 610 2710 pr.
641 2659 794 2698 Sched.
826 2659 939 2700 Gud.
976 2660 1185 2712 principiis
1205 2673 1281 2712 pro
1318 2662 1521 2714 suppliciis
1540 2662 1771 2702 Rott.—31
1787 2664 1901 2716 fidus
1919 2664 2079 2704 Mazar.
2108 2664 2186 2709 emi

356 2710 452 2750 Pal.
481 2711 678 2752 obscurior
706 2713 808 2754 Vat.
840 2716 1012 2766 pre-32
1052 2715 1170 2754 dabat
1187 2715 1290 2754 Vat.
1324 2726 1388 2767 pr.
1411 2715 1507 2756 Pal.
1527 2715 1656 2757 Farn.
1694 2715 1804 2757 dabit
1825 2717 1930 2770 Reg.
1951 2716 2092 2758 oxon.
2114 2729 2183 2770 pr.

1167 2863 1343 2904 NOTAE

352 2978 571 3020 cenderat.
626 2979 714 3020 Alii
744 2982 891 3033 legunt
921 2987 1007 3024 arte
1025 2984 1229 3036 soeminea,
1347 2988 1399 3026 27
1442 2985 1541 3025 Piae
1572 2987 1682 3038 aras]
1764 2987 1875 3028 Aras
1922 2989 2183 3031 Christiano-

352 3042 465 3094 quod
484 3043 675 3083 Eudoxia
702 3045 895 3098 Angusta
930 3049 982 3088 ab
1017 3050 1227 3102 Eutropio
1295 3059 1406 3099 rum,
1441 3048 1496 3087 ad
1515 3061 1618 3101 quas
1651 3049 1850 3102 fugerat‘3
1879 3056 1924 3091 et
1950 3052 2103 3105 quibus
2134 3065 2180 3095 se

351 3103 512 3144 offensa
525 3106 794 3147 Pulcheriam
815 3116 858 3149 et
875 3109 1101 3152 Arcadiam
1122 3113 1228 3154 filio.
1295 3110 1517 3162 indignum
1557 3112 1846 3163 praestiterat3
1891 3124 1987 3155 cum
2024 3127 2075 3155 eo
2106 3117 2180 3156 'ad-

349 3168 411 3207 las
431 3167 474 3207 in
494 3168 588 3208 sinu
620 3183 787 3223 gerens,
814 3180 1048 3226 conquesta
1079 3178 1134 3217 sit
1161 3191 1229 3218 co·
1297 3173 1491 3214 duxisset
1526 3172 1776 3226 Arcadium,
1808 3181 1856 3217 ut
1901 3182 2087 3230 vetaret,
2123 3184 2179 3219 1³¹0

350 3241 440 3269 ram
478 3230 742 3282 Imperatore
780 3235 984 3289 Arcadio,
1016 3239 1069 3279 de
1107 3241 1228 3282 istius
1297 3237 1390 3289 quis
1409 3237 1462 3277 ad
1482 3237 1720 3278 Ecclesiam
1741 3239 2009 3292 0011f¹¹geret·

349 3293 495 3333 miseri
525 3294 823 3348 impudentia3
853 3312 947 3351 quae
984 3301 1067 3352 ipsi
1096 3304 1228 3344 mina·
1348 3302 1401 3340 28
1432 3299 1584 3353 Iratus]
1639 3301 1922 3355 Indignantes
1954 3305 2041 3345 tale
2060 3317 2179 3346 m0n-

351 3356 481 3396 batur
512 3368 604 3396 eam
636 3370 681 3398 se
714 3360 770 3400 ad
798 3373 894 3401 suos
921 3374 1012 3404 esse
1030 3366 1229 3408 reductu·
1294 3367 1445 3404 strum·

354 3419 590 3473 rum‚quod
610 3433 695 3463 non
711 3422 793 3465 nisi
811 3423 918 3466 filias
933 3433 1119 3480 pareret.
1347 3429 1401 3469 32
1430 3426 1519 3479 Ira]
1574 3428 1648 3470 Ira
1683 3428 1800 3471 dabit
1831 3431 2077 3487 pecuniam,
2113 3432 2177 3475 fa-
