2300 3906
313 221 423 276 ⁷08
861 232 960 270 cu.
999 226 1353 271 cunnum
1396 225 1581 266 xxvr.

315 353 583 407 Materies
607 359 786 406 tamen
808 349 941 416 ipsa
957 346 1138 415 juvat,
1165 345 1496 413 solitumque
1520 344 1734 398 timoris
2068 345 2140 398 15

385 438 621 490 Dicturo
645 448 846 501 magna
866 430 1064 483 sedula
1089 432 1247 498 parte
1269 430 1438 483 levat.

316 521 468 575 Nam
489 522 621 574 mihi
643 518 907 573 conciliat
933 522 1116 584 gratas
1141 516 1458 583 impensius
1484 530 1640 566 aures

386 606 495 658 Vel
519 605 771 657 meritum
795 601 944 664 belli,
971 600 1060 654 vel
1086 599 1407 652 Stilichonis
1433 614 1602 650 amor.

317 728 486 779 legimur
517 732 557 767 et
574 728 751 767 videmur
769 726 814 765 in
837 725 932 774 foro
958 724 1099 764 medio.
1160 724 1302 764 Tamen
1329 724 1599 772 argumentum
1629 719 1755 772 ipsum
1784 718 1949 768 adjuvat
1980 729 2073 767 nos,
2103 720 2144 760 et

316 782 435 821 velut
452 781 660 834 ‹fficiosnm
679 780 822 820 minuit
837 790 980 828 magna
1000 790 1054 818 ex
1070 782 1182 830 parte
1199 782 1345 818 metum
1359 779 1579 816 consuetum
1596 774 1699 813 mihi
1717 776 1936 813 cantaturo.
1984 769 2145 811 Etenim
2182 803 2185 808 .

316 834 628 928 Ξιιιιέεζιηὲιέῗὲιὲξέἀο
647 833 751 880 belli,
769 837 838 872 aut
856 831 1116 872 benevolentia
1134 831 1365 872 Stilichonis
1387 834 1506 882 parat
1532 828 1630 868 mihi
1653 826 1915 875 favorabilius
1929 825 2146 874 ,iucundam

1064 990 1211 1008 “OC“
1215 991 1383 1007 ”OOOOO

319 1079 438 1121 Leid.
458 1091 525 1131 pr.
569 1078 735 1128 legimns
748 1077 1072 1129 cmpicanusque
1090 1076 1300 1116 Pae—15
1329 1079 1485 1116 tantum
1511 1087 1590 1127 pro
1613 1078 1743 1114 tamen
1763 1073 1902 1114 oxon.
1921 1083 1987 1123 pr.
2033 1069 2149 1111 timo-

314 1147 395 1174 rem
414 1138 599 1185 quatuor
618 1133 741 1171 Vatt.
761 1132 855 1170 Pal.
872 1132 997 1171 Farn.
1017 1130 1133 1169 Pric.
1149 1130 1269 1170 Rott.
1286 1129 1420 1169 Oisel.
1450 1129 1604 1168 timoris
1618 1133 1705 1167 vet.
1722 1127 1830 1178 Gyr.
1850 1127 1954 1166 Exc.
1970 1126 2150 1165 Lucens.

319 1190 493 1238 p1·.-16
511 1186 628 1235 juvat
643 1190 731 1225 vet.
753 1185 791 1224 G
796 1197 861 1235 yr.
882 1185 988 1224 Exc.
1005 1186 1187 1223 Lucens.
1205 1195 1271 1234 pr.
1292 1183 1405 1232 juvat
1421 1184 1488 1221 vel
1506 1184 1608 1222 levat
1627 1182 1838 1221 Lov.—l7
1857 1180 1946 1228 jam
1959 1179 2061 1218 Vat.
2080 1189 2147 1229 pr.

316 1242 446 1281 Farn.
473 1240 677 1278 concinnat
697 1238 765 1277 vel
785 1239 967 1277 conciliat
989 1237 1110 1277 Med.
1125 1241 1266 1289 quart.
1304 1237 1411 1276 auris
1431 1236 1567 1276 Oisel.
1586 1236 1755 1274 Bonon.
1789 1245 1905 1273 auras
1922 1233 2023 1272 Vat.
2043 1234 2147 1271 tert.

315 1299 423 1335 artes
435 1294 502 1334 vel
514 1304 629 1333 aures
641 1291 761 1332 Med.
775 1294 1026 1343 quarn-18
1038 1290 1130 1330 libri
1141 1301 1220 1341 pro
1235 1289 1329 1329 belli
1341 1295 1526 1342 quatuor
1536 1289 1635 1329 Vat.
1645 1288 1740 1328 Pal.
1749 1288 1876 1327 Fara.
1886 1285 2002 1327 Pric.
2013 1282 2151 1325 Oisel.

1146 1396 1324 1438 NOTAE

317 1499 400 1542 est,
417 1492 530 1546 quod
546 1496 701 1532 statuae
726 1491 849 1531 nobis
868 1495 1027 1531 erectae
1048 1491 1198 1531 titulus
1266 1496 1358 1531 tum
1391 1494 1438 1530 et
1469 1487 1615 1539 facile,
1636 1500 1704 1528 ac
1735 1487 1855 1528 velut
1882 1476 2074 1526 sedulum
2101 1488 2150 1524 et

317 1557 524 1609 gloriosus
544 1556 714 1607 legatur
733 1555 775 1593 in
791 1554 933 1593 medio
952 1552 1059 1594 foro.
1265 1551 1516 1602 officiosum,
1532 1551 1729 1590 timorem
1763 1559 1919 1600 magna
1942 1559 1997 1587 ex
2023 1551 2149 1598 parte

373 1623 421 1660 15
454 1620 694 1669 Solitumque
709 1618 881 1668 timoris]
896 1617 1066 1656 Phrasis
1078 1616 1199 1657 Grae-
1265 1613 1457 1654 discutit.

321 1694 398 1720 ca:
430 1680 473 1719 id
493 1686 576 1728 est,
595 1680 772 1718 timorem
791 1679 962 1718 solitum.
1321 1680 1373 1717 18
1404 1674 1599 1717 Meritum
1616 1674 1725 1726 belli]
1757 1672 2015 1726 Magnitudo
2045 1671 2152 1713 belli

371 1747 423 1783 lo
450 1741 612 1792 Sedula]
639 1742 767 1781 Esset
794 1739 991 1792 profecto
1013 1739 1126 1791 quod
1146 1739 1200 1779 ti·
1267 1739 1429 1790 Getici,
1448 1749 1531 1791 quo
1558 1742 1741 1791 patrato,
1755 1736 1814 1777 de
1832 1736 1939 1777 urbe
1958 1737 2152 1780 Romana

315 1804 584 1855 merem;sed
598 1809 894 1856 argumentum
910 1803 1049 1854 ipsum
1062 1814 1200 1855 prom·
1268 1802 1449 1844 Stilicho
1468 1807 1555 1842 tam
1578 1801 1687 1842 bene
1705 1799 1885 1841 meritus
1903 1805 1983 1840 est.

1101 2165 1366 2242 xxvl.

318 2337 457 2398 CL.
482 2335 981 2397 CLAUDIANI
1007 2333 1136 2395 DE
1159 2309 1457 2395 BELLO
1482 2333 1820 2396 GETICO
1840 2333 2146 2397 LIBER.

975 2505 1495 2547 ARGUMENTUM.

368 2609 586 2650 Strucno
605 2607 815 2647 Getarum
837 2606 990 2657 victor,
1008 2604 1211 2647 defensor
1241 2606 1368 2658 Reip.
1389 2605 1614 2658 gloriosior
1646 2611 1730 2656 est,
1757 2618 1881 2659 quam
1902 2607 1980 2660 >qni
1995 2619 2151 2650 navem

317 2674 437 2727 Argo
455 2674 667 2723 servavit3
696 2685 822 2726 quam
842 2674 914 2726 qui
943 2673 1175 2725 Harpyias,
1192 2679 1381 2724 sege-tem
1400 2678 1623 2724 armatam,
1640 2674 1881 2726 Dracones,
1898 2674 2152 2730 Taurosque

314 2741 551 2794 ignivomos
571 2745 646 2780 aut
660 2739 924 2791 pepulerunt
941 2743 1016 2779 aut
1032 2739 1306 2780 domuerunt.

373 2809 488 2849 Nam
507 2808 578 2847 ille
597 2805 789 2846 restituit
807 2806 1051 2858 imperium,
1071 2807 1206 2857 leges,
1226 2806 1375 2858 vitam,
1393 2806 1521 2857 bona,
1553 2806 1734 2847 Romam
1767 2807 1920 2860 ipsam,
1947 2819 2043 2861 qua».
2065 2807 2151 2848 Ιιοο

315 2874 430 2915 freta
446 2874 678 2925 despectat
696 2877 743 2913 et
760 2873 881 2925 ignes
910 2873 1112 2923 hostium,
1133 2877 1179 2912 et
1207 2872 1330 2914 Jovis
1357 2873 1506 2925 instar,
1524 2872 1639 2925 ipsos
1663 2873 1884 2926 gigantesg
1913 2886 2008 2926 quae
2027 2873 2151 2914 videt

317 2939 480 2980 Getam
510 2940 766 2991 fugientem,
800 2939 1033 2991 captivum,
1063 2938 1305 2978 deserturus
1335 2938 1432 2979 huic
1464 2940 1656 2990 parcitur
1681 2940 1782 2992 quia
1812 2939 2032 2991 decorum,
2050 2939 2154 2992 quia

322 3006 496 3046 vitanda
511 3007 693 3046 hostium
709 3006 971 3057 desperatio,
994 3011 1040 3046 et
1067 3017 1211 3057 pugna
1247 3005 1459 3056 proxima,
1484 3007 1681 3058 exemplo
1716 3007 1832 3046 Curii
1854 3007 2067 3058 Pyrrhum
2080 3004 2152 3046 fn-

319 3071 474 3123 gantis.
522 3071 651 3111 Hunc
669 3071 860 3120 Curium,
879 3072 1004 3110 immo
1025 3077 1072 3112 et
1090 3071 1357 3120 Marcellum,
1377 3076 1422 3111 et
1440 3060 1634 3124 Fabium,
1647 3076 1694 3111 et
1710 3072 1958 3124 Scipionem
1973 3074 2153 3123 superat

317 3137 518 3187 Stilicho,
534 3137 607 3189 qui
623 3136 758 3176 Getas
774 3136 989 3188 Spartaco
1009 3136 1240 3177 ferociores
1261 3135 1413 3175 vincit.

373 3203 505 3256 Cujus
524 3202 658 3243 cladis
678 3202 845 3242 dulcior
862 3205 1080 3255 memoria,
1108 3203 1208 3256 quia
1239 3214 1439 3255 magnum
1467 3202 1723 3255 periculum,
1743 3202 1856 3256 quod
1875 3203 2004 3243 etiam
2023 3214 2150 3256 auge-

318 3269 449 3310 batur
467 3268 597 3319 fama,
618 3269 830 3321 variisque
850 3270 1070 3322 prodigiis.

374 3336 495 3376 Unus
512 3340 608 3376 erat
620 3335 798 3376 Stilicho
811 3335 885 3387 qui
903 3336 1097 3388 erigeret
1114 3335 1413 3389 desperantes,
1429 3339 1476 3377 et
1502 3334 1644 3377 verbis
1669 3340 1715 3377 et
1741 3335 1904 3377 virtute
1931 3334 2155 3392 fugientes

318 3402 546 3455 retineret,
563 3407 610 3444 et
627 3401 683 3443 ad
698 3400 993 3444 defensionem
1007 3402 1235 3444 excitaret.
