2300 3906
737 237 816 275 DE
861 237 938 275 vi.
978 235 1148 276 cons.
1190 238 1423 277 HoNoR.
1883 230 1992 282 813

179 350 330 403 Laus
354 352 433 403 ibi
457 352 608 404 nulla
635 352 866 405 ducum:
906 371 1034 406 nam
1060 355 1346 408 flammeus
1370 357 1543 409 imber
1564 358 1621 409 in
1645 356 1852 409 hostem

179 434 432 487 Decidit:
471 435 617 485 hunc
639 435 801 487 dorso
829 439 1097 506 trepidum
1121 440 1361 493 fumante
1380 441 1590 494 ferebat

174 515 483 569 Ambustus
510 518 731 585 sonipes
754 537 766 571 ε
805 522 892 574 hic
913 523 1223 575 tabescente
1247 525 1462 577 solutus

177 599 428 653 Subsidit
454 601 631 666 galea,
669 604 1071 674 liquefactaque
1095 607 1311 675 fulgure
1337 610 1529 676 cuspis
1893 607 2001 661 345

180 682 439 745 canduit,
465 689 520 736 et
546 687 742 739 subitis
765 690 966 742 fluxere
985 691 1288 759 vaporibus
1312 707 1490 743 enses.

179 767 324 820 Tum
350 772 602 821 contenta
627 773 761 838 polo
786 774 1037 826 mortalis
1064 775 1252 826 nescia
1277 775 1371 827 teli

180 850 380 917 Pugna
403 850 539 903 fuit:
581 852 848 909 Chaldaea
867 874 1028 924 mago
1054 874 1154 910 seu
1180 860 1421 911 carmina
1446 860 1552 911 ritu

181 931 481 987 Armavere
507 937 662 990 Deos
689 956 703 1004 3
744 957 840 993 seu
864 941 1046 1012 (quod
1074 941 1224 1011 reor)
1249 960 1409 995 omne
1434 944 1704 997 Tonantis

185 1017 530 1087 Obsequium
558 1022 736 1075 Marci
759 1043 937 1078 mores
961 1033 1192 1095 potuere
1219 1029 1429 1082 mereri.
1895 1025 2003 1080 350

185 1102 241 1156 N
244 1119 353 1154 unc
380 1120 600 1172 quoque
624 1109 943 1173 praesidium
971 1111 1132 1164 Latio
1158 1128 1266 1164 non
1291 1112 1500 1164 deesset
1524 1111 1770 1181 Olympi,

182 1252 277 1290 tuna
302 1248 494 1309 ’liberavit
534 1248 694 1288 Italiam
730 1251 913 1300 periculis
956 1252 1162 1301 similibus,
1209 1253 1379 1293 Italiam
1429 1253 1714 1293 circumsessam
1757 1254 2005 1304 undequaque

177 1302 332 1364 populis
357 1301 565 1342 barbaris.
624 1302 762 1342 Gloria
789 1304 852 1342 hic
878 1307 985 1344 nulla
1012 1305 1094 1345 fuit
1124 1306 1372 1347 Ductorum:
1398 1308 1539 1346 etenim
1569 1308 1698 1357 pluvia
1724 1307 1842 1355 ignea
1867 1307 2006 1345 cecidit

182 1367 225 1394 m
255 1354 402 1395 hostes.-
434 1368 550 1407 equus
567 1360 726 1395 exustus
755 1358 937 1407 portabat
968 1358 1068 1397 hunc
1101 1358 1282 1398 timidum
1308 1360 1419 1397 dorso
1443 1359 1708 1410 inflammato:
1739 1361 1804 1398 ille
1833 1361 2007 1398 consistit

181 1407 406 1448 debilitatus
454 1409 603 1449 casside
651 1410 838 1460 emollita,
893 1416 932 1450 et
980 1411 1093 1450 hasta
1142 1411 1233 1462 ejus
1282 1410 1493 1462 liquefacta
1533 1411 1703 1460 fulmine
1754 1411 1915 1460 exarsit,
1969 1415 2007 1450 et

178 1461 307 1511 gladii
324 1463 576 1502 dissiluerunt
598 1463 748 1514 pluviis
767 1465 993 1515 repentinis.
1053 1465 1157 1503 Tunc
1175 1469 1369 1504 certamen
1387 1465 1526 1504 extitit
1557 1465 1867 1515 comprehensum
1889 1464 2010 1513 Coelo,

183 1527 322 1566 expers
338 1529 531 1555 armorum
566 1517 843 1556 humanorum.-
870 1529 936 1557 seu
965 1517 1257 1557 incantamenta
1279 1518 1551 1558 Chaldaeorum
1581 1531 1685 1557 more
1704 1518 1852 1567 magico
1869 1517 2010 1556 incita-

183 1573 323 1607 verunt
351 1570 483 1615 Deos,·
509 1581 578 1608 seu
608 1570 735 1620 (quod
767 1570 910 1621 credo)
937 1571 1065 1621 pietas
1083 1572 1215 1610 Marci
1233 1571 1437 1610 Antonini
1457 1572 1582 1610 valuit
1605 1572 1817 1622 promereri
1844 1570 1923 1610 sibi
1942 1570 2011 1609 hoc

185 1633 294 1661 omne
312 1622 477 1674 officium
495 1622 579 1662 Dei
601 1621 870 1678 fulminantis.
927 1624 1043 1663 Nunc
1063 1625 1182 1663 etiam
1200 1625 1392 1664 auxilium
1423 1625 1521 1664 Coeli
1539 1637 1614 1664 non
1632 1628 1842 1675 negaretur
1861 1623 2010 1674 Italioe,

949 1726 1193 1742 OOOOOOOOO
1195 1727 1245 1742 N

190 1794 303 1836 Gud.
331 1795 408 1834 tibi
430 1795 551 1835 Leid.
586 1807 649 1847 pr.
681 1795 848 1835 Tholos.
865 1795 970 1834 Var.
992 1797 1079 1836 LL.
1100 1795 1168 1836 ed.
1200 1794 1332 1835 Antv.
1361 1808 1416 1835 m.
1433 1807 1497 1847 pr.
1515 1794 1602 1844 jam
1616 1795 1717 1836 Jun.
1734 1806 1797 1846 pr.
1825 1795 1868 1834 in
1885 1795 2012 1835 hostes

189 1849 275 1887 duo
295 1849 418 1887 Vatt.
438 1849 541 1888 Put.
563 1849 729 1889 Bonon.
749 1848 835 1888 duo
853 1848 1146 1888 Petam—343
1181 1849 1338 1888 Occidit
1356 1849 1385 1890 J
1391 1861 1458 1888 un.
1488 1861 1552 1899 pr.
1580 1850 1696 1887 deuso
1716 1848 1889 1899 tepidum
1906 1846 2013 1889 Var.

188 1902 278 1941 LL.
297 1901 364 1940 ed.
383 1900 514 1942 Antv.
542 1903 713 1952 crepitus
730 1902 824 1941 Pal.
855 1902 1046 1953 crepitum
1067 1903 1184 1942 Med.
1206 1915 1270 1953 pr.
1300 1902 1505 1953 strepitum
1522 1902 1690 1940 Thuan.
1723 1901 1897 1952 tepidum
1915 1901 2014 1942 Pat.

188 1966 273 1994 sec.
304 1955 461 1993 Moret.
483 1966 549 2005 pr.
578 1956 813 2006 flammante
844 1955 946 1996 Jun.
978 1968 1044 2006 pr.
1076 1958 1160 1994 duo
1185 1956 1325 1995 Oxon.
1345 1956 1428 1994 duo
1462 1954 1610 1994 Leidd.
1628 1954 1812 2001 fumante
1830 1955 1928 1993 Vat.
1949 1966 2013 2005 pr.

187 2011 321 2048 -344
351 2008 394 2046 in
420 2007 635 2047 tabescente
663 2008 799 2047 Oisel.
840 2008 930 2047 hinc
958 2008 1115 2048 Petav.
1150 2010 1372 2048 δρα-345
1416 2007 1591 2047 Subsidit
1622 2007 1736 2046 Pric.
1765 2006 1884 2045 Med.
1916 2012 2014 2047 tert.

188 2061 379 2101 Florent.
413 2074 468 2101 m.
505 2073 574 2112 pr.
607 2061 690 2100 duo
726 2061 880 2101 PetaV.
918 2061 1091 2100 Tholos.
1126 2060 1274 2101 Ambr.
1307 2067 1353 2100 et
1377 2062 1535 2101 Moret.
1566 2072 1651 2099 sec.
1671 2060 1770 2100 Jun.
1791 2071 1854 2110 pr.
1875 2058 2015 2100 Oxon.

190 2126 276 2155 sec.
316 2116 420 2154 Exc.
459 2114 640 2154 Lucens.
690 2126 754 2166 pr.
801 2114 987 2153 Subsedit
1031 2125 1177 2153 omnes
1213 2115 1334 2153 Vatt.
1373 2114 1470 2153 Pal.
1501 2114 1625 2152 Farn.
1663 2113 1797 2152 Oisel.
1839 2112 2018 2151 Succedit

188 2167 308 2208 Med.
359 2175 494 2220 quart.
541 2167 754 2219 liquefacta
789 2167 875 2207 duo
905 2167 1046 2207 Oxou.
1087 2167 1243 2206 vulnere
1276 2167 1369 2206 Pal.
1405 2166 1525 2205 Med.
1556 2176 1620 2217 pr.
1666 2164 1836 2214 fulgura
1873 2166 2015 2205 Oxou.

190 2233 275 2262 sec.
309 2220 481 2270 fulmine
512 2223 609 2262 Pat.
643 2222 699 2261 de
729 2219 900 2269 fulmine
925 2220 1011 2261 vid.
1048 2220 1282 2271 Capitolin.
1313 2233 1352 2271 ρ.
1373 2223 1439 2259 32.
1467 2220 1494 2258 l.
1517 2222 1582 2259 33.
1624 2218 1802 2258 Salmas.
1831 2230 1873 2269 p.
1895 2221 2016 2258 95.-

190 2277 271 2314 346
297 2275 442 2314 subitos
462 2276 613 2316 Petav.
634 2286 720 2314 sec.
749 2274 910 2323 fulxere
929 2275 1031 2314 Vat.
1060 2274 1195 2324 quint.
1231 2274 1344 2323 ignes
1363 2285 1440 2324 pro
1471 2285 1575 2311 enses
1606 2272 1904 2311 'rituam-347
1932 2284 2020 2310 con-

189 2332 302 2380 cepta
322 2329 425 2368 Lov.
445 2333 626 2380 contepta
641 2326 761 2367 Med.
782 2333 883 2367 tert.
912 2330 1129 2377 contempta
1148 2326 1233 2365 inc.
1256 2326 1408 2366 Heius.
1426 2325 1586 2364 Thuan.
1604 2325 1687 2364 duo
1700 2325 1853 2364 Petav.
1873 2324 2020 2365 Ambr.

192 2393 258 2433 pr.
279 2382 437 2421 Moret.
458 2394 544 2421 sec.
576 2382 659 2421 duo
679 2381 822 2420 Oxon.
861 2381 940 2419 solo
974 2379 1074 2420 Jun.
1108 2391 1172 2430 pr.
1204 2378 1345 2417 Oxon.
1378 2390 1466 2417 sec.
1493 2379 1563 2417 leti
1584 2389 1660 2426 pro
1680 2378 1748 2416 teli
1766 2376 1866 2416 Jun.
1900 2389 2020 2427 pr.—

191 2438 271 2474 348
300 2435 368 2474 Ad
391 2436 576 2474 Chaldaea
604 2434 808 2474 Heinsius
841 2432 1124 2483 ascripserat:
1161 2433 1225 2471 De
1239 2431 1435 2470 Chaldoeis
1451 2431 1520 2469 hoc
1535 2431 1648 2480 vulgo
1665 2429 1903 2468 credebatur.
1918 2429 2020 2469 Vid.

195 2488 414 2540 Lamprid.
436 2489 479 2527 in
514 2487 800 2538 Heliogabalo
819 2498 918 2537 pag.
939 2488 1031 2524 104.
1053 2486 1081 2524 l.
1104 2487 1168 2524 14.
1207 2496 1275 2523 ceu
1294 2485 1396 2524 Put.
1430 2484 1581 2523 Petav.
1614 2495 1700 2523 sec.
1735 2483 1896 2522 Moret.
1932 2493 2021 2523 sec.

1025 2577 1197 2619 NOTAE

251 2663 330 2700 342
372 2659 592 2699 Flammeus
623 2658 766 2710 imber]
820 2657 909 2697 Sub
942 2655 1077 2697 Anto·
1143 2661 1350 2697 contenta
1381 2657 1423 2696 in
1458 2654 1724 2706 Coelo,unde
1759 2652 1940 2694 fulmina
1964 2651 2024 2692 vi·

196 2724 297 2764 nino
341 2723 415 2762 illo
465 2722 800 2762 Christianarum
842 2719 1078 2760 cohortium
1145 2720 1271 2760 brata
1289 2726 1388 2760 sunt
1407 2722 1448 2759 in
1470 2720 1649 2772 gratiam
1670 2717 2023 2758 Christianorum.

199 2798 365 2838 preces,
396 2785 553 2825 coactis
573 2790 752 2836 repente
771 2783 969 2833 nubibus,
1004 2782 1078 2821 im·
1197 2786 1276 2822 348
1307 2783 1491 2822 Chaldaea
1524 2781 1657 2832 mago]
1710 2782 1795 2820 Seu
1834 2779 2027 2820 incanta-

200 2850 320 2890 brem
339 2850 383 2888 in
415 2862 528 2899 sum,
566 2847 743 2888 fulmina
769 2847 813 2885 in
841 2846 988 2884 hostes
1006 2857 1077 2883 ex·
1144 2852 1291 2886 menta
1328 2845 1540 2884 chaldaeis
1573 2842 1832 2884 carminibus
1868 2840 2025 2881 similia

200 2923 384 2953 cussere·
438 2911 564 2951 Unde
595 2910 754 2964 legioni
798 2906 1081 2960 κεραυνοβόλῳ,
1147 2913 1368 2949 armarunt
1399 2909 1580 2957 Caelum,
1614 2906 1682 2946 vel
1712 2906 1853 2956 potius
1885 2904 2026 2956 pietas

190 2975 475 3025 sulminatrid,
502 2987 658 3014 nomen
710 2974 954 3024 impositum
1000 2976 1079 3011 est.
1149 2972 1487 3012 Christianorum
1516 2971 1560 3010 id
1593 2968 1766 3009 effecit:
1797 2980 1881 3007 non
1912 2965 2028 3006 enim

205 3039 263 3079 Et
299 3047 513 3091 praeterea
547 3038 709 3077 eaedem
747 3035 1082 3076 Christianorum
1147 3034 1325 3085 magicis
1358 3032 1618 3072 carminibus
1647 3031 1877 3071 tribuenda
1909 3033 2026 3078 sunt,

204 3113 357 3153 preces
399 3101 623 3141 obtinuere
669 3099 856 3150 pluviam
890 3098 944 3136 ad
987 3096 1081 3136 reti·
1151 3109 1246 3149 quae
1265 3096 1409 3136 divino
1427 3095 1633 3134 miraculo
1654 3099 1754 3133 sunt
1769 3098 1962 3144 peracta.

203 3163 379 3204 ciendos
398 3176 494 3203 suos
509 3164 580 3203 siti
600 3174 736 3214 prope
753 3166 944 3200 enectos.
1204 3162 1284 3198 350
1315 3159 1565 3210 Obsequium]
1610 3156 1741 3198 Quasi
1762 3157 1923 3195 Coelum
1954 3152 2028 3192 ob-

262 3227 312 3267 In
343 3227 508 3279 hostem]
562 3226 615 3266 In
648 3225 821 3267 Quados
849 3228 895 3262 et
918 3222 1085 3261 Marco·
1152 3229 1403 3274 sequeretur
1423 3222 1596 3271 sanctis,
1626 3226 1674 3259 ut
1702 3218 1859 3267 Heliae,
1878 3216 2028 3266 Petro,

209 3302 372 3342 marim,
398 3303 504 3343 quos
526 3288 767 3329 Antoninus
787 3284 1047 3338 profligavit.
1153 3290 1198 3324 et
1217 3284 1323 3324 aliis.

265 3356 344 3393 347
364 3355 550 3393 Mortalis
563 3353 692 3392 nescia
704 3352 774 3391 teli
782 3348 938 3401 pugna]
974 3348 1088 3389 Quia
1207 3350 1283 3386 351
1316 3347 1407 3387 Non
1424 3346 1589 3397 deesset]
1617 3342 1833 3384 Auxilium
1854 3339 2029 3380 coeleste

213 3416 427 3469 Coelestis,
445 3421 491 3458 et
508 3429 535 3457 a
563 3417 660 3457 Deo
685 3415 888 3467 immissa,
903 3411 1089 3466 ideoque
1154 3421 1238 3450 non
1257 3409 1428 3450 deesset
1458 3409 1595 3461 nobis,
1612 3407 1649 3448 si
1676 3402 1907 3446 necessitas
1935 3413 2031 3456 pos·
