2300 3906
952 395 1222 456 XXIII.

657 630 829 706 CL.
897 633 1532 707 CLAUDIANI

493 817 607 869 DE
668 818 1090 873 SECUNDO
1146 819 1710 874 CONSULATU

318 991 545 1086 FL.
646 992 1679 1093 STILICHON
1727 993 1890 1090 IS

1003 1184 1077 1238 V.
1125 1185 1190 1239 G.

940 1363 1242 1425 LIBER.

827 1645 1372 1701 PRAEFATIO.

866 1792 989 1833 ARG
996 1793 1165 1833 UMEN
1170 1793 1311 1833 TUM.

233 1881 300 1920 U'r
324 1880 470 1931 Scipio
490 1879 721 1921 Africanus
738 1883 896 1923 amavit
914 1885 1061 1923 Musas
1082 1890 1128 1923 et
1147 1885 1330 1923 Ennium
1358 1884 1527 1924 laudum
1553 1896 1722 1924 suarum
1742 1897 2003 1939 praeconem,

180 1946 240 1987 sic
260 1951 305 1986 et
320 1946 498 1986 Stilicho
518 1952 634 1986 amat
654 1947 947 1989 Claudianum.

177 2102 437 2175 BJAJOR
463 2121 772 2191 ScipiadeS‚
799 2124 958 2176 Italis
983 2125 1077 2192 qui
1107 2124 1260 2176 solus
1288 2124 1358 2175 ab
1386 2123 1495 2175 oris

248 2205 317 2259 In
342 2207 627 2275 proprium
651 2209 815 2260 vertit
840 2208 1055 2260 Punica
1078 2208 1223 2260 bella
1247 2212 1438 2275 caput,

174 2289 307 2343 Non
331 2292 449 2343 sine
475 2292 676 2344 Pieriis
701 2293 950 2343 exercuit
975 2292 1185 2344 artibus
1214 2306 1366 2343 arma
1388 2307 1401 2341 t

247 2374 475 2442 Semper
498 2380 618 2428 erat
640 2379 830 2427 vatum
851 2376 1100 2426 maxima
1124 2391 1257 2428 cura
1284 2373 1434 2425 duci.

228 2494 362 2545 Scipio
383 2496 529 2546 Major,
558 2498 624 2547 qui
642 2510 693 2536 ex
699 2498 853 2550 finibus
872 2499 1004 2537 Itatioe
1023 2510 1122 2537 unus
1148 2496 1338 2535 convertit
1367 2495 1410 2534 in
1442 2497 1559 2545 caput
1578 2505 1687 2533 suum
1706 2493 1806 2534 bella
1827 2495 1997 2536 Cartha·

170 2547 380 2599 giniensia,
401 2561 475 2587 non
492 2552 679 2589 tractavit
697 2563 808 2589 arma
826 2552 907 2589 sine
925 2551 1071 2590 studiis
1090 2549 1238 2589 Pieriis
1251 2562 1264 2588 .·
1291 2547 1553 2588 benevolentia
1564 2548 1778 2597 singularis
1795 2549 1839 2587 ’m
1853 2548 2000 2589 Po‘e'tos

936 2638 1229 2654 0000000000

227 2691 279 2729 In
301 2691 404 2731 vat.
426 2705 488 2743 pr.
509 2693 663 2732 Petav.
694 2706 777 2734 sec.
805 2698 848 2733 et
867 2695 973 2733 Exc.
1001 2694 1177 2732 Lucens.
1198 2704 1262 2742 pr.
1285 2696 1465 2731 vocatur
1485 2691 1614 2731 Liber
1643 2692 1794 2732 tertius
1827 2695 1874 2732 de
1894 2694 1997 2732 Con-

171 2745 302 2783 sulatu
321 2746 387 2784 vel
407 2746 606 2785 Laudibus
625 2746 842 2785 Stiliconis.
899 2746 951 2785 In
972 2746 1136 2797 Gryph.
1153 2745 1219 2785 ed.
1240 2748 1355 2785 1548.
1376 2745 1606 2796 ascriptum
1627 2750 1738 2794 erat,
1766 2747 1850 2785 Hic
1870 2747 1998 2785 Pane·

166 2797 332 2847 gyricus
349 2801 585 2849 separandus
603 2799 756 2839 videtur
773 2811 797 2838 α
815 2799 1078 2850 superioribus
1096 2799 1254 2837 duobus.
1297 2798 1415 2848 item,
1449 2797 1597 2848 Incipit
1615 2798 1733 2837 Liber
1750 2799 1797 2837 de
1816 2798 1998 2838 Adventu

174 2849 379 2889 Stiliconis
395 2852 437 2890 in
462 2851 618 2890 Urbem.
648 2865 701 2892 ex
720 2852 858 2892 veteri
877 2852 983 2892 Cod.
1003 2858 1051 2891 ut
1074 2851 1258 2901 videtur,
1291 2862 1416 2901 quem
1441 2850 1642 2890 Heinsius
1677 2851 1891 2890 nominare
1925 2862 1996 2890 ne-

171 2903 321 2953 glexit.
337 2904 405 2943 hic
426 2910 567 2944 tamen
587 2911 828 2956 notaverat,
839 2905 881 2944 in
898 2906 997 2945 Vat.
1018 2917 1083 2956 pr.
1105 2911 1200 2956 post
1216 2903 1504 2943 Praefationes
1525 2904 1684 2943 nullam
1704 2904 1804 2943 addi
1820 2904 1998 2955 inscrip-

177 2956 352 2996 tionem.

225 3012 245 3048 1
275 3011 414 3049 ductus
428 3009 475 3049 ab
490 3010 570 3050 oris
588 3010 739 3063 Isingr.
770 3010 894 3050 hortis
924 3009 1042 3050 Med.
1072 3013 1240 3049 sem—3
1270 3009 1356 3049 Nec
1374 3009 1578 3049 Pric.—-4
1606 3009 1710 3047 vatis
1739 3009 1842 3048 Put.
1872 3008 1997 3048 virtus

997 3103 1172 3144 NOTAE

224 3181 287 3222 De
307 3182 500 3235 Secundo]
527 3184 732 3223 Nonnulli
748 3184 926 3235 primum
946 3197 1045 3224 con·
1170 3186 1195 3222 2
1224 3181 1273 3222 In
1291 3180 1426 3232 caput]
1453 3181 1505 3220 In
1521 3192 1615 3221 sese
1631 3180 1846 3221 convertit
1862 3185 1993 3220 totam

172 3243 353 3284 tendunt
370 3257 464 3286 esse
489 3246 734 3286 Stilichonis
755 3247 1046 3297 Consulatum,
1116 3244 1219 3284 belli
1241 3244 1392 3283 Punici
1411 3244 1579 3283 molem.

172 3315 258 3343 non
305 3308 578 3359 secuudum„
595 3320 722 3360 quem
768 3309 1047 3361 quadriennio
1168 3310 1192 3346 3
1221 3305 1552 3356 Pierii-sartione]
1578 3305 1739 3345 Studiis
1755 3305 1991 3352 Musarum,

174 3371 270 3416 post
289 3365 398 3407 hunc
417 3370 562 3422 gessit,
574 3381 635 3410 ‘ex
650 3371 865 3412 Claverio.
1114 3382 1209 3424 quae
1243 3369 1401 3411 Pieriae
1434 3374 1481 3410 et
1508 3367 1703 3408 Pierides
1736 3367 1934 3406 dicuntur
1965 3377 1990 3405 a
